2036 3495
472 93 672 139 INDEX
728 97 968 135 RERUM
1018 96 1055 134 <tr
1106 90 1498 138 VERBOR‘UNL

140 196 286 228 ditoribus.
307 203 360 231 30,
380 194 443 230 448.
465 193 523 230 seq.
565 191 675 221 testato·
708 189 833 218 Pecunia
851 197 903 225 pro
919 197 948 217 re
965 187 1025 216 data
1041 187 1215 216 contrahitur
1230 196 1284 216 cm-
1314 192 1441 228 Pignoris
1459 191 1588 221 remiffio,
1623 190 1680 220 vid.
1697 188 1806 221 Pactum
1821 185 1885 221 [aci.

137 240 175 268 1is
201 234 314 270 quando
337 232 421 270 prosit
443 237 490 260 aut
516 237 615 259 noceat
636 228 678 256 fu-

138 279 202 306 'turo
217 272 325 301 heredi.
346 278 409 305 451.
438 269 486 298 filii
508 269 536 296 in
558 267 677 304 potesta-

138 323 166 344 te
188 311 271 349 patris
300 308 466 341 existentis,
495 303 562 335 item
593 303 675 337 servi,

139 349 267 390 prodesse
295 345 385 384 potest
406 345 499 382 patri,
534 344 561 372 &
589 342 678 371 domi-

138 398 178 418 no
195 410 203 422 ,
240 394 297 415 non
320 392 432 412 nocere.
465 382 529 411 ibid.
575 381 675 418 patris,

138 428 199 456 filio
229 425 255 452 in
283 422 420 459 potestate
442 419 569 448 existenti
605 418 677 456 paci.-

139 465 258 496 secutis,
292 467 384 495 neque
405 458 490 494 patri3
513 465 603 493 neque
618 456 676 484 lilio

137 500 250 540 prodest
291 498 326 525 ad
366 495 562 532 exceptionem
595 494 675 531 pacti.

620 539 674 566 452

100 579 180 608 Pacta
196 585 231 606 an
250 572 354 611 prosint
373 570 498 608 personis
522 570 674 605 conjunctis

136 624 196 645 non
215 611 394 642 existentibus
419 609 446 637 in
470 608 607 645 potestate
629 616 675 643 pa.

137 645 309 681 ciscentium.
522 645 585 674 ibid.
601 645 675 680 seqq.

98 693 225 722 PaRurn,
246 695 303 724 quo
318 685 379 722 quis
394 684 442 712 fibi
456 683 531 720 prius
546 684 675 711 directam

134 729 270 757 affiouem
296 722 467 759 adquisivit,
491 722 574 749 etiam
597 721 676 749 alteri

136 763 264 803 prodesse
278 761 369 799 potest
383 769 398 789 e
409 759 673 822 Conssittttionil}us.

538 805 601 832 455·
630 805 674 832 eq-

97 842 175 872 Pacta
190 845 336 870 tutorum,
359 841 532 869 curatorum,
555 836 581 862 &
604 834 675 862 asto-

139 887 199 908 rum
225 876 395 911 municipum
419 873 534 910 prosunt
556 872 603 906 iis,
626 872 674 907 qui

136 918 163 946 in
181 915 284 948 tutela,
305 919 351 941 aut
369 919 434 940 cura
448 911 526 946 sunt,
547 910 573 938 &
588 910 673 938 muni·

138 954 217 991 cipiis
230 961 287 981 non
304 956 416 979 nocent.
621 952 676 982 456

99 994 179 1023 Pasta
205 992 440 1028 procuratorum,
481 986 530 1024 qui
562 984 608 1014 vel
643 984 677 1013 ad

135 1036 242 1068 partem
277 1026 405 1062 negotii,
447 1025 492 1053 vel
526 1023 559 1051 ad
593 1030 677 1051 omne

138 1066 286 1104 negotium
308 1065 427 1097 dantur,
455 1068 591 1099 quatenus
612 1068 676 1096 pro-

137 1106 211 1139 sint,
243 1109 291 1132 aut
317 1100 408 1131 obsint
442 1100 569 1128 domino.
599 1097 670 1163 sibid.

611 1144 675 1171 eqq.

102 1181 216 1211 Paetum
256 1176 393 1207 debitoris
422 1174 579 1210 principalis
613 1181 675 1209 pro-

139 1218 197 1246 dest
216 1215 380 1250 fidejussori,
404 1213 516 1249 quoties
538 1211 677 1244 fidejussor

139 1255 289 1292 regressum
305 1251 435 1281 adversus
452 1249 607 1279 debitorem
630 1248 676 1275 ha-

139 1296 198 1322 bet.
619 1293 675 1319 459

101 1332 185 1362 Paeto
203 1329 350 1359 debitoris,
373 1325 450 1361 quod
470 1323 599 1361 prodesse
622 1332 676 1351 coe-

139 1373 218 1406 perat
238 1365 404 1401 fidejtrffori;
432 1362 574 1392 contrario
595 1362 675 1398 pasto

140 1405 275 1435 debitoris
324 1403 430 1431 sublato
451 1423 457 1434 ‚
500 1408 533 1427 an
574 1399 676 1427 utilitas

139 1443 240 1481 prioris
258 1442 328 1479 patiti
344 1438 492 1474 fidejuffori
513 1437 616 1466 sublata
636 1435 675 1464 sit.

622 1477 678 1509 460

102 1522 183 1550 Parta
217 1517 405 1551 fidejussorum
449 1519 586 1549 quatenus
627 1519 676 1539 reo

140 1555 311 1595 principali,
346 1553 392 1582 vel
421 1550 677 1585 conlidejufforibus

143 1594 255 1632 prosint.
614 1586 678 1629 ibidz

105 1633 216 1664 Pastum
252 1630 333 1658 unius
371 1636 386 1656 e
424 1626 528 1654 correis
559 1623 680 1653 debendi

145 1668 260 1706 quando
279 1666 364 1704 profit
384 1664 473 1693 alteri.
493 1667 558 1698 461.
600 1663 680 1690 unius

144 1717 160 1737 e
184 1707 293 1735 duobus
318 1702 479 1739 argentariis
501 1708 548 1729 aut
573 1700 681 1728 duobus

144 1744 252 1775 correis
268 1740 415 1779 stipulandi
431 1748 463 1768 an
479 1738 558 1767 alteri
570 1743 681 1803 ηοεῗτιὲ.

618 1784 626 1803 z
645 1785 652 1803 z
675 1795 681 1802 .

106 1822 202 1854 Pacta.
239 1827 292 1856 pro
317 1815 524 1849 instrumentis,
557 1822 618 1850 quae
646 1812 681 1840 de

145 1857 228 1895 paffis
246 1855 439 1885 conficiuntur.
627 1857 683 1884 419

105 1897 238 1927 Palilibus
259 1894 380 1931 pastores
396 1891 520 1920 ardentia
535 1889 682 1919 stramenta

144 1932 340 1963 tranfiliebant.
361 1962 364 1964 ,
627 1933 678 1966 125

105 1971 282 2001 Pancratium
297 1966 373 2004 quid.
398 1998 399 2001 Ἴ
628 1966 680 1993 126

104 2008 250 2047 Papiniani
264 2006 420 2036 retrastatio
437 2003 585 2033 sententiae.
624 2010 680 2037 422

103 2048 200 2077 Par-ies
214 2053 315 2074 coecus.
627 2042 681 2074 346

104 2086 244 2115 Parietum
260 2082 384 2112 testona.
618 2077 681 2106 ibid.

105 2121 251 2154 Parricidii
273 2130 354 2158 poena
375 2126 452 2147 more
476 2117 612 2151 majorum
626 2114 682 2143 cul·

147 2161 215 2188 leus.
230 2168 274 2187 20.
294 2166 375 2195 poena
392 2166 425 2184 ex
445 2156 520 2190 Lege
535 2153 682 2186 Cornelia,

146 2195 305 2232 Pompeias,
340 2196 366 2222 ἃ.
396 2192 603 2221 Constitutione
627 2191 682 2219 Ha-

149 2234 245 2263 driani.
256 2234 317 2261 ibid.
328 2232 381 2265 seq.
404 2230 555 2266 appellatio
572 2228 605 2256 ad
615 2236 683 2264 quas

147 2272 278 2309 personas
294 2270 437 2305 pertineat.
459 2275 503 2295 21.
531 2275 611 2303 poena
635 2267 683 2294 ob-

148 2310 236 2342 tinet,‘
258 2309 305 2336 ubi
322 2308 414 2335 locum
437 2306 520 2332 habet
543 2304 683 2341 parricidii

149 2347 309 2384 appellatio.
621 2342 682 2369 ibid.

109 2383 175 2415 Pars
190 2384 251 2417 rei,
273 2392 324 2419 pro
343 2392 395 2415 eo,
416 2380 492 2418 quod
513 2379 616 2414 fimile‚
638 2379 682 2406 vel

151 2424 216 2451 loco
231 2423 289 2457 ejus
300 2422 346 2449 est.
631 2424 683 2451 325

112 2462 210 2490 Partus
238 2459 362 2488 nondum
386 2457 494 2489 editus,
517 2461 563 2483 aut
587 2462 683 2482 recens

146 2503 247 2529 natus,
268 2505 325 2525 non
347 2497 500 2523 habebatur
515 2493 619 2525 homo,
635 2492 684 2520 nisi

147 2535 264 2565 nutricis
282 2543 367 2570 opera
384 2531 582 2561 intervenisset.
613 2534 682 2571 4665

544 2572 613 2602 476.
629 2574 685 2602 479

110 2610 207 2639 Partus
222 2609 334 2637 ancillae.
358 2609 415 2636 vid.
425 2607 611 2635 Ususfruetus.

112 2647 193 2676 Pater
218 2646 300 2674 filiam
330 2645 374 2672 sua
401 2645 545 2672 voluntate
571 2641 685 2679 nuptam

151 2684 245 2719 rigore
268 2683 340 2719 Juris
363 2681 501 2709 abducere
523 2703 530 2714 ,
567 2681 611 2708 vel
640 2689 686 2708 ex-

150 2719 241 2748 hiberi
262 2719 415 2747 'desiderare
443 2719 532 2754 potest
546 2740 552 2751 ,
588 2718 633 2746 sed
655 2726 684 2744 u-

153 2758 182 2786 su
209 2757 289 2785 aliter
321 2756 464 2787 obtinuit,

153 2804 181 2825 te
204 2793 410 2822 Constitutione
438 2793 474 2820 D.
495 2792 593 2820 Marci.
616 2800 686 2826 343,

634 2837 688 2864 402

114 2870 292 2904 Patibulum,
312 2877 364 2905 pro
381 2875 473 2895 cruce.
653 2870 687 2900 65

116 2910 278 2939 Pavimenta
295 2913 430 2934 veterum.
637 2911 690 2937 349

116 2949 234 2977 Peccata
247 2945 341 2973 omnia
357 2942 432 2979 parIa
448 2941 690 3004 faciebantStosicI.

146 3010 148 3013 .
581 2983 617 3013 46
646 2986 691 3013 eq.

114 3024 301 3054 Peccatores,
322 3028 372 3056 pro
389 3017 495 3055 populo
514 3018 540 3045 in
563 3017 690 3080 Euangg-

154 3061 203 3088 lio.
639 3061 649 3080 1
676 3060 692 3085 9

116 3097 223 3130 Peculii
247 3096 333 3123 libera
353 3093 590 3122 administratione
621 3091 691 3118 filio-

155 3134 272 3163 familias
287 3140 333 3161 aut
352 3133 430 3160 servo
446 3129 583 3166 permissa,
607 3136 692 3164 quan-

156 3179 216 3200 tum
238 3172 283 3199 tub
300 3172 351 3198 hac
365 3169 553 3206 appellatione
573 3174 689 3196 conces·

153 3209 210 3237 sum
229 3209 405 3246 intelligatur.
634 3210 690 3238 459

153 3246 222 3276 Tom.
242 3246 265 3276 Ι.

500 2756 687 2783 intervenien-
716 2768 717 2771 =

745 227 786 255 tio
802 225 928 255 venditio
946 248 954 260 ‚
976 226 1024 255 nifi
1045 226 1181 260 ejusmodi
1201 234 1283 261 prcu-

743 266 788 292 nia
805 265 850 297 sit,
872 273 932 300 quae
948 265 1046 292 mercis
1070 264 1134 292 loco
1151 264 1282 297 iiabktlss'‚

745 310 774 331 nt
790 302 946 339 pnegrina.
966 305 1011 331 62.
1031 301 1084 337 seq.
1108 301 1155 329 etii
1172 302 1284 330 necesti-

745 343 808 369 tatis
829 340 906 368 causa
927 340 1042 368 inventa
1062 339 1100 366 est
1124 339 1156 366 ad
1181 339 1285 367 evitan-

744 378 806 406 dam
830 377 1039 406 aellitnatiouum
1067 376 1257 405 difficultatem
1275 396 1283 410 ‚

743 423 833 445 tamen
852 417 935 443 ctiam
950 415 984 443 ad
1005 416 1089 443 alium
1104 415 1179 442 usum
1197 420 1282 442 trans-

743 454 808 483 ferri
826 453 924 488 potest.
1152 455 1211 480 160.
1225 452 1278 487 seq.

705 492 793 520 Pecus
827 491 853 518 in
886 492 962 527 Lege
994 490 1106 527 Aquilia
1134 489 1281 526 quomodo

741 528 901 563 accipi-itur.
1155 527 1280 561 1'19.scq.

704 568 818 596 Pecoris
856 566 1032 596 ususfructus.
1072 564 1129 593 vid.
1154 564 1279 593 Ususfru-

742 607 808 634 stus.

704 643 848 671 Pedanius
864 641 957 675 judex.
981 641 1036 669 vid.
1054 640 1153 676 Judex,

706 680 852 709 Pensiones
868 688 928 715 quae
942 679 1075 707 dicantur.
1227 684 1278 712 152

703 718 867 748 Penfionum
877 716 1084 745 inferendarum
1094 722 1209 752 tempuS.
1223 716 1278 742 vid.

742 755 880 784 Kalendae.

705 793 739 821 de
757 792 953 821 Perduellioue
968 791 1125 820 transactio.
1143 791 1283 818 v.Trans-

741 831 821 860 afflo.

704 867 909 897 Peremtoriurn
943 865 1080 894 Edistum.
1124 864 1180 892 vid.
1216 864 1280 893 Edi·

744 907 825 934 (stum.

706 953 721 972 e
741 942 950 972 Permutatione
964 940 1081 968 nascitur
1097 940 1234 975 obligatio
1245 939 1278 966 ad

745 980 908 1010 tradendum
921 999 930 1013 ‚
951 987 1007 1006 non
1026 979 1059 1005 ad
1077 977 1196 1006 dandum
1208 999 1214 1011 ‚
1232 977 1278 1004 nist

743 1019 770 1048 id
787 1019 872 1046 actum
889 1017 927 1045 stt.
1242 1018 1277 1044 62

704 1055 936 1086 PermutationiS,
958 1053 982 1081 δι
999 1053 1128 1081 emtionis
1143 1051 1279 1081 venditio-

742 1095 784 1123 nis
805 1091 972 1120 differentia.
1244 1093 1279 1123 63

707 1141 723 1160 e
741 1130 950 1160 Permutatione
966 1128 1094 1164 quando,
1117 1128 1142 1155 t&
1158 1128 1195 1155 ob
1212 1135 1278 1162 quas

741 1169 833 1196 causas
850 1167 929 1194 detur
954 1166 1096 1194 condictio
1119 1167 1156 1193 ob
1172 1165 1279 1193 causam

741 1206 814 1239 dati,
830 1204 943 1241 quando
959 1204 1029 1231 actio
1046 1203 1204 1240 praescriptis
1219 1211 1278 1230 ver-

742 1243 793 1271 bis.
1163 1244 1206 1274 63.
1223 1240 1277 1277 seq.

702 1280 879 1314 persecutio,
914 1287 966 1316 pro
992 1279 1054 1313 jure
1086 1278 1279 1316 persequendi.

735 1332 739 1336 '
1225 1324 1281 1351 430

705 1356 886 1385 Perseverate
905 1353 982 1390 quid.
1226 1363 1280 1389 240

704 1394 885 1423 Personarum
902 1392 1000 1420 divisso
1015 1393 1040 1419 in
1054 1392 1118 1427 Jure
1135 1391 1221 1419 modo
1232 1393 1280 1419 du-

742 1432 805 1468 plex
818 1452 827 1465 .,
842 1430 928 1458 modo
946 1431 1056 1465 triplex.
1244 1438 1279 1457 22

705 1467 888 1498 Persualionis
915 1467 1012 1495 colore
1036 1467 1156 1502 quccdam
1181 1474 1279 1495 contra

742 1509 784 1542 jus
800 1506 917 1534 ilristum
932 1505 1052 1532 indufta.
1149 1513 1210 1539 342.
1224 1505 1277 1540 seq.

706 1545 916 1579 Pitilanthropia
931 1543 1006 1578 quid.
1170 1551 1199 1576 13
1211 1566 1216 1575 ,
1229 1550 1281 1576 314

707 1582 845 1620 Philippei
869 1581 975 1608 nummi
998 1581 1081 1607 etiam
1101 1579 1134 1607 de
1153 1580 1211 1613 his,
1234 1581 1281 1616 qui

744 1622 863 1649 altorum
880 1618 1038 1655 Principum
1049 1618 1138 1645 vultus
1150 1618 1283 1646 rtfcrunt.

1232 1663 1284 1690 253

709 1696 853 1726 Piaculum
870 1693 945 1733 quid.
1230 1696 1285 1728 476

709 1735 854 1772 Pignorls,
892 1732 1023 1765 fiduciae,
1058 1731 1082 1760 δε
1116 1731 1285 1767 hypothecae

748 1772 904 1800 discrimen.
1150 1777 1283 1803 272,2ῃ

710 1811 783 1839 inter
804 1810 924 1845 Pignus,
950 1807 975 1835 δι
999 1806 1186 1843 hypothecam
1210 1808 1284 1835 nulla

747 1848 786 1876 est
799 1847 972 1880 differentia,
994 1845 1070 1882 quod
1090 1844 1123 1872 ad
1145 1845 1284 1873 actionem

748 1885 988 1922 hypothecariam.
1149 1890 1217 1917 274,
1229 1891 1284 1918 429

708 1924 809 1960 Pignus
839 1923 879 1950 rei
908 1923 1003 1951 alienae
1028 1930 1062 1949 an
1079 1942 1085 1954 ‚
1119 1920 1144 1948 &
1168 1921 1282 1956 quando

746 1961 935 1994 convalescat,
965 1959 982 1987 fi
1007 1959 1117 1988 debitor
1148 1959 1205 1992 ejus
1231 1958 1280 1986 do-

744 2000 836 2027 minus
863 1999 946 2027 faetus
974 1997 1005 2024 fit
1024 2020 1032 2032 ,
1067 1997 1092 2024 δι
1126 2004 1186 2032 quae
1213 1996 1283 2024 ac‘tio

747 2035 877 2064 creditori
901 2037 981 2064 detur
1003 2036 1036 2063 ad
1067 2034 1094 2062 id
1121 2033 1286 2070 persequen-

714 2088 717 2090 ·
748 2075 823 2102 dum.
845 2077 907 2109 31‘0-
934 2073 988 2109 seq.
1028 2073 1045 2101 st
1068 2073 1215 2109 ignorante
1237 2072 1286 2098 do-

748 2113 825 2140 mino
848 2113 941 2141 datum
959 2111 989 2138 stt
1005 2133 1012 2144 ‚
1040 2111 1066 2139 ὅ(
1087 2111 1217 2139 dominus
1239 2109 1286 2136 he-

747 2159 790 2178 res
812 2150 907 2179 existat
928 2149 1075 2183 debitori,
1103 2146 1234 2176 creditori
1259 2154 1287 2172 u-

751 2188 805 2216 tilis
831 2187 1006 2224 pigneratitia
1029 2186 1169 2214 contraria
1186 2207 1193 2218 ,
1229 2192 1286 2211 non

750 2226 826 2254 utilis
859 2225 1059 2262 hypothecaria
1088 2224 1160 2251 attio
1197 2223 1284 2251 datur.

1154 2269 1215 2294 312.
1230 2260 1288 2295 seq,

711 2301 826 2338 Pignori
848 2310 905 2337 quo
933 2302 1034 2331 effet‘tu
1057 2299 1113 2328 dari
1136 2299 1218 2335 poffit
1243 2306 1285 2325 res

749 2341 845 2367 aliena.
1010 2337 1135 2373 254-stq·
1158 2336 1284 2371 312.seq.

712 2377 890 2414 PIgnetatitia
916 2378 987 2405 aftio
1019 2377 1110 2403 locum
1141 2374 1224 2402 habet
1248 2375 1285 2401 in-

751 2424 792 2443 ter
820 2415 976 2443 debitorem
995 2434 1003 2446 .
1041 2413 1066 2441 &
1099 2412 1283 2445 creditorem,

750 2453 768 2481 si
790 2460 832 2480 res
855 2453 944 2488 alliena
964 2451 1074 2488 pignori
1099 2451 1161 2479 data
1183 2449 1264 2477 fuerit
1278 2472 1285 2484 ‚

752 2491 776 2519 &
800 2491 857 2525 ejus
885 2491 1000 2518 astionis
1017 2489 1159 2516 discrimen
1180 2489 1213 2515 ab
1237 2487 1285 2522 hy-

750 2529 923 2565 pothecaria.
1008 2535 1069 2561 254.
1081 2526 1135 2562 scq.
1154 2530 1222 2561 311,
1234 2532 1285 2559 313

711 2567 824 2603 Pignori
851 2568 914 2594 data
935 2565 1066 2602 supellex.
1108 2564 1162 2591 vid.
1193 2562 1289 2599 Supel-

750 2606 803 2634 lex.

712 2643 815 2678 Pignus
837 2642 948 2671 tacitum
975 2641 1000 2668 in
1026 2641 1154 2675 investis,
1184 2638 1208 2666 ἃ
1233 2637 1289 2666 illa-

752 2681 786 2707 tis
809 2681 838 2708 in
858 2679 958 2715 praedia
981 2680 1083 2707 urbana
1103 2677 1232 2705 adversus
1255 2678 1289 2704 E-

754 2718 815 2745 dicti
845 2717 879 2744 de
911 2717 994 2753 pastis
1026 2717 1160 2744 rationem
1207 2715 1290 2742 mori-

750 2755 802 2782 bus
827 2756 973 2791 probatum
995 2754 1120 2784 videtur,
1143 2751 1217 2780 forte
1241 2760 1290 2779 oc-

752 2792 860 2821 catione
891 2793 1004 2826 aliquus
1045 2789 1190 2825 Rescripti.
1226 2799 1290 2824 40²·

751 2831 870 2867 primum
910 2836 1015 2858 tantum
1057 2828 1148 2855 locum
1196 2827 1291 2856 habuit

755 2870 782 2896 in
814 2869 892 2896 Urbe
918 2867 1009 2894 Roma
1027 2886 1036 2898 ‚
1071 2867 1184 2901 eJusque
1213 2867 1290 2893 terri-

758 2906 850 2939 torio,
876 2904 977 2932 deinde
1003 2903 1035 2930 ad
1056 2904 1292 2939 Conllantinopo-

757 2943 814 2975 lin,
833 2943 859 2971 &
881 2941 1042 2970 Provincias
1066 2941 1227 2975 productum
1243 2941 1291 2970 est.

758 2981 820 3008 ibid.
849 2988 906 3008 non
936 2979 973 3006 est
996 2979 1024 3006 in
1047 2978 1142 3011 illatis,
1171 2978 1195 3006 ἀ
1217 2980 1292 3007 inve-

758 3018 805 3044 stis
828 3019 855 3045 in
881 3016 1012 3053 praedtum
1044 3015 1192 3050 rusticum,
1230 3026 1290 3053 qua:

757 3061 813 3083 non
841 3056 890 3082 nist
908 3061 958 3090 per
982 3055 1199 3083 conventionem
1221 3051 1292 3083 obli-

755 3100 870 3128 gantur,
912 3100 964 3118 nec
992 3092 1063 3125 alia,
1106 3100 1186 3128 quam
1209 3094 1290 3129 quae,

758 3136 787 3157 ut
805 3130 840 3157 ibi
856 3136 993 3165 perpetuo
1009 3130 1097 3162 sint,a
1115 3130 1223 3158 colonis
1243 3132 1291 3157 do-

757 3168 895 3196 minorum
919 3167 1063 3198 voluntate
1087 3167 1146 3197 sunt
1171 3167 1290 3196 inducta.

1236 3212 1289 3240 403

1174 3244 1252 3280 Yyy
1273 3251 1290 3271 2

1350 237 1416 258 tum.

1313 268 1348 296 de
1385 268 1506 304 Pignore
1543 267 1691 297 alienando
1732 268 1885 296 conventia

1350 314 1412 334 cum
1434 314 1615 342 procuratore
1639 305 1787 335 creditoris
1806 327 1812 338 ,
1841 313 1888 335 aut

1351 344 1429 372 servo
1446 344 1536 371 actore
1553 345 1641 375 faeta3
1663 345 1704 372 vel
1727 353 1741 371 a
1758 352 1889 380 procura-

1350 389 1429 414 tore,
1457 387 1503 409 aut
1528 382 1608 410 servo
1637 381 1772 410 debitoris
1795 382 1885 414 faeta,

1350 427 1430 456 quarn
1448 420 1502 447 vim
1520 421 1626 448 habeat.
1853 427 1882 453 ῑι

1311 456 1346 484 de
1373 457 1494 492 Pignore
1528 466 1584 484 non
1615 457 1740 494 petendo
1768 457 1886 494 paetum.

1347 495 1401 522 viti.
1422 495 1545 531 Hypotht
1558 504 1597 522 ca.

1310 532 1336 559 in
1361 533 1480 566 Pignore
1499 539 1602 560 tantum
1625 533 1703 569 culpa
1728 533 1796 560 levis
1817 540 1885 569 prce-

1348 569 1447 601 statut·,
1470 569 1522 596 {ive
1541 570 1565 596 id
1581 570 1739 604 ariminum,
1761 571 1817 599 sive
1839 571 1888 597 de-

1345 608 1430 635 terius
1446 607 1545 634 factum
1563 607 1601 634 tir.
1728 612 1818 641 9.60,
1830 615 1885 642 279

1308 645 1419 673 Piscina:
1449 645 1474 672 in
1510 645 1599 672 fundis
1629 653 1686 673 non
1716 645 1885 681 distinguun-

1348 691 1391 712 tur
1412 691 1426 709 a
1450 682 1578 715 lacubus,
1612 682 1635 711 ἃ
1657 682 1756 719 stagnis
1779 683 1883 711 clausis.

1829 725 1885 749 260

1310 758 1423 787 Planum
1440 779 1447 791 ‚
1483 757 1508 785 ἃ
1544 757 1578 785 dc
1613 758 1701 786 Plano
1735 759 1887 794 cognosce-

1349 805 1378 824 re
1397 817 1404 828 ,
1451 794 1477 822 ὅ(
1522 795 1645 824 Planaria
1694 796 1884 832 interpellatio

1351 833 1433 898 (guid¹¹
1450 835 1493 867 89.
1514 833 1576 862 add.
1598 833 1743 867 Libellus,
1776 834 1801 862 ἃ
1821 834 1886 862 Tri-

1373 880 1425 898 tilla
1438 890 1444 898 ι

1309 908 1343 935 de
1362 908 1449 935 Plano
1463 930 1470 940 ,
1494 907 1518 936 δι
1541 908 1693 937 summatim
1715 909 1885 946 cognoscere

1345 954 1401 973 non
1419 945 1524 980 semper
1543 946 1614 974 idern
1631 946 1678 974 est.
1819 947 1883 975 ibici.

1308 982 1391 1010 Poena
1409 983 1543 1018 capitalis.
1567 984 1622 1012 vid.
1641 984 1782 1020 Capitalis.

1308 1020 1400 1048 Poenae
1418 1020 1538 1049 servitus.
1561 1021 1615 1050 vid.
1636 1022 1771 1052 Servitus.

1309 1057 1392 1085 Poena
1408 1066 1463 1084 non
1484 1059 1575 1093 potest
1599 1060 1655 1094 peti
1677 1069 1692 1087 e
1717 1063 1797 1096 pasto
1818 1070 1885 1090 con-

1347 1096 1442 1124 tractui
1457 1096 1579 1131 asbesto,
1603 1096 1644 1125 sed
1660 1105 1675 1125 e
1697 1097 1884 1135 stipulatione.

1850 1145 1884 1158 qe·

1307 1170 1398 1199 Poenae
1428 1170 1567 1207 stipulatio
1598 1171 1631 1199 ad
1666 1172 1802 1208 duplum,
1830 1146 1886 1202 1113-

1344 1208 1437 1243 plum,
1454 1209 1505 1236 ἃς.
1527 1207 1696 1237 adscendere
1712 1212 1819 1246 potest,
1834 1213 1884 1241 niti

1345 1245 1411 1281 quid
1432 1245 1479 1274 fiat
1505 1246 1532 1273 in
1558 1245 1683 1274 fraudem
1706 1247 1789 1284 legis,
1823 1258 1885 1285 quae

1346 1283 1437 1311 usuras
1453 1283 1523 1311 ultra
1544 1284 1719 1313 centesimam
1740 1287 1884 1322 prohibet.

1831 1333 1842 1353 1

1309 1358 1489 1388 Pollicitatio.
1511 1358 1567 1388 vid.
1591 1359 1728 1388 Donatio.
1848 1330 1884 1358 93

1308 1406 1323 1424 e
1340 1397 1550 1426 Pollicitatione
1567 1397 1727 1426 civitatibus
1747 1398 1885 1427 debentur

1345 1435 1437 1463 usurae·
1833 1441 1886 1465 2013

1307 1473 1480 1507 Pomponius
1502 1474 1584 1502 etiam
1609 1473 1671 1509 post
1688 1474 1724 1502 D.
1748 1474 1827 1503 Pium
1849 1476 1888 1501 vi-

1351 1509 1431 1538 detur
1449 1510 1553 1538 vixisse.
1831 1514 1886 1541 206

1310 1548 1398 1581 Poni,
1419 1547 1442 1575 ἃ
1468 1548 1573 1584 deponi
1596 1548 1698 1576 dicitur
1720 1548 1835 1585 pignus,
1861 1549 1888 1576 ἃς

1348 1585 1456 1613 fiducia.
1749 1595 1818 1621 272,
1834 1595 1888 1621 277

1314 1622 1443 1652 Poffefflo
1460 1630 1549 1651 utrum
1568 1622 1662 1651 animo
1676 1623 1751 1657 solo,
1773 1633 1807 1652 an
1831 1626 1890 1653 ani-

1352 1668 1399 1688 mo
1417 1660 1441 1686 ὅ(
1462 1668 1599 1695 corpore,
1620 1660 1892 1697 adquireretur,dis-

1352 1697 1490 1726 senserunt
1506 1699 1632 1726 Veteres.
1778 1707 1822 1734 35.
1833 1704 1888 1735 leq.

1313 1735 1506 1769 Porteffionis‚
1527 1743 1587 1770 qua:
1616 1742 1672 1764 non
1697 1735 1745 1763 nifi
1770 1736 1889 1765 naturali

1352 1772 1535 1805 detentione,
1558 1772 1584 1800 δε
1606 1774 1679 1808 ejus,
1703 1782 1763 1809 quae
1787 1774 1846 1802 solo
1862 1782 1891 1802 a·

1351 1812 1427 1840 nimo
1444 1810 1615 1847 adquiritur,
1633 1810 1736 1847 species
1752 1811 1889 1847 quaedams

1408 1879 1411 1882 Δ
1779 1850 1858 1884 37.se
1885 1869 1892 1878 .

1314 1886 1447 1915 Posscsl‘or
1470 1886 1551 1914 bonae
1573 1885 1635 1915 fidei
1661 1894 1723 1915 cum
1744 1885 1830 1916 habet
1848 1859 1892 1923 jii-

1348 1924 1416 1953 stum
1438 1923 1547 1952 titulum
1562 1926 1595 1952 ad
1617 1924 1818 1961 adquirendum
1841 1926 1891 1954 duo

1349 1963 1481 1994 minium,
1510 1969 1603 1998 eoque
1623 1963 1667 1998 jus
1691 1962 1805 1990 colendi
1826 1962 1889 1991 fun-

1351 2001 1433 2032 dum,
1456 2005 1486 2026 ut
1502 1998 1649 2034 dominus,
1662 2007 1715 2028 tam
1732 2000 1890 2033 naturales,

1351 2046 1433 2073 quam
1463 2035 1657 2072 industriales,
1691 2037 1792 2066 fruetus
1825 2037 1890 2067 suos⁴

1351 2076 1425 2104 facit.
1853 2084 1890 2110 39

1315 2112 1422 2145 Potest,
1444 2114 1584 2149 νετῐᾶιιιῃ,4
1605 2112 1743 2141 interdum
1766 2113 1892 2150 supplen-

1355 2150 1420 2178 dum
1436 2151 1484 2179 est.
1627 2155 1678 2185 36,
1690 2159 1818 2186 55,142‚
1835 2154 1888 2186 328

1315 2189 1454 2224 Praecepta
1474 2188 1554 2227 Juris.
1591 2189 1646 2217 vid.
1668 2190 1724 2225 Jus.
1746 2190 1891 2218 mitescen-

1353 2227 1424 2254 tibus
1461 2226 1606 2254 hominum
1645 2226 1770 2254 moribus
1807 2227 1892 2255 inter-

1350 2263 1415 2292 dum
1438 2271 1581 2293 transeunt
1609 2265 1636 2292 in
1665 2264 1786 2300 Regulas
1806 2264 1892 2301 Juris.

1312 2338 1416 2367 Praedia
1434 2339 1598 2376 voluptaria.
1835 2311 1892 2374 ΞΜ,

1313 2376 1482 2405 Praediorum
1497 2379 1555 2410 jura
1566 2376 1704 2412 ‚personis
1719 2384 1811 2405 earum
1829 2376 1893 2405 cau-⁴

1351 2414 1376 2441 sa
1393 2414 1536 2446 concessa,
1561 2422 1649 2442 utrum
1667 2422 1718 2449 pro
1742 2414 1892 2450 obligatio-

1350 2460 1386 2479 ne
1410 2451 1562 2486 personali,
1584 2459 1618 2480 an
1645 2451 1777 2480 servitute
1798 2453 1894 2489 perso-

1352 2490 1406 2517 nali
1421 2489 1582 2517 habeantur.
1875 2494 1890 2520 ὃ

1316 2526 1449 2561 PraeetTe,
1486 2526 1632 2555 Praesidere
1663 2526 1785 2563 iudiciis.
1829 2528 1887 2557 vid.

1355 2564 1525 2592 Adseffores.
1651 2598 1653 2600 q

1317 2601 1463 2630 Praefefftus
1491 2601 1614 2638 Vigiluin
1645 2604 1702 2631 non
1738 2604 1821 2632 habet
1845 2606 1891 2639 J'us

1356 2639 1500 2668 adficiendi
1529 2640 1627 2668 ultimo
1656 2640 1811 2677 supplicio,
1855 2650 1891 2669 ne

1358 2677 1450 2705 servos
1472 2678 1592 2713 quidem.
1615 2680 1658 2713 34}
1676 2679 1732 2715 seq.
1754 2679 1777 2706 ἅ
1794 2679 1893 2707 Ρι·3;ῗε«
1941 2685 1943 2687 ·

1356 2716 1411 2742 etus
1428 2716 1510 2743 Urbis
1528 2715 1594 2752 saepe
1609 2716 1822 2744 confunduntur
1843 2723 1893 2751 per

1356 2761 1478 2780 errorem
1490 2754 1638 2782 Notarum.
1782 2754 1889 2787 134.st·q.

1320 2790 1464 2819 Pr'aefeetus
1479 2791 1574 2820 Urbis.
1601 2793 1658 2821 vid.
1674 2792 1822 2828 Imperium
1836 2794 1894 2817 me³

1358 2837 1426 2856 rum.

1319 2865 1481 2902 Praescriptis
1502 2867 1593 2894 verbis
1614 2867 1693 2894 actio.
1719 2864 1775 2891 vid.
1796 2864 1822 2891 in
1844 2864 1891 2891 Fa-

1358 2905 1427 2931 ctum
1442 2904 1515 2932 attio
1528 2925 1534 2937 ‚
1557 2905 1582 2931 δι
1598 2903 1776 2933 Permutatio.

1321 2941 1449 2970 Ptaetoris
1465 2949 1567 2969 nomen
1577 2941 1668 2969 multis
1683 2938 1891 2975 Magistratibus

1358 2980 1495 3008 tribuitur.
1859 2983 1891 3004 tt

1319 3017 1424 3046 Praetor
1437 3017 1471 3044 de
1486 3017 1584 3052 quibus
1599 3013 1683 3042 causis
1699 3014 1892 3049 cognosceret.

1358 3055 1413 3082 vid.
1432 3053 1609 3090 Cognitionis
1625 3059 1677 3078 res.

1320 3093 1475 3125 Praetoriae,
1505 3092 1529 3118 &
1558 3088 1696 3117 censoriae
1723 3089 1894 3124 cognitionis

1359 3131 1512 3157 discrimen.
1679 3133 1747 3159 300,
1758 3129 1821 3161 430.
1838 3126 1894 3160 seq.

1318 3168 1458 3197 precario
1476 3164 1610 3199 adjestum
1639 3164 1745 3200 paetum
1773 3164 1808 3194 ad
1835 3161 1896 3191 cer&

1362 3212 1420 3234 tum
1472 3210 1580 3239 tempus
1627 3200 1784 3240 poffidendi
1833 3201 1896 3266 iltut-

1847 3245 1894 3268 um
