2036 3495
628 106 972 141 GERARDI
1030 103 1067 138 N

185 114 256 147 266

189 199 319 232 Senatui
338 206 416 230 vero
440 195 500 228 effe
523 196 572 236 jus
592 195 728 235 aliquam
747 201 834 231 rem,
857 200 910 224 aut
926 192 1062 233 aliquam

191 243 375 282 personam,
402 246 554 269 movente
573 235 727 273 utilitate,
752 234 874 276 legibus
901 236 1062 273 eximere,

192 282 246 313 etfi
267 290 331 312 non
349 279 446 310 soleat
465 287 517 309 eas
534 277 654 308 direclo
674 274 910 317 abrogaret-fic
931 284 1063 316 accepe-

192 331 265 354 runt
283 322 415 352 Senatus
428 319 543 357 verba3
560 317 897 359 qualirelpicerentad
913 316 1064 349 effectum

194 363 344 394 inliitutae
376 359 532 391 actionis:
570 359 729 397 arbitrati,
769 358 903 389 dandam
935 359 1065 398 quidem

192 402 381 435 faeneratori
406 401 468 432 effe
500 401 659 432 astionem
689 410 757 431 eam
782 399 952 439 postulanti
974 408 1065 430 certo

189 446 257 483 jure
275 443 379 474 civili:
401 442 450 474 fed
470 442 572 473 datam
592 443 653 474 line
671 451 704 473 re
722 441 784 472 ess'e
801 442 1061 481 relinquendam,

193 493 355 523 tamquam
379 484 533 515 inutilem.
559 484 612 515 Sic
628 484 715 514 dedit
742 483 863 514 Praetor
880 482 1061 513 auctoritati

193 526 344 563 Senatus;
369 532 421 561 ut,
452 524 688 564 {imanisestum
714 523 768 562 sit,
799 530 940 555 mutuam
965 533 1061 563 pecu-

194 568 276 598 niam
296 566 357 597 elle
375 565 577 597 filiofamilias
602 567 706 597 datam
733 573 844 595 contra
860 564 1062 597 voluntatem

194 609 345 646 Senatus,
370 608 507 648 deneget
527 606 715 639 foeneratori
732 606 907 637 actionem:
921 605 1062 646 alioquin

194 651 250 681 det
264 659 336 680 curn
354 648 566 688 exceptione,
587 648 683 679 Extra
701 657 794 687 quam
810 646 829 678 fi
847 648 983 688 pecunia
1000 656 1063 678 mu*

195 700 248 722 tua
272 692 343 722 data
365 690 402 722 fit
426 690 571 721 adversus
596 690 794 721 voluntatem
818 688 961 720 Senatus.
1002 697 1064 728 qua

194 732 360 772 oppofita,
384 730 408 762 is
428 731 471 762 est
489 732 613 762 exitus:
638 739 671 761 ut
688 730 764 761 nibil
793 730 932 768 intersit,
957 737 1062 761 utrum

195 774 279 804 nulla
305 772 340 804 fit
363 773 444 804 aetio
473 772 670 812 petitioque;
694 781 733 802 an
761 779 816 812 per
832 771 1063 812 exceptionem

194 813 370 846 infirmetur
386 814 404 844 l.
426 823 493 844 112.
514 812 556 846 D.
575 815 608 844 cle
625 823 683 854 reg.
696 813 759 854 jar.

240 855 423 886 Proximum
441 855 505 893 est,
530 856 606 895 quid
629 854 763 885 Senatus
781 853 914 885 aetionis
932 853 1061 894 petitio-

194 898 310 936 nisque
340 897 557 936 appellatione
583 896 733 936 delignet.
766 895 954 935 plerumque
980 896 1063 926 aetio

196 938 311 970 dicitur
335 947 403 977 quae
431 938 460 968 in
487 936 673 978 personam,
697 937 814 977 petitio
840 946 911 976 quae
929 936 958 967 in
977 946 1065 975 rem,

195 981 286 1011 datur
303 979 321 1009 l.
344 984 408 1019 178.
427 979 454 1019 §.
470 989 497 1010 2.
524 978 563 1010 D.
580 980 613 1009 de
636 976 834 1021 verbsz‘gnif..
849 979 879 1008 in
898 977 1065 1018 proposito

195 1029 301 1051 autem
318 1021 347 1051 in
369 1028 533 1060 perronam
553 1019 635 1051 aelio
653 1019 715 1058 est,
740 1019 903 1050 conditlio
921 1020 1002 1050 certi
1024 1028 1065 1049 ex

196 1070 331 1101 mutuo,
357 1062 408 1093 vel
435 1071 476 1093 ex
499 1061 666 1102 stipulatu:
690 1061 806 1101 petitio
826 1059 888 1091 sola
906 1059 1065 1100 hypothe-

197 1104 279 1134 caria
297 1126 307 1142 ,
347 1102 480 1144 pignore
504 1105 534 1134 in
564 1103 764 1134 securitatem
791 1101 889 1132 mutui
913 1102 1066 1141 obligato.

195 1154 267 1176 narn
293 1145 333 1176 de
350 1146 393 1175 rei
421 1144 637 1176 vindicatione
659 1153 722 1174 non
741 1143 897 1183 cogitavit
915 1143 1065 1174 Senatus:

196 1187 269 1226 quia
290 1186 434 1217 dominio
448 1195 488 1217 ex
505 1186 592 1217 causa
603 1185 701 1217 mutui
726 1185 756 1215 in
770 1185 949 1215 debitorem
969 1192 1066 1216 trans-

196 1228 262 1259 lato
291 1250 300 1264 ,
337 1228 480 1259 creditor
513 1228 661 1258 dominus
693 1225 756 1257 ess'e
784 1225 873 1256 desiit
891 1234 897 1256 :
928 1225 1068 1266 ideoque

196 1278 261 1300 non
286 1268 382 1300 habet
405 1268 548 1309 pecuniae
577 1266 825 1299 vindicationem
841 1290 851 1306 ,
874 1276 914 1298 ne
931 1266 1068 1298 extantis

197 1309 336 1351 quidem.

239 1350 283 1382 Ut
300 1351 395 1392 igitur
411 1357 542 1391 apparet
554 1373 563 1388 ,
587 1351 763 1390 denegatur
780 1349 968 1381 foeneratori
985 1349 1068 1381 aetio

196 1393 399 1433 petitioque‚
417 1391 538 1424 credita
554 1391 758 1423 filiofamilias
771 1392 922 1431 pecunia:
938 1391 1067 1432 utique,

196 1434 218 1466 fi
239 1433 274 1465 fit
293 1443 349 1474 per
367 1433 519 1464 luxuriam
546 1432 744 1473 consumpta.
768 1433 835 1463 imo
851 1433 902 1464 vel
920 1431 950 1463 in
970 1441 1067 1472 pecu·

197 1474 241 1507 lio
258 1474 362 1505 adhuc
378 1481 523 1505 extante.
547 1472 673 1505 Durum
699 1474 784 1512 hoc3
808 1483 873 1505 non
893 1483 992 1514 nego:
1015 1474 1068 1505 sed

197 1514 354 1557 generalia
372 1515 439 1545 sunt
458 1514 592 1546 Senatus
610 1515 727 1548 verba.
751 1515 802 1546 Ne
827 1514 900 1546 αὲῖἰο
916 1517 1070 1557 peritiaque

197 1558 336 1588 daretur:
361 1556 390 1587 ἅ
407 1555 578 1587 secundum
605 1555 673 1587 haec
699 1555 855 1596 Ulpianus
871 1557 889 1586 l.
906 1566 933 1592 9.
950 1556 977 1598 §.
994 1566 1020 1588 2.
1040 1558 1068 1588 b.

197 1603 218 1628 t.
254 1598 320 1628 Nec
342 1595 457 1637 interest
475 1620 484 1634 ,
514 1597 616 1636 inquit
632 1621 641 1636 ,
674 1599 832 1637 consumpti
849 1596 912 1636 fint
938 1598 1068 1636 nummi,

198 1648 237 1671 an
248 1644 345 1670 extent
362 1639 517 1679 inpeculz'o.
536 1639 577 1669 At
593 1640 677 1670 enim
694 1640 835 1677 iniquum
848 1639 891 1670 est
904 1662 913 1678 ,
931 1639 1068 1679 aliquem

198 1689 272 1711 cum
289 1679 417 1711 alterius
436 1679 546 1720 injuria
562 1679 631 1711 fieri
649 1680 906 1720 locupletiorem.
923 1679 1029 1725 Quid,
1047 1680 1069 1712 fi

196 1721 230 1753 id
245 1720 346 1758 fallit,
371 1721 496 1760 quoties
520 1721 633 1757 alicui,
658 1728 692 1752 ut
715 1720 745 1752 in
774 1721 939 1762 praesenti,
964 1731 1069 1762 poenae

197 1761 287 1794 causa
313 1762 388 1802 quid
411 1762 584 1794 adimitur?
608 1763 659 1794 illa
685 1763 770 1793 enirn
787 1762 909 1803 legibus
934 1763 1069 1802 inflicta,

199 1804 243 1835 ob
253 1812 458 1835 communem
469 1804 661 1842 utilitatem,
680 1804 756 1835 licet
768 1805 918 1836 damnum
936 1804 1071 1844 inferat,

198 1854 264 1877 non
293 1844 481 1886 intelligitur
506 1845 655 1876 damnum
679 1844 808 1877 inferre.
832 1855 868 1876 ac
891 1846 984 1878 valde
1001 1856 1072 1887 pro-

199 1887 358 1923 bandum,
382 1886 470 1927 quod
489 1896 505 1916 a
521 1885 739 1927 Tryphonino
765 1887 967 1919 observatum
984 1889 1002 1919 l.
1020 1897 1071 1929 31.

201 1926 397 1968 D.ciepofiti,
423 1937 495 1959 cum
512 1928 552 1958 de
577 1929 728 1967 :equitate
744 1928 913 1968 quaeritur,
937 1931 1072 1962 multum

199 1969 321 2001 referre
333 1994 342 2007 ,
367 1969 535 2010 quomodo
553 1969 745 2007 aestimetur;
770 1978 874 2001 utrum
894 1971 931 2002 ad
946 1981 1069 2003 merum

196 2012 243 2051 jus
260 2012 421 2051 gentium,
439 2020 476 2041 an
495 2011 592 2051 magis
604 2019 674 2042 cum
693 2011 860 2051 praeceptis
877 2013 1024 2046 civilibus
1040 2014 1070 2045 δί

200 2053 374 2084 Praztoriis.
400 2062 470 2084 nam
489 2054 528 2083 ad
551 2061 672 2083 merum
686 2053 734 2092 jus
757 2053 900 2093 gentium
918 2063 985 2086 eam
1004 2056 1069 2086 exi·

200 2094 349 2134 gentibus
369 2118 379 2132 ,
412 2094 523 2134 procul
550 2093 647 2125 dubio
673 2094 862 2125 restituenda
885 2094 1075 2128 foeneratori

201 2135 261 2166 erit
277 2137 412 2175 pecunia
430 2144 557 2166 extans:
583 2135 634 2167 sed
651 2135 670 2166 si
684 2136 732 2175 jus
756 2136 850 2167 civile
867 2138 1028 2170 intuemur
1046 2138 1075 2169 ὅ(

199 2177 307 2217 legum
339 2177 483 2208 ordinem
504 2187 513 2215 ;
537 2186 601 2207 non
632 2176 730 2208 fuerit
756 2176 922 2210 absurdum
950 2203 960 2218 ,
993 2180 1076 2211 male

201 2218 350 2249 meritum
370 2220 410 2249 de
435 2218 616 2258 republica,
639 2227 704 2258 quo
728 2218 794 2250 aliis
814 2221 969 2261 exemplo
985 2221 1021 2253 fit
1036 2221 1076 2252 ad

202 2261 392 2292 deterrenda
410 2258 583 2298 maleficia,
607 2260 745 2299 egestate
762 2260 915 2293 laborare.

243 2300 405 2333 Caeterum
432 2309 466 2332 ut
490 2310 554 2332 non
577 2302 677 2332 refert
694 2301 845 2341 Senatus,-
869 2312 974 2335 utrum
1002 2312 1076 2334 con·

202 2342 322 2381 sumpta
341 2343 539 2381 fitpecunia,
555 2351 593 2374 an
603 2350 709 2373 extet:
726 2342 835 2374 sicnec
852 2344 980 2376 interest
991 2346 1076 2385 ejus,

203 2385 302 2423 qualis
320 2384 355 2415 fit
373 2384 570 2422 foenerator,
596 2384 647 2424 qui
668 2394 736 2415 eam
754 2384 958 2417 filiofamilias
975 2395 1077 2418 mutu-

205 2434 253 2455 am
273 2426 406 2457 dederit.
423 2424 499 2457 Non
517 2425 571 2456 ibo
590 2425 701 2466 longe:
717 2424 780 2464 ipse
796 2426 838 2457 ait
854 2427 1009 2466 Senatus3
1027 2428 1077 2460 Ne

205 2466 253 2496 cui
269 2467 522 2506 qztz'filiofamz'liax
540 2472 678 2497 mutuam
698 2468 853 2507 pecuniam
869 2468 1004 2509 dediffet,
1027 2480 1073 2500 ασ-

204 2507 244 2537 zz'o
264 2509 419 2549 peritiaque
446 2510 574 2539 daretur.
602 2507 774 2539 Generalis
799 2509 844 2541 est
870 2510 925 2541 hic
953 2509 1074 2544 sermo:

204 2547 255 2578 Ne
272 2550 334 2577 cui:
351 2550 379 2580 δε
400 2550 474 2581 ideo
495 2550 548 2589 (ut
567 2549 750 2580 Marcianus
766 2550 836 2581 aitl.
860 2561 905 2591 15.
927 2553 972 2583 D.
992 2552 1018 2583 h.
1035 2555 1076 2593 t.)

204 2589 283 2620 nihil
301 2590 449 2629 interest,
467 2592 538 2631 quis
556 2589 756 2622 filiofamilias
767 2591 955 2631 crediderit,
971 2602 1076 2626 utrum

206 2629 365 2670 privatus,
386 2641 424 2661 an
443 2633 564 2663 civitas,
580 2632 652 2672 Ejus
671 2633 759 2672 quod
780 2633 819 2664 de
834 2634 961 2672 privato
977 2635 1076 2675 dicit,

205 2670 303 2702 facile
326 2671 447 2716 con-stat
471 2673 562 2704 ratio.
588 2675 666 2705 acin
685 2674 816 2706 civitate
837 2674 984 2708 subsistas.
1007 2678 1077 2716 quis

208 2712 293 2743 enim
311 2712 494 2752 praesumat,
518 2716 727 2746 deventuram
746 2725 786 2747 eo
804 2717 948 2755 malitiae3
973 2725 1007 2748 ut
1025 2726 1078 2750 aut

210 2753 273 2794 ipsa
288 2761 342 2784 aut
362 2753 425 2793 ejus
443 2754 563 2786 actores
582 2756 750 2787 sustineant
770 2758 935 2789 materiam
957 2760 1078 2799 praesta-

209 2805 244 2826 re
263 2795 351 2825 malis
371 2794 539 2827 moribus?
564 2796 625 2828 Sed
644 2797 812 2830 Marciano
838 2799 957 2838 visum,
981 2802 1010 2831 in
1036 2802 1078 2832 ci-

210 2836 311 2868 vitate
349 2845 479 2876 quoque
512 2836 619 2880 locum
657 2840 775 2871 habere
820 2840 1078 2874 Senatusconsul-

210 2886 278 2910 tum
296 2901 306 2914 ,
336 2877 366 2908 &
389 2878 432 2908 ita
454 2877 555 2917 inquit
582 2877 621 2908 D.
647 2879 798 2913 Severum
824 2882 854 2913 &
880 2883 1080 2915 Antoninum

208 2918 393 2958 rel'cripsill'e
410 2928 417 2950 :
468 2918 683 2950 existimantes
714 2922 865 2954 videlicet
882 2946 891 2961 ,
932 2926 1018 2963 quod
1050 2924 1081 2956 in

207 2961 396 2994 Macedone
413 2967 565 3000 expertus
583 2959 782 3005 est-Populus
800 2964 979 3004 Romanus,
1004 2966 1082 3005 ejus-

207 3002 297 3035 modi
321 3001 403 3040 effe,
427 3010 462 3032 ut
484 3001 523 3031 ab
550 3001 698 3031 omnibus
720 3004 894 3037 timendum
917 3006 969 3038 fit:
992 3008 1079 3038 ideo-

209 3054 272 3084 que
299 3053 364 3075 non
387 3052 451 3075 tarn
477 3041 539 3073 effe
553 3042 888 3087 animadvertendum.
919 3047 987 3088 quis
1011 3057 1078 3079 cre-

209 3086 344 3123 diderit,
378 3094 472 3124 quam
499 3084 569 3121 cui3
592 3093 662 3114 cum
683 3091 793 3123 utrque
811 3087 838 3116 ei
856 3087 995 3120 foeneret
1012 3099 1076 3121 ma-

208 3127 241 3158 lo
259 3127 410 3167 exemplo
425 3150 434 3163 ‚
453 3125 575 3157 tametsi
593 3125 731 3164 alioquin
750 3134 942 3169 nonpeccet
958 3131 1076 3162 animo.

247 3167 348 3206 Haec3
371 3168 392 3199 si
408 3167 586 3199 foenerator
603 3167 713 3204 scivit,
737 3166 766 3197 se
783 3166 985 3199 filiofamilias
1003 3172 1076 3202 dare

206 3218 349 3242 mutuam
374 3210 551 3248 pecuniam.
576 3207 628 3241 sed
650 3206 753 3249 finge,
784 3207 949 3249 ignor-affe.
979 3210 1080 3249 nihil,

1101 114 1290 141 oon‘r
1348 106 1559 142 Corum.

1105 193 1210 237 inquis
1221 217 1231 234 ,
1247 195 1416 236 excipitur.
1432 196 1644 228 multatamen
1657 218 1667 235 ,
1684 197 1826 237 quamvis
1843 205 1908 230 non
1923 208 1981 233 ex-

1107 237 1282 280 cipiantur,
1297 237 1528 280 intelliguntur.
1544 247 1580 268 ac
1604 237 1625 269 fi
1643 247 1709 269 rem
1729 238 1814 270 recta
1830 247 1975 279 putamus

1107 285 1176 320 via:
1200 286 1270 318 quae
1288 278 1377 310 causa
1402 281 1530 310 Senatui
1551 279 1702 318 puniendi
1718 278 1976 315 foeneratorem?

1109 317 1164 364 nili
1198 320 1286 357 quod
1315 322 1484 360 pecuniam
1512 319 1715 353 filiofamilias
1738 322 1827 353 dedit
1854 321 1978 362 sciens,

1110 359 1449 395 eaefiliumfamilias:
1474 362 1535 394 (ive
1563 361 1696 394 consilio
1721 363 1888 402 peccavit,
1912 363 1975 396 five

1107 401 1182 439 juris
1204 402 1396 442 ignorantia:
1417 412 1485 444 quae
1510 413 1575 434 non
1604 404 1700 434 habet
1723 403 1974 438 excusationem.

1105 440 1182 487 Non
1199 444 1241 472 ita
1257 443 1302 474 est
1318 445 1348 475 in
1367 445 1553 484 ignorante,
1570 444 1632 476 esse
1651 444 1906 477 filiumfamilias:
1921 446 1975 478 hic

1106 491 1189 514 enim
1207 484 1310 514 voluit
1322 508 1331 522 ,
1354 488 1521 525 pecuniam
1545 487 1618 518 dare
1636 486 1869 525 patrifamilias:
1886 488 1978 527 quod

1107 532 1174 554 non
1192 524 1345 568 prohibet
1361 526 1502 558 Senatus.
1526 529 1661 559 credidit
1682 537 1789 559 tamen
1807 527 1972 559 filiofami-

1105 565 1179 596 lias:
1202 566 1302 605 laplus
1317 575 1425 598 errore
1440 568 1534 607 facti,
1554 577 1626 600 curn
1643 578 1788 610 putaret,
1807 569 1978 609 patremfa-

1106 606 1205 638 milias
1225 605 1296 637 ess'e.
1321 614 1466 639 teneatur
1483 609 1575 649 igitur
1585 610 1716 642 Senatus
1734 611 1978 642 verbis:adver-

1111 646 1159 678 sus
1177 651 1251 687 quae'
1265 649 1353 679 dedit
1378 652 1556 688 pecuniam.
1579 660 1609 682 at
1624 653 1688 691 ejus
1713 653 1866 683 sententia
1883 661 1979 683 excu-

1107 688 1216 719 satur:
1253 689 1365 720 nolens
1401 688 1567 721 offendere
1598 692 1730 724 Senatus
1767 695 1979 725 voluntatem.

1108 729 1197 760 Vidit
1224 729 1290 760 hoc
1314 729 1453 769 Julianus
1478 732 1497 762 l.
1526 741 1573 768 19.
1600 732 1642 763 D.
1660 735 1687 764 b.
1703 740 1722 764 t.
1747 735 1875 771 dicens,
1900 734 1981 766 nulli

1106 770 1232 802 obstare
1257 773 1505 811 exceptionem3
1528 772 1581 804 nisi
1608 774 1661 814 qui
1688 775 1798 814 sciret,
1822 784 1874 806 aut
1901 775 1980 807 scire

1106 811 1276 853 potuiffet,
1301 812 1537 845 filiumfamilias
1555 813 1635 853 effe,
1660 816 1709 845 cui
1730 818 1894 854 pecuniam
1912 827 1980 848 cre·

1108 854 1197 885 didit.
1221 853 1413 894 Exemplum
1441 856 1472 886 in
1501 855 1521 886 l.
1541 864 1564 886 1.
1583 856 1614 886 C.
1635 856 1661 886 h.
1680 862 1702 886 t.
1719 857 1750 887 in
1769 857 1851 888 filio:
1874 858 1927 897 qui
1945 861 1979 890 in

1110 894 1206 936 patris
1223 894 1382 935 potestate
1399 895 1556 934 existens,
1581 905 1720 928 mutuam
1743 901 1909 937 pecuniam
1925 908 1978 930 ac-

1109 936 1216 975 cepit,
1248 945 1320 967 curn
1344 937 1374 967 se
1391 937 1651 977 patremfamilias
1677 939 1797 970 diceret
1816 962 1826 978 ,
1849 940 1981 979 ejusque

1110 977 1309 1009 affirmationi
1326 981 1531 1018 crederetur,
1557 989 1620 1010 non
1645 979 1847 1020 fimpliciter,
1872 980 1984 1020 sedju-

1109 1019 1153 1050 sta
1169 1020 1302 1050 ratione.
1326 1028 1399 1060 puta
1412 1044 1420 1056 ,
1445 1021 1554 1060 (quod
1571 1030 1611 1051 ex
1628 1020 1750 1059 Juliano
1766 1025 1858 1061 ponit
1876 1022 1991 1062 Ulpia·'

1109 1069 1167 1091 nus
1191 1061 1209 1090 l.
1233 1070 1262 1100 [3.
1283 1068 1330 1101 pr.
1356 1061 1392 1096 &¹
1409 1062 1437 1102 §.
1467 1071 1490 1092 1.
1511 1061 1550 1092 D.
1570 1063 1597 1093 b.
1618 1063 1660 1102 t.)
1679 1063 1819 1094 creditor
1835 1062 1982 1103 putavit,

1110 1101 1372 1141 patremfamilias
1407 1102 1467 1133 effe
1502 1113 1575 1134 eum
1601 1105 1651 1134 cui
1676 1105 1844 1144 pecuniam
1874 1105 1982 1143 dedit,

1111 1152 1176 1173 non
1194 1152 1272 1174 vana
1291 1143 1492 1184 simplicitate
1518 1146 1675 1185 deceptus
1693 1168 1701 1183 ,
1726 1155 1786 1176 nec
1805 1146 1881 1186 juris
1898 1146 1986 1186 igno-

1110 1183 1227 1223 rantia,
1253 1185 1304 1216 sed
1331 1186 1402 1225 quia
1421 1186 1548 1226 publice
1575 1185 1732 1227 plerisque
1755 1187 1986 1226 paterfamilias·

1111 1224 1288 1257 videbatur.
1325 1226 1366 1257 sic
1397 1229 1536 1268 agebat,
1583 1227 1623 1259 fic
1657 1229 1899 1268 contrahebat,
1939 1227 1983 1259 fic
2011 1250 2013 1253 .

1111 1267 1295 1299 muneribus
1329 1267 1548 1309 fungebatur,
1585 1269 1626 1300 fic
1658 1270 1797 1310 denique
1826 1270 1987 1301 condutta

1112 1308 1251 1339 habebat
1272 1309 1454 1350 vectigalia:
1480 1320 1568 1351 quae,
1595 1318 1629 1340 ut
1647 1311 1790 1349 videtur,
1815 1311 1885 1342 solis
1911 1311 1986 1342 lice-

1112 1350 1166 1380 bat
1185 1349 1461 1389 patribusfamilias
1484 1353 1675 1383 conducere.
1699 1352 1734 1383 Id
1760 1352 1780 1383 fi
1798 1352 1828 1383 in
1846 1351 1931 1383 fatto
1950 1353 1988 1384 li-

1112 1398 1224 1432 queat:
1249 1392 1290 1422 ait
1304 1391 1476 1432 Ulpianus,
1500 1393 1656 1432 julianum
1675 1393 1843 1434 sequutus,
1866 1393 1985 1425 cefl‘are
2033 1421 2034 1433 ,

1109 1433 1442 1473 Senatusconssiltum;
1465 1435 1572 1475 itaque
1590 1433 1775 1475 rescriptum
1794 1434 1873 1473 effe,
1896 1434 1990 1466 sorte

1108 1474 1129 1505 l.
1148 1484 1177 1505 2.
1197 1474 1227 1505 C.
1244 1474 1272 1505 h.
1290 1480 1309 1505 t.
1327 1475 1356 1506 ἃ
1374 1476 1561 1516 τεέὶε,(]υἰει
1574 1485 1638 1507 uon
1655 1477 1796 1507 creditor
1815 1477 1983 1516 peccavit,
2033 1478 2034 1500 ἰ

1111 1515 1185 1554 sed,
1209 1523 1314 1556 pater:
1347 1515 1399 1555 qui
1426 1525 1478 1547 aut
1507 1516 1619 1555 scivit,
1648 1516 1734 1548 suum
1759 1516 1857 1548 filiurn
1888 1517 1916 1547 se
1941 1516 1984 1548 fic
2033 1511 2035 1545 3

1111 1565 1222 1597 gerere
1232 1566 1291 1596 pro
1302 1556 1547 1596 patrefamilias,
1561 1557 1589 1588 &
1601 1557 1710 1589 debuit
1722 1557 1785 1588 hoc
1796 1558 1981 1598 prohibere:

1112 1605 1165 1629 aut
1188 1596 1341 1634 ncl‘civit3
1367 1599 1396 1630 ὅ(
1418 1597 1554 1639 imputet
1571 1598 1625 1629 fibi
1649 1599 1736 1639 quod
1759 1600 1790 1629 in
1808 1608 1913 1630 mores
1929 1598 1989 1630 filiii
2034 1602 2036 1614 l

1112 1648 1177 1670 non
1202 1639 1371 1679 inquisivit.
1395 1647 1587 1680 utcumque,
1610 1640 1647 1671 ad
1676 1649 1783 1671 curam
1809 1641 1873 1680 ejus
1893 1640 1987 1680 perti-

1112 1682 1199 1717 nuit;
1222 1690 1262 1711 ne
1281 1690 1321 1712 eo
1337 1682 1438 1713 modo
1460 1682 1538 1712 alius
1566 1691 1623 1722 per
1646 1681 1747 1713 filium
1767 1690 1862 1722 quem
1878 1683 1909 1714 in
1927 1691 1984 1723 po-

1115 1721 1225 1753 testate
1243 1721 1400 1762 habebat,
1425 1723 1638 1762 deciperetur.

1154 1762 1205 1794 Ex
1231 1762 1391 1805 superiore
1417 1764 1609 1804 quaestione,
1633 1771 1668 1795 ut
1693 1763 1749 1804 fit,
1781 1764 1918 1796 nascitur
1940 1764 1986 1796 se·
2035 1792 2036 1805 Ε

1116 1814 1215 1844 quens
1239 1806 1322 1845 apud
1349 1804 1521 1846 Ulpianum
1546 1807 1573 1836 d.
1590 1806 1609 1837 l.
1627 1815 1655 1846 3.
1670 1806 1698 1847 ὃ.
1720 1816 1746 1838 2.
1768 1807 1842 1847 quid
1857 1807 1932 1847 juris
1948 1805 1987 1838 fit
2034 1809 2036 1847 ξ

1115 1847 1145 1877 in
1163 1846 1305 1887 pupillo,
1328 1846 1349 1878 fi
1372 1848 1540 1887 pecuniam
1557 1846 1761 1879 filiofamilias
1776 1856 1916 1880 mutuam
1933 1848 1987 1879 de-

1116 1887 1188 1919 dit?
1212 1888 1255 1919 ait
1271 1895 1377 1919 autem
1395 1887 1567 1929 Ulpianus,
1592 1889 1677 1920 hunc
1700 1898 1756 1929 per
1776 1897 1902 1920 aetatem
1920 1898 1986 1922 non

1116 1927 1250 1969 potuisse
1268 1929 1412 1968 scire,an
1437 1930 1472 1962 fit
1496 1930 1730 1962 filiusfamilias:
1760 1931 1899 1971 ideoque
1914 1930 1989 1969 Juli-

1111 1979 1205 2001 anum
1230 1979 1364 2011 putare,
1388 1971 1504 2003 cessare
1528 1971 1854 2003 Senatusconsultum.
1878 1971 1987 2010 addit,

1113 2021 1185 2043 eum
1206 2021 1266 2043 nec
1281 2013 1372 2044 aliter
1387 2012 1501 2044 sentire
1518 2014 1549 2044 in
1567 2014 1691 2044 minore
1719 2013 1988 2054 vigintiquinque

1119 2054 1217 2084 annis.
1242 2053 1306 2085 Sed
1332 2053 1397 2092 ipse
1423 2055 1454 2085 in
1481 2055 1605 2086 minore
1629 2053 1776 2086 subsistit:
1806 2055 1932 2092 dicens,
1957 2053 1988 2085 ei

1118 2104 1135 2126 a
1154 2095 1296 2127 Praetore
1321 2095 1384 2127 effe
1407 2094 1496 2127 causa
1520 2096 1649 2136 cognita
1665 2095 1910 2127 succurrendum
1930 2104 1988 2135 per

1118 2137 1150 2167 in
1168 2136 1325 2177 integrum
1343 2136 1592 2169 restitutionem:
1610 2138 1719 2177 quade
1732 2137 1819 2177 supra
1834 2136 1917 2167 libro
1938 2145 1987 2168 tv.

1118 2176 1174 2208 sub
1191 2176 1325 2216 Tuulo,
1351 2179 1401 2208 De
1417 2180 1584 2210 munoribus.
1609 2178 1642 2210 In
1661 2179 1783 2220 pupillo
1801 2185 1906 2209 autem
1922 2186 1989 2210 non

1117 2218 1228 2250 resistit
1251 2219 1380 2258 quidem
1406 2219 1549 2259 Juliano;
1580 2219 1630 2252 sed
1658 2221 1719 2259 ait,
1750 2228 1823 2250 eum
1847 2218 1990 2250 debuiss'e

1120 2261 1215 2292 etiam
1247 2261 1305 2292 alia
1329 2261 1453 2291 ratione
1476 2261 1621 2292 inhibere
1644 2260 1960 2293 senatusconsultum
1978 2271 1989 2293 ι

1121 2310 1256 2341 eamque
1272 2301 1431 2333 rationem
1455 2302 1534 2334 esse:
1558 2303 1646 2343 quod
1673 2302 1806 2342 pecunia
1823 2311 1915 2342 quam
1933 2311 1990 2342 pu-

1121 2343 1214 2383 pillus
1230 2342 1294 2374 fine
1311 2346 1426 2374 tutoris
1451 2344 1640 2376 austeritate
1665 2345 1719 2376 det
1737 2352 1896 2380 mutuam,
1921 2352 1989 2374 non

1121 2384 1157 2416 fit
1182 2392 1299 2415 mutua.
1331 2385 1360 2415 ὅ(
1385 2394 1402 2415 a
1421 2384 1509 2416 fimili
1527 2386 1590 2417 hoc
1609 2385 1714 2416 adfert
1738 2386 1959 2425 argumentum
1979 2394 1990 2414 ε

1120 2427 1208 2465 quod
1225 2425 1436 2465 ipseJulianus
1447 2427 1484 2458 ad
1502 2428 1649 2458 eumdem
1671 2427 1801 2457 modum
1820 2425 1990 2464 opinatur,

1120 2467 1149 2498 Si
1162 2466 1382 2498 filiusfamilias
1396 2466 1597 2499 filiofamilias
1612 2466 1783 2498 crediderit
1800 2468 1967 2506 pecuniam
1978 2488 1991 2504 ‚

1119 2507 1236 2539 ceffare
1254 2508 1586 2540 Senatusconfultuin:
1609 2518 1649 2539 eo
1676 2509 1762 2548 quod
1787 2517 1852 2539 non
1868 2507 1905 2539 fit
1922 2517 1992 2539 mu-

1118 2558 1171 2581 tua
1197 2551 1350 2589 pecunia,
1374 2551 1517 2590 quamvis
1540 2549 1684 2580 habuerit
1711 2549 1841 2581 liberam
1869 2548 1990 2589 peculii

1120 2591 1431 2622 administrationem.
1457 2591 1562 2631 Quam
1588 2593 1631 2621 ob
1648 2591 1738 2623 rem?
1762 2591 1825 2629 ait,
1850 2592 1938 2630 quod
1954 2589 1992 2621 fi-

1121 2631 1316 2664 liusfamilias
1345 2633 1510 2672 pecuniam
1539 2631 1740 2663 filiofamilias
1756 2640 1898 2663 mutuam
1915 2632 1990 2663 dan-

1121 2675 1179 2712 do,
1203 2683 1272 2705 eam
1288 2674 1467 2713 perditurus
1485 2673 1529 2704 est
1546 2673 1712 2704 severitate
1729 2672 1990 2705 Senatusconsul-
2009 2702 2012 2709 Δ

1121 2715 1163 2754 ti;
1188 2722 1277 2755 pater
1303 2722 1409 2746 autem
1425 2715 1592 2756 indulgens
1610 2714 1639 2746 ei
1663 2715 1779 2755 peculii
1797 2713 1991 2746 administra-

1121 2758 1262 2795 tionem,
1285 2765 1351 2786 non
1367 2757 1521 2787 concedit
1539 2757 1567 2787 ei
1587 2757 1635 2797 jus
1655 2756 1844 2797 perdendae,
1868 2755 1920 2786 sed
1936 2755 1991 2786 ad-

1121 2797 1351 2835 ministrandae,
1374 2796 1544 2836 pecuniae:
1576 2799 1605 2830 &
1629 2798 1703 2829 ideo
1732 2797 1812 2838 patri
1836 2795 1991 2838 supereffe

1122 2847 1323 2870 nummorum
1340 2838 1599 2871 vindicationem.

1163 2879 1335 2911 Difficilior
1357 2880 1387 2911 in
1404 2880 1422 2910 l.
1438 2891 1467 2921 3.
1484 2881 1512 2923 §.
1531 2891 1559 2921 7.
1583 2880 1624 2911 D.
1642 2880 1669 2910 h.
1693 2885 1715 2911 t.
1739 2879 1784 2911 est
1801 2879 1990 2924 deliberatio

1122 2923 1152 2953 in
1170 2921 1293 2952 duobus
1309 2922 1460 2953 credendi
1479 2923 1556 2954 reis:
1583 2930 1720 2962 quorum
1738 2930 1816 2953 unus
1833 2920 1993 2953 filiofami-

1123 2963 1176 2995 lias
1187 2971 1327 2993 mutuam
1339 2971 1484 2995 numerat
1495 2963 1677 3004 pecuniam:
1691 2963 1772 2994 alter
1787 2963 1826 2993 ab
1843 2972 1882 2992 eo
1897 2961 1992 2999 stipu-

1124 3005 1217 3036 latur.
1240 3003 1260 3035 si
1278 3013 1357 3034 unus
1376 3003 1471 3043 sciat,
1495 3006 1573 3036 alter
1589 3004 1732 3045 ignoret,
1755 3001 1990 3035 filiumfamilias

1125 3045 1206 3077 effe:
1229 3045 1271 3076 ait
1297 3044 1471 3084 Ulpianus,
1492 3046 1629 3077 severius
1653 3045 1822 3076 dicendum
1834 3065 1851 3088 ,Ι
1867 3041 1990 3088 (fic-le-

1123 3087 1282 3128 gendum)
1299 3089 1425 3126 utrique
1452 3097 1581 3118 nocere.
1607 3086 1774 3122 videlicet,
1798 3092 1871 3122 quia
1887 3091 1990 3114 unita-

1122 3137 1153 3159 te
1166 3128 1370 3169 obligationis
1386 3128 1415 3159 in
1434 3129 1597 3168 utriusque
1614 3126 1746 3172 pei-fona
1770 3123 1988 3170 consistentis,

1121 3170 1275 3208 efficitur3
1287 3176 1321 3200 ut
1331 3179 1346 3200 a
1357 3169 1635 3202 scienteliberatus
1645 3165 1858 3210 filiusfamilias
1869 3189 1878 3204 ‚
1893 3175 1990 3197 etiam

1123 3211 1162 3242 ab
1181 3212 1348 3252 ignorante
1365 3211 1514 3244 liberatus
1531 3210 1592 3244 csse
1607 3207 1807 3248 intelligatur.
1822 3216 1887 3240 non
1906 3205 1991 3279 cilicias}

1897 3257 1914 3278 a
1943 3256 1989 3278 ert
