2036 3495
466 88 532 130 An
559 92 653 128 L1v.
679 86 795 124 XVII.
824 84 926 120 Tir.

48 203 122 228 cum
152 196 266 232 rogatu
298 184 485 226 fideiussoris
511 190 583 214 cnm
615 186 673 211 reo
699 182 858 223 0111101101.
889 173 920 204 δε

47 236 154 278 probo
171 232 321 274 adjectam
341 228 511 260 rationem:
525 232 594 255 nam
613 228 756 265 quamvis
772 216 917 246 debitum

48 285 154 310 meum
174 273 357 316 persequar,
382 265 587 301 nihilominus
604 263 634 293 ἃ.
650 261 732 292 111103
751 264 915 304 negotium

49 326 128 362 'gero
163 324 256 357 igitur
277 311 435 353 justaffime
460 307 591 341 Paulus:
615 302 704 343 quod
729 307 831 332 minus
857 298 916 343 101·-

48 370 186 396 ν3νο10,
216 355 391 394 conlcquar
420 348 556 383 mandati
589 345 724 376 actione.
776 338 837 385 Sed
865 338 917 369 liic

50 401 138 434 caius
163 396 329 439 singularis.
352 395 425 425 alias
450 396 634 432 repetuntur
651 386 779 415 demum
796 388 918 425 111113011-

49 445 106 477 sae„
131 442 149 473 11
175 451 190 471 a
214 435 408 470 mandatario
431 430 565 464 faetaein
582 429 695 458 ‘alieno
714 430 864 465 negotio,
890 421 919 452 ὅ(

50 485 189 518 mandati
211 477 389 519 exequendi
407 481 504 516 gratia
527 471 554 501 ei
574 467 672 500 absint
689 468 716 497 d.
733 465 762 508 §
784 475 812 503 4.
833 462 853 492 1.
872 471 919 502 27.

51 526 150 569 Quod
170 522 189 554 ss
214 522 305 553 aliam
332 518 466 549 habeant
482 511 623 548 causam,
648 517 741 554 quam
759 512 919 543 exequen-

51 571 82 600 di
107 564 261 601 mandati3
286 560 389 591 verius
414 555 478 592 est,
507 562 572 584 non
596 559 705 582 venire
730 558 760 580 in
786 548 868 578 hanc
891 553 920 576 a·

50 609 212 640 ctionem:
245 603 316 643 quia
348 599 385 631 ad
410 596 630 629 mandatorem
657 600 722 622 non
747 589 921 630 pertinent.

51 649 95 682 est
114 647 183 679 talis
201 643 306 679 casuS,
330 640 351 672 fi
376 645 565 680 procurator
590 633 704 665 morbo
722 638 774 662 aut
792 629 920 662 latroci-

49 692 123 727 nio,
148 695 200 719 aut
216 683 380 722 naufragio
398 682 548 711 damnum
566 674 728 715 acceperit
744 673 763 703 l.
785 676 832 703 26.
869 694 878 716 t
890 672 920 715 0.

49 732 92 763 D.
120 732 182 761 [11.
205 728 301 763 item,
324 723 346 755 fi
364 730 491 764 poenam
515 728 555 750 ex
573 718 627 749 suo
647 714 764 747 (1011610
780 714 855 753 prael
873 717 922 742 itit

49 774 67 805 Z.
85 777 122 811 216
150 770 176 811 §.
196 780 226 809 5.
246 767 286 797 J).
310 766 343 797 de
367 762 572 802 procuratorz’b.
615 757 759 789 Veniunt
780 755 876 795 igitur
890 753 922 783 in

47 816 129 846 hanc
151 811 308 841 actionem
338 805 496 845 impensae.
520 802 617 833 addo:
641 799 737 830 etiam
758 796 857 828 usurae
881 802 922 824 ex

48 863 138 888 mora
156 851 265 884 officio
280 849 411 889 Judicis.
435 853 467 877 at
492 843 585 885 quae?
607 841 703 882 plene
727 838 878 878 Ulpianus
900 835 920 865 l.

52 906 99 929 12.
121 895 139 937 §
166 903 194 930 9.
215 893 262 924 D.
278 894 305 922 11.
325 895 345 920 t.
370 888 422 920 ubi
441 888 523 918 vide.
899 917 904 922 Ι

60 951 63 956 ·
96 937 213 969 Praeter
242 932 434 973 superiorem
460 925 581 959 causam
606 922 772 955 contrariae
790 919 922 951 actionis

53 979 98 1011 est
115 979 144 1009 dt
160 978 308 1016 sequens:
332 972 353 1004 si
370 968 579 1003 mandatarius
595 966 820 1006 qualicumque
840 968 925 991 man-

53 1019 173 1053 datoris
209 1016 300 1055 culpa
328 1023 425 1054 atque
458 1009 671 1050 imprudentia
708 1006 858 1036 damnum
884 1000 926 1047 *sit

52 1070 186 1104 propter
204 1058 386 1090 mandatum
403 1052 515 1094 passus.
531 1051 600 1082 fac:
621 1047 728 1079 Titius
745 1044 926 1086 mandavit,

57 1103 113 1136 sibi
140 1100 200 1133 emi
226 1100 348 1130 servum
371 1104 506 1126 certum.
529 1094 554 1124 is
576 1091 680 1122 servus
703 1087 791 1118 sni-to
814 1090 929 1116 nocuit

54 1142 262 1178 maiidatario.
282 1148 319 1169 an
339 1136 444 1177 potest
462 1130 673 1166 mandatarius
689 1126 929 1169 repeteredam-

54 1196 133 1219 num
164 1185 251 1215 furto
276 1181 353 1212 servi
381 1178 435 1210 sibi
462 1174 596 1208 datum?
619 1173 701 1203 hanc
724 1168 929 1210 quaestionem

58 1228 170 1260 tractat
191 1223 301 1256 Paulus
317 1222 336 1252 l.
358 1224 404 1252 26.
427 1219 454 1261 §.
478 1228 505 1259 7.
526 1219 552 1248 h.
574 1222 594 1247 t.
619 1212 745 1245 uberius
762 1210 931 1243 Africanus

58 1270 78 1301 l.
97 1275 146 1300 01.
165 1267 193 1308 §.
214 1276 241 1306 5.
262 1263 300 1295 D.
319 1266 351 1293 (le
368 1262 474 1301 furtis.
521 1258 574 1291 Ait
595 1263 722 1292 autem,
745 1256 929 1293 procurato-

59 1321 126 1343 rvni
144 1306 304 1349 justiffime
320 1305 475 1343 allegare,
496 1309 561 1332 non
580 1296 670 1329 fuisse
686 1294 716 1326 se
733 1294 765 1324 id
780 1294 929 1325 damnum

59 1351 237 1392 pasturum,
262 1355 326 1378 non
346 1346 491 1383 suscepto
510 1340 670 1373 mandato.
696 1336 803 1373 addit,
826 1332 929 1365 multo

58 1401 108 1432 aeq
133 1402 178 1422 ius
197 1389 316 1425 videri,
341 1385 483 1417 officium
504 1384 589 1413 1110111
607 1378 724 1410 1101111111
744 1373 930 1418 damnosum

57 1435 139 1472 ell'e,
164 1432 228 1471 ejus
245 1427 414 1470 praesertim
433 1434 505 1456 cum
522 1432 587 1462 quo
603 1419 785 1454 contraxit,
806 1424 871 1448 non
888 1414 930 1444 sui

59 1475 223 1507 commodi
245 1470 354 1506 causa,
378 1466 572 1507 susceptum:
597 1462 704 1503 potius
730 1458 785 1500 ipsi
803 1455 930 1502 manda-

61 1518 123 1549 turi
148 1517 274 1554 culpam
305 1511 387 1541 suam
418 1506 600 1540 damnosam
628 1502 689 1534 effe
713 1507 875 1541 oportere.
899 1506 931 1528 111

61 1556 229 1597 propolim
264 1562 341 1583 vero
372 1549 434 1581 01Υο
464 1549 590 1588 culpam
627 1542 846 1580 mandatoris,
878 1538 933 1579 qui

65 1596 283 1631 mandauerit,
307 1593 360 1623 {ibi
381 1593 475 1622 talem
500 1589 561 1620 emi
589 1586 731 1624 sei-vum,
755 1584 786 1615 in
801 1582 934 1624 eiusque

65 1644 289 1671 contritionem
306 1642 379 1664 ante
402 1641 466 1663 non
483 1628 690 1671 inquisiverit.

107 1677 248 1718 Exposui
275 1675 359 1706 casus
389 1673 504 1714 quibus
531 1672 637 1703 locum
671 1668 787 1699 habeat
812 1669 934 1696 contra·

65 1723 146 1755 rium
173 1718 309 1751 mandati
331 1714 495 1756 judicium.
536 1712 648 1743 addam
680 1717 798 1750 paucos
822 1705 936 1746 quibus

68 1762 177 1795 cellet.
224 1759 376 1789 Occurrit
401 1765 480 1787 unus
503 1755 534 1786 in
555 1754 574 1785 l.
589 1763 637 1792 40.
662 1750 702 1782 D.
726 1751 752 1781 b.
769 1756 789 1780 t.
818 1748 849 1779 in
876 1755 937 1787 qua

66 1804 199 1839 laulus,
226 1801 275 1839 Si,
300 1799 422 1838 inquit,
447 1806 505 1839 pro
527 1804 558 1826 te
584 1793 738 1834 praesente
763 1791 792 1822 &
808 1794 937 1821 vetante

68 1843 286 1885 fideuil'crim3
317 1849 377 1872 nec
400 1838 536 1870 mandati
559 1835 641 1868 aetio
661 1858 670 1874 ‚
700 1842 762 1865 nec
793 1829 937 1872 negotio·

67 1897 136 1920 rum
157 1884 316 1926 gestorum
334 1881 388 1913 est.
411 1881 513 1918 addit,
531 1877 622 1909 fuisse
639 1876 693 1917 qui
713 1873 937 1908 existimarent,

69 1936 224 1967 oportere
251 1926 355 1956 31111110
380 1923 491 1954 utilem
514 1918 594 1952 dari:
619 1918 670 1949 sed
695 1924 808 1957 negat,
834 1914 863 1945 se
891 1913 938 1944 his

69 1969 278 2002 consentire:
310 1966 458 2004 idemque
490 1961 673 2001 Pomponio
699 1958 797 1990 videri
823 1955 873 1987 ait.
896 1961 940 1985 at-

70 2021 133 2051 que
163 2010 228 2040 huc
250 2008 378 2040 tandem
403 2007 497 2036 etiam
516 2002 688 2043 Justiniano
706 1999 824 2040 placuit
847 1997 868 2028 l.
887 1996 939 2026 ult.

72 2053 104 2084 C.
123 2055 156 2083 de
173 2056 265 2090 negot.
281 2046 352 2090 gest.
397 2047 486 2077 Alter
502 2044 588 2076 casus
603 2042 668 2082 est,
691 2042 713 2074 fi
732 2039 941 2072 mandatarius

71 2093 107 2127 fit
132 2092 265 2134 egrefl‘us
291 2089 427 2120 mandati
454 2087 551 2119 fines:
576 2084 645 2116 sunt
672 2083 757 2114 enim
780 2081 810 2113 hi
839 2078 942 2111 custo-

74 2135 180 2167 diendi
206 2134 383 2173 diligenter.
406 2129 578 2162 videlicet.
601 2125 674 2166 quia
699 2124 840 2164 alioquin
858 2120 944 2151 aliud

73 2175 147 2217 quid
165 2176 230 2213 agit
245 2173 472 2208 mandatarius,
497 2178 592 2210 quam
614 2176 686 2198 eum
710 2166 819 2197 facere
843 2163 945 2194 voluit

71 2219 257 2256 mandator,
282 2223 342 2247 nec
357 2213 402 2245 est
425 2212 577 2250 rationis,
602 2210 685 2241 hunc
703 2217 744 2240 eo
764 2206 866 2239 teneri
884 2213 943 2236 no-

954 77 981 114 1.
1034 77 1185 113 Mandati
1209 77 1261 112 vel
1283 82 1399 112 contra.
1780 82 1847 116 295

964 168 1049 199 mine
1059 167 1147 208 cuius
1158 167 1335 206 periculum
1345 165 1376 196 in
1387 164 1489 196 senon
1502 161 1634 203 suscepit
1646 160 1665 193 Ζ.
1677 172 1705 202 5.
1722 159 1759 192 D.
1771 161 1798 191 h.
1817 165 1841 192 t.

963 210 1073 250 estque
1083 210 1113 240 id
1124 209 1347 249 proculdubio
1359 216 1467 238 verum
1479 229 1487 243 ,
1496 205 1516 236 fi
1526 214 1590 236 non
1600 201 1745 235 interfuit
1756 210 1841 233 man-

959 249 1228 294 dat01·is‚ficfieri.
1244 250 1371 289 &quid‚
1384 247 1404 279 si
1417 250 1445 278 id
1456 246 1516 278 sit?
1528 246 1569 278 nil
1581 244 1839 283 mutozquianon

959 290 1004 322 est
1015 291 1355 330 mandatariijtidicare,
1365 288 1439 330 quid
1450 287 1676 320 sit-mandatori
1687 284 1776 317 utile:
1787 284 1841 316 sed

959 333 1174 369 mandatoris,
1194 334 1247 372 qui
1266 331 1369 362 estrei
1388 331 1446 361 suae
1462 332 1629 367 dominus,
1651 327 1787 363 arbiter.
1806 326 1838 357 &

961 375 1148 405 moderator
1167 373 1257 404 solus.
1281 381 1388 416 coque
1414 371 1541 410 nescio,
1566 381 1603 402 an
1620 369 1741 410 schtet
1760 367 1840 399 Pau-

962 416 1009 446 lus
1034 416 1053 444 l.
1077 425 1105 454 3.
1130 418 1199 459 4131).
1235 414 1330 454 quid,
1353 412 1374 443 si
1398 420 1521 452 paratus
1545 412 1582 444 sit
1607 408 1837 447 mandatarius,

964 456 1141 487 mandatori
1162 455 1194 486 id
1220 456 1384 486 remittere
1412 455 1442 484 in
1469 462 1533 492 quo
1550 453 1683 484 excessit
1700 449 1839 483 mandati

963 496 1068 542 fines?
1093 496 1145 528 De
1162 496 1257 527 eolis
1280 495 1341 526 fuit
1366 496 1448 525 inter
1467 494 1673 526 Proculianos
1697 493 1727 524 <St
1750 492 1840 523 Sabi·

963 548 1091 570 manos:
1116 539 1155 569 de
1180 546 1242 578 qua
1267 537 1379 568 Paulus
1402 538 1430 566 d.
1452 535 1472 565 l.
1491 544 1519 575 3.
1544 534 1572 575 §.
1590 545 1617 566 2.
1642 535 1671 566 δι
1694 533 1794 572 Gaius
1816 533 1837 564 l.

963 591 992 620 4.
1002 581 1063 622 seq.
1108 579 1254 619 Cujacius
1277 579 1326 608 tib.
1348 587 1392 609 12.
1418 577 1538 614 Observ.
1558 586 1580 606 c.
1599 586 1638 617 34
1674 575 1704 606 ὃς
1722 570 1840 615 Johan·

964 631 1019 668 nes
1040 631 1056 652 a
1077 620 1173 652 Costa
1195 620 1233 651 ad
1258 620 1274 650 h
1304 626 1326 651 ι.
1358 616 1428 659 [nst.
1452 618 1609 648 Praeterea
1629 618 1726 647 docet
1751 616 1842 655 julii·

964 672 1076 697 nianus
1103 662 1132 703 §.
1160 671 1189 702 7.
1215 658 1288 701 Inst.
1315 661 1380 691 111.
1417 669 1482 690 11011
1508 657 1569 690 css'e
1611 658 1839 698 obligatorium

964 707 1149 736 mandatum
1166 707 1253 744 quod
1273 702 1318 732 est
1336 709 1449 733 contra
1466 701 1570 732 bonos
1588 708 1714 732 mores:
1730 707 1765 729 ac
1782 706 1842 738 pro

965 746 1117 785 exemplo
1134 746 1239 776 addit:
1264 742 1382 781 veluti,
1406 742 1425 774 si
1450 741 1557 773 Titius
1576 741 1635 773 tibi
1653 741 1780 772 mandat
1799 740 1840 769 de

965 788 1074 825 furto,
1095 794 1147 818 aut
1170 787 1209 818 de
1235 787 1351 817 damno
1376 784 1546 822 faciendo,
1571 789 1625 813 aut
1657 782 1697 813 de
1729 781 1841 820 injuria

965 828 1122 860 facienda.
1147 828 1179 858 id
1200 837 1276 859 vero
1296 827 1402 868 placet
1421 826 1448 855 ei
1467 826 1497 856 in
1516 833 1659 861 tanturm
1685 829 1739 861 ut,
1764 822 1840 852 licet

965 879 1093 910 poenam
1112 868 1291 909 praestiteris
1315 868 1398 898 istius
1415 866 1491 898 fatti
1518 869 1665 903 nomine,
1690 864 1772 896 nolit
1796 862 1844 894 ul-

967 914 1027 944 lam
1054 919 1086 942 te
1110 910 1258 942 adversus
1282 909 1406 940 Titium
1434 908 1478 939 ob
1509 907 1574 939 hoc
1597 907 1716 938 habere
1746 904 1843 935 afflo-

968 962 1053 986 nem.
1096 952 1197 994 Quod
1221 952 1303 982 dixit
1333 949 1546 989 justinianus,
1577 949 1694 989 probat
1726 945 1842 977 Paulus

968 996 987 1026 l.
999 1005 1046 1028 22.
1058 994 1087 1036 §.
1098 999 1126 1025 6.
1137 995 1163 1024 b.
1173 999 1194 1025 t.
1206 993 1247 1024 fic
1262 991 1418 1023 scribens:
1430 990 1494 1034 Qui
1508 986 1845 1029 teclenzsczcrarnspoliun-

969 1039 1035 1069 dnm
1046 1062 1055 1072 .
1064 1036 1202 1067 bominem
1218 1034 1434 1065 vulnerandum
1442 1055 1451 1070 ‚
1461 1033 1645 1063 occidendum
1654 1030 1844 1069 ,inundatum

961 1076 1211 1121 suscipz'at,nihil
1227 1076 1359 1107 mandeti
1369 1075 1479 1116 judicio
1488 1074 1620 1114 consequi
1625 1069 1724 1113 potest.
1736 1070 1846 1114 Quam

973 1122 1017 1152 ob
1033 1118 1125 1151 rem?
1148 1119 1209 1155 ait,
1231 1123 1343 1157 propter
1358 1116 1569 1156 turpitudinem
1590 1115 1731 1145 mundati.
1780 1112 1845 1148 Op-

974 1162 1067 1193 time:
1090 1160 1202 1192 exacto
1220 1160 1371 1190 mandato
1388 1159 1426 1188 ad
1452 1157 1516 1196 ejus
1533 1163 1695 1193 naturam,
1720 1163 1761 1185 ex
1777 1152 1847 1184 offi-

973 1205 1025 1235 cio
1040 1211 1136 1243 atque
1150 1200 1288 1232 amicitia
1305 1200 1510 1240 pendentem.
1533 1207 1598 1229 non
1622 1198 1706 1228 enim
1726 1195 1847 1227 nescire

973 1254 1068 1285 quem
1102 1250 1232 1283 oportet
1247 1265 1256 1281 ,
1297 1241 1404 1273 omnia
1437 1239 1640 1271 humanitatis
1674 1236 1780 1269 officia
1808 1235 1847 1267 ad

974 1288 1123 1318 tuendam
1140 1285 1320 1316 communis
1339 1283 1413 1313 vitae
1435 1281 1619 1311 societatem
1636 1278 1766 1310 referri:
1791 1287 1847 1308 eo-

973 1338 1036 1369 que
1061 1327 1182 1366 semper
1203 1335 1318 1366 agere,
1351 1332 1386 1354 ut
1409 1323 1557 1362 juventur
1581 1322 1717 1352 humana
1742 1320 1847 1357 bona3

973 1377 1145 1409 numquam
1160 1390 1169 1407 ‚
1199 1375 1234 1398 ut
1257 1366 1438 1408 perdantur.
1480 1363 1542 1395 Sed
1567 1363 1677 1394 divine
1700 1359 1819 1392 Cicero
1836 1382 1848 1398 ,

973 1412 1004 1443 in
1027 1411 1133 1448 Laelio,
1156 1408 1202 1439 vel
1224 1408 1258 1439 de
1279 1407 1424 1439 Amicitia
1452 1412 1515 1446 cap.
1545 1414 1591 1436 12.
1623 1403 1783 1443 disputans
1808 1401 1849 1432 de

974 1453 1098 1485 ratione
1112 1449 1279 1488 amicitiae,
1302 1448 1396 1487 Haec,
1419 1447 1542 1486 inquit,
1561 1446 1658 1487 prima
1672 1445 1719 1475 lex
1733 1443 1853 1482 lancia-

974 1502 1040 1533 zur‚
1064 1499 1098 1525 ut
1112 1501 1202 1534 neque
1228 1499 1358 1533 rogemus
1380 1498 1425 1520 res
1445 1489 1575 1527 tarpeis,
1598 1496 1689 1528 neque
1698 1486 1852 1525 faciamus

975 1536 1079 1578 rogati.
1123 1534 1165 1566 Et
1195 1532 1265 1573 post
1290 1538 1354 1573 cap.
1375 1541 1421 1572 13.
1469 1529 1544 1560 Haec
1567 1531 1661 1570 igitur
1682 1528 1779 1568 prima
1803 1525 1851 1556 lex

976 1580 1007 1610 in
1023 1576 1153 1609 amicicia
1163 1575 1338 1615 sanciatur,
1361 1579 1394 1604 ut
1411 1572 1446 1603 ab
1461 1571 1563 1602 amicis
1576 1567 1692 1609 honesta
1702 1574 1852 1608 petamus,

977 1621 1133 1652 amicorum
1147 1617 1234 1656 causa
1252 1613 1532 1656 honeflufact'amus.
1578 1612 1628 1642 Ab
1646 1612 1763 1642 eodem
1780 1607 1854 1640 fon-

979 1670 1011 1693 te
1034 1661 1102 1692 fluit
1125 1661 1188 1690 huc
1207 1656 1336 1698 Ulpiani
1351 1656 1371 1687 l.
1392 1664 1438 1687 12.
1458 1654 1485 1696 §.
1506 1663 1552 1686 11.
1569 1652 1610 1684 D.
1628 1653 1656 1683 h.
1675 1657 1697 1683 t.
1721 1650 1755 1681 Si
1784 1651 1853 1681 ado-

979 1703 1082 1743 les'kens
1101 1700 1268 1740 luxuriosus
1285 1698 1400 1730 mandet
1418 1697 1489 1734 tibi,
1512 1700 1545 1726 ut
1559 1702 1610 1736 pro
1625 1693 1769 1725 meretrice
1779 1690 1855 1732 fide-

974 1746 1096 1787 jubeat,
1119 1744 1204 1784 idque
1229 1747 1262 1772 tu
1276 1740 1371 1781 ftiens
1393 1738 1565 1769 mandatum
1579 1735 1738 1776 susceperis
1754 1756 1763 1772 ‚
1794 1741 1854 1765 non

979 1787 1091 1818 habebis
1112 1784 1243 1816 mandati
1265 1781 1415 1813 astionem.
1458 1778 1531 1820 Qua
1555 1775 1704 1809 ratione?
1727 1774 1856 1807 additur

980 1829 1050 1860 haec
1066 1823 1233 1868 praecla'ra:
1257 1823 1340 1867 Quia
1351 1821 1445 1860 fimile
1459 1821 1518 1862 est,
1542 1817 1623 1861 quast
1636 1817 1787 1859 perditum
1804 1823 1857 1856 pe-

981 1870 1099 1901 cuniam
1113 1868 1202 1904 sciens
1219 1866 1381 1897 credideris.
1428 1862 1481 1893 Sic
1505 1860 1671 1901 Ulpianus.
1720 1857 1788 1890 lino
1807 1858 1855 1889 ul·

982 1913 1081 1943 terius
1105 1909 1146 1942 fic
1171 1907 1294 1939 scribit:
1320 1907 1353 1937 Si
1379 1903 1483 1936 diretta
1507 1901 1690 1934 mandaverit
1712 1900 1766 1930 tibi
1781 1923 1790 1931 .
1820 1905 1856 1930 uc

982 1953 1124 1985 meretrici
1137 1951 1292 1992 pecuniam
1308 1947 1424 1983 credas,
1449 1955 1507 1977 non
1523 1945 1695 1986 obligabitur
1711 1941 1854 1972 mandati:

983 1992 1066 2037 quasi
1090 1994 1227 2027 adversus
1252 1991 1353 2021 bonam
1371 1987 1460 2028 fidem
1492 1987 1663 2018 mandatum
1682 1981 1733 2021 fic.
1784 1981 1858 2013 Pul·

985 2035 1145 2068 cherrime
1171 2032 1349 2071 Ulpianus:
1372 2038 1408 2060 ac
1434 2028 1559 2066 nescio,
1581 2037 1618 2058 an
1644 2024 1790 2065 respiciat
1815 2022 1856 2055 ad

986 2079 1145 2118 optimum
1163 2074 1292 2106 Senecae
1309 2073 1431 2103 locum:
1456 2069 1509 2107 qui
1531 2069 1576 2100 est
1597 2068 1645 2099 lib.
1664 2077 1692 2099 2.
1715 2065 1763 2097 De
1777 2066 1857 2095 hene-

982 2120 1035 2161 fic.
1055 2129 1079 2150 c.
1103 2128 1149 2158 14.
1172 2114 1278 2157 potest
1300 2121 1389 2144 certe
1409 2121 1447 2143 ex
1467 2111 1531 2142 hoc
1549 2109 1678 2151 egregie
1694 2105 1857 2143 illustrari:

987 2169 1022 2234 ult
1044 2160 1121 2192 olim
1140 2156 1271 2233 'gstendi
1294 2155 1342 2187 lib.
1360 2164 1389 2196 3.
1412 2152 1608 2186 Probabilium
1630 2160 1653 2182 c.
1679 2159 1708 2181 2.
1733 2149 1786 2181 ubi
1795 2170 1806 2188 ‚
1835 2146 1860 2181 fi

986 2212 1007 2245 p
1022 2208 1095 2234 acet
1117 2211 1147 2233 vi
1173 2210 1202 2232 e.

789 2290 824 2325 T
858 2299 871 2324 1
903 2299 926 2323 τ
960 2297 984 2322 u
1018 2273 1085 2322 Lu
1117 2297 1133 2321 s
1183 2284 1234 2321 ΙΙ.

900 2362 1076 2411 Prosocio.

73 2466 331 2544 Mandatum
347 2462 469 2503 excipit
492 2460 644 2492 societas:
668 2466 738 2495 quae
757 2455 801 2488 est
817 2461 942 2486 contra-

200 2506 356 2547 Ctusjuris
374 2505 536 2545 gentium,
562 2506 653 2533 bonae
676 2500 771 2536 fidei,
796 2496 944 2527 constans

76 2550 227 2582 consensu
245 2550 283 2579 de
310 2549 398 2579 lucro
432 2547 461 2576 ἃ
488 2545 605 2576 damno
626 2539 805 2573 communis
830 2538 872 2569 rei
891 2544 944 2568 ant

76 2601 182 2631 operae
200 2613 210 2628 ‚
239 2590 319 2620 inter
342 2589 445 2619 socios
466 2584 747 2617 communicandO.
801 2579 853 2610 De
885 2579 944 2610 hae

75 2632 230 2665 societate
246 2631 372 2661 videtur
396 2630 457 2660 tale
473 2627 564 2660 fuisse
581 2626 738 2657 Edictum.
782 2622 815 2653 Si
830 2621 946 2659 societas

78 2676 152 2706 coita
170 2672 220 2713 effe
246 2672 370 2707 direrur,
395 2671 469 2711 quod
489 2676 540 2710 pru
556 2669 634 2706 >[acio
659 2666 881 2697 communiterve
897 2671 945 2701 ge-

71 2715 152 2759 stum
168 2719 240 2751 erit,
262 2714 294 2742 sle
310 2720 337 2741 eu
348 2712 492 2752 judicium
512 2712 590 2742 dubo.
633 2707 709 2740 Hoc
730 2705 874 2737 Edictum
902 2703 947 2734 est

78 2755 302 2797 aequiffimum',
333 2753 361 2783 &
385 2754 422 2783 ad
443 2752 610 2792 juvandam
641 2751 714 2780 vitae
738 2745 949 2778 commodita-

80 2805 146 2831 tem
165 2795 387 2828 necessarium:
411 2795 537 2832 quando
553 2793 632 2831 saepe
650 2790 828 2830 contingit,
848 2796 881 2818 ut
898 2786 950 2817 0111

79 2847 216 2882 pecunia
240 2835 403 2875 suppetit,
426 2835 455 2863 in
473 2843 513 2864 eo
529 2832 676 2864 industria
692 2831 901 2863 desideretur:
920 2828 950 2859 δε

81 2882 136 2923 qui
162 2880 311 2919 sapientia
337 2876 421 2906 valet
449 2884 520 2905 eurn
544 2875 673 2906 fortuna
699 2872 857 2905 destituat.
905 2869 951 2901 Ita

81 2922 170 2964 quod
187 2926 297 2952 neuter
313 2915 419 2957 potest
440 2926 495 2956 per
515 2915 544 2946 se
569 2925 708 2955 quaerere
726 2921 776 2945 aut
794 2913 895 2948 tueri,
920 2910 951 2941 id

82 2972 218 3003 Uterque
235 2958 339 2999 potest
354 2957 516 2988 0110113613
533 2956 681 2988 societate
698 2955 831 2994 assequi:
855 2961 952 2992 atque

82 3015 124 3038 eo
142 3005 239 3035 tutius
257 3001 543 3037 commodiusque,
566 2999 651 3035 quod
677 3005 846 3036 utrumque
863 3002 952 3024 com-

80 3048 184 3080 munis
212 3044 278 3079 spes
303 3050 450 3073 metusve
475 3049 619 3078 peraeque
637 3040 757 3070 excitat
779 3040 816 3067 ad
833 3036 956 3075 praella-

84 3090 205 3120 tionem
219 3084 295 3116 'fidei
315 3083 343 3113 ii·
360 3082 552 3120 mitriaeque:
578 3080 640 3120 pari
659 3079 904 3120 utriusquejure
922 3084 953 3106 in

82 3131 174 3163 luca-0
192 3129 391 3164 dmi-imque:
417 3131 449 3154 ut
469 3122 535 3161 post
554 3122 686 3153 dicetur.

124 3173 174 3201 Ait
195 3169 332 3203 Praetu,
360 3166 390 3194 S'z·
408 3165 520 3194 societas
536 3166 608 3193 coita
623 3163 672 3202 effe
688 3163 811 3193 dicetur.
858 3158 955 3200 Igitur

83 3221 118 3245 ut
134 3211 171 3245 fit
188 3220 247 3252 pro
264 3209 353 3242 socio
369 3207 472 3246 36110,
497 3212 684 3238 locietatcm
701 3202 902 3235 intercedere
919 3210 953 3232 ο-

984 2457 1106 2494 portet.
1119 2458 1179 2482 nec
1189 2447 1312 2485 sufficit,
1322 2454 1389 2477 rem
1399 2443 1461 2476 esse
1471 2448 1690 2479 communem,
1699 2437 1754 2471 nifi
1765 2437 1860 2470 socie-

986 2502 1032 2525 tas
1042 2491 1222 2524 intercedit.
1233 2486 1364 2521 interest
1373 2487 1457 2517 enim
1468 2485 1549 2515 inter
1560 2484 1816 2514 communionem
1830 2480 1860 2511 ὅτ.

986 2535 1171 2566 societatem
1187 2539 1240 2562 :ut
1256 2532 1339 2561 inter
1355 2537 1456 2569 genus
1474 2526 1502 2556 61
1514 2522 1858 2565 speciem.communio

987 2576 1031 2608 est
1042 2584 1139 2617 genus
1151 2573 1252 2612 :cujus
1264 2578 1367 2611 partes
1377 2571 1447 2600 duze
1459 2567 1527 2598 sunt
1539 2577 1546 2599 :
1556 2564 1742 2597 communio
1752 2565 1782 2594 in
1793 2563 1861 2603 spe-

988 2619 1037 2649 cie
1048 2620 1075 2648 dt
1085 2616 1229 2647 societas.
1241 2615 1271 2644 in
1283 2612 1368 2643 illam
1385 2610 1571 2647 incidimus,
1584 2607 1671 2639 nullo
1682 2605 1793 2637 habito
1803 2612 1862 2635 tra-

989 2660 1072 2692 61310
1084 2659 1123 2689 de
1135 2658 1224 2688 lucro
1235 2655 1262 2686 &
1273 2655 1390 2684 damno
1403 2661 1409 2682 :
1420 2652 1488 2682 haec
1498 2649 1559 2681 fine
1570 2648 1647 2680 tract
1666 2657 1700 2679 tu
1712 2647 1795 2678 nulla
1805 2644 1858 2675 est.

991 2701 1075 2733 illam
1099 2709 1148 2731 res
1165 2697 1259 2729 facit:
1283 2695 1365 2726 hanc
1386 2693 1507 2725 animus
1525 2690 1689 2730 utriusque
1706 2687 1793 2719 socii.
1815 2686 1861 2716 111-

993 2744 1033 2775 de
1051 2742 1143 2772 Livio
1166 2739 1212 2770 lz'b.
1230 2743 1258 2772 8.
1275 2747 1298 2768 c.
1316 2747 1344 2775 4.
1374 2736 1490 2767 dicitur
1504 2732 1642 2774 aequatio
1659 2730 1744 2771 juris.
1769 2726 1859 2766 Papi-

993 2786 1102 2815 nianus
1124 2782 1143 2812 l.
1165 2785 1216 2822 63.
1239 2781 1267 2810 b.
1284 2784 1305 2809 t.
1329 2777 1391 2816 ait,
1414 2785 1481 2808 eam
1508 2769 1804 2815 quodammodo-in
1829 2765 1860 2797 se

993 2825 1112 2856 habere
1133 2823 1182 2863 jus
1198 2819 1419 2852 fraternitatis:
1441 2818 1473 2849 id
1489 2816 1551 2854 est,
1576 2814 1735 2854 quoddam
1753 2818 1801 2849 jus
1819 2817 1860 2838 ae-

993 2866 1164 2906 qualitatis.
1189 2872 1260 2894 nam
1285 2863 1366 2893 hanc
1388 2859 1534 2900 indigitat
1559 2854 1749 2888 fraternitas,
1800 2848 1862 2895 La-

995 2907 1129 2939 &antius
1145 2906 1192 2936 lib.
1208 2915 1237 2945 5.
1256 2903 1361 2934 Divin.
1377 2899 1467 2941 instit.
1485 2910 1507 2930 c.
1527 2908 1574 2937 15.
1621 2895 1685 2927 Nec
1699 2893 1758 2939 01111
1774 2893 1861 2930 causa

996 2947 1034 2988 est
1045 2973 1055 2985 ,
1078 2958 1129 2979 cur
1140 2948 1219 2978 nohis
1235 2946 1356 2976 invicem
1362 2943 1500 2984 fratrum
1516 2946 1615 2970 nomen
1642 2937 1860 2974 imperativum,

995 2989 1053 3028 msz'
1075 2991 1142 3031 quia
1160 2996 1244 3028 pares
1274 2985 1324 3027 effe
1344 2995 1394 3016 nos
1418 2985 1566 3015 credimus.
1611 2977 1671 3007 Sed
1695 2984 1734 3005 ex
1759 2973 1861 3005 solido

999 3031 1213 3075 Quintilianus
1229 3028 1391 3060 Declamat.
1416 3034 1481 3066 320.
1506 3019 1709 3052 aGronovio
1732 3013 1774 3046 V.
1801 3014 1863 3046 CL.

995 3074 1037 3106 fic
1055 3072 1228 3104 restitutus:
1253 3071 1344 3101 Sacra
1361 3078 1404 3099 res
1420 3064 1475 3105 esi}e
1493 3062 1529 3096 ὃ)
1543 3060 1672 3102 qztaeslssm
1687 3057 1862 3094 fraternitas

997 3113 1157 3156 conjunftz'o
1177 3115 1320 3143 bonorum.
1344 3109 1481 3141 consertes
1500 3105 1573 3133 cuim
1598 3097 1793 3140 Dotestfacere
1814 3107 1863 3128 ca-

986 3162 1059 3197 sus:
1078 3161 1207 3186 caeterum
1239 3154 1353 3195 quidem
1379 3157 1444 3179 cum
1468 3146 1522 3175 cluo
1545 3144 1669 3173 homines
1687 3149 1779 3170 omnes
1797 3139 1864 3178 for-

995 3205 1084 3232 cunas
1099 3207 1174 3240 duas
1196 3195 1379 3228 coutucerunt-
1398 3211 1408 3228 ‚
1437 3195 1530 3219 omnes
1562 3183 1645 3224 casus
1669 3183 1861 3224 miscuerunt,

1773 3231 1866 3253 unum
