2036 3495
157 149 226 190 448

160 232 269 268 senfit,
284 228 409 271 paetum
426 224 525 256 videri
538 222 615 264 jussa
630 229 671 253 ex
688 220 793 252 causa:
810 221 917 260 itaque
932 220 1025 252 ratio·

159 275 208 305 nis
225 271 305 308 esse,
329 276 363 299 ut
379 276 447 306 quae
466 265 572 296 heredi
590 264 678 294 datur
700 262 869 299 exceptio,
892 269 928 291 ea
944 261 980 292 fit
996 261 1025 292 ἀ

159 310 326 352 fidejuss'ori
347 309 375 338 ἂ
391 305 564 337 mandatori
581 303 692 334 danda.
736 301 797 332 Sed
815 302 912 341 quid,
935 301 955 332 ss
974 302 1025 332 ab·

161 354 257 385 fuerit
275 347 441 380 creditor?
462 353 551 385 putat
574 344 707 381 Paulus,
728 342 832 373 adhuc
855 351 973 373 nocere
994 343 1024 382 ei

160 393 340 434 paetionem
362 388 487 427 majoris
510 385 605 426 partis
633 384 851 415 creditorum:
875 382 895 414 fi
920 383 1024 422 malit,

160 431 301 465 defuncti
319 430 485 463 heredem,
514 436 606 467 quam
622 424 851 464 fidejussorem,
875 432 927 455 aut
946 434 1028 455 man-

161 475 325 510 datorem,
350 471 380 500 in
398 468 530 499 solidum
549 466 733 498 convenire.
766 465 933 503 nimirum,
957 465 1028 505 quia

162 513 271 545 absens
289 512 384 542 debet
406 509 490 549 sequi
509 508 690 544 exemplum
714 506 838 545 majoris
855 507 949 545 partis
964 515 1029 536 cre-

162 556 319 586 ditorum:
342 552 479 583 maxime
495 549 514 581 fl
532 548 718 580 confirmata
734 548 880 579 Praetoris
896 548 1029 578 decreto

160 595 197 627 sit
217 603 325 625 eorum
343 592 455 633 pactio.
501 590 563 621 Sed
579 590 672 630 quid,
696 587 716 620 fi
737 588 788 618 hic
804 589 944 618 creditor
965 596 1028 618 non

163 637 260 677 eligat
284 634 437 666 debitoris
464 632 612 663 heredem
630 653 640 668 ‚
670 629 720 661 sed
745 627 955 668 fidejufforem
978 635 1031 659 aut

163 679 402 713 mandatorem,
424 673 511 713 quod
528 672 634 703 facere
651 670 755 711 potuit
775 669 846 709 jure
866 669 1030 715 Pandeeta—

163 718 260 750 rum?
276 714 620 751 dicemusne,dandam
638 713 664 743 ei
682 711 762 752 pafti
779 710 1031 750 exceptionem?

161 760 226 791 Sed
252 768 316 789 non
342 764 429 796 putat
456 755 586 792 Paulus,
611 751 780 792 fidejuss'ori
799 751 953 790 dandam3
975 751 1031 782 etfi

164 801 274 832 heredi
291 800 391 830 detur.
411 797 563 836 primum,
583 796 654 835 quia
671 793 765 824 habet
781 792 920 824 creditor
936 792 1032 823 actio·

165 851 240 873 nem
257 849 319 872 non
337 839 433 870 modo
449 836 594 868 adversus
613 834 755 866 defuncti
774 833 927 865 debitoris
945 833 1031 864 here-

165 884 256 914 dem:
280 880 331 912 sed
356 879 449 910 etiam
472 876 617 909 adversus
641 874 871 915 fidejussorem;
895 882 991 914 atque
1008 875 1045 907 is.

166 922 322 954 solvendo
340 919 403 958 est,
427 927 616 960 quamquam
641 916 795 949 solvendo
816 925 878 946 non
897 915 931 946 sit
949 915 1032 955 prin-

167 964 275 1004 cipalis
301 962 446 993 debitor:
469 961 611 1000 iniquum
634 967 732 998 porro
753 956 858 995 soret,
882 956 1032 1002 creditori

167 1006 268 1036 aliena
293 1002 439 1042 pastione
464 1001 580 1033 auferri
604 1000 794 1031 electionem
820 998 1033 1029 conveniendi

167 1046 217 1076 vel
237 1045 337 1083 hunc,
362 1043 535 1075 velillum:
561 1041 692 1082 perinde
711 1048 747 1070 ac
762 1039 781 1070 fi
800 1040 867 1079 quis
886 1039 980 1076 velit,
1005 1048 1034 1068 a·

168 1088 251 1120 liena
271 1085 418 1126 pactione
429 1083 554 1115 alterius
571 1084 682 1124 pignus
694 1088 745 1112 aut
761 1079 959 1120 privilegium
977 1079 1036 1110 tol·

167 1129 199 1160 li.
232 1127 267 1160 Id
285 1127 389 1158 adhuc
405 1126 517 1156 clarius
532 1124 624 1162 fore,
647 1130 735 1163 putat
754 1121 862 1153 Paulus
878 1122 905 1152 d.
924 1121 952 1162 §.
972 1130 997 1152 1.
1015 1120 1035 1152 l.

168 1174 225 1211 58:
248 1167 463 1209 cogitantibus
481 1164 615 1206 potuiss'e
630 1164 841 1200 creditorem,
865 1161 885 1193 fi
903 1161 1036 1201 praesens

169 1210 294 1248 fuiffet,
318 1209 348 1239 id
369 1207 466 1247 ipsum
482 1207 696 1246 proclamare,
714 1213 774 1235 nec
791 1203 964 1235 desiderare
981 1204 1033 1233 de-

169 1259 293 1282 cretum
312 1249 475 1280 Praetoris:
493 1249 524 1278 id
540 1246 603 1284 est,
623 1245 755 1287 potuiffe
772 1244 946 1284 protestari.
971 1243 1035 1274 hoc

170 1293 257 1324 enim
272 1289 423 1332 fignificat
436 1298 472 1320 ea
489 1298 571 1323 vox,
589 1288 784 1329 proclamare,
805 1293 838 1316 ut
854 1285 883 1316 in
900 1285 955 1315 illo
970 1283 1034 1315 Ta-

170 1335 226 1364 citi
237 1334 284 1363 lib.
308 1340 352 1371 13.
369 1330 480 1361 Annal.
499 1340 522 1360 c.
545 1338 588 1370 13.
608 1329 663 1359 Sed
677 1328 841 1369 Agrippina
856 1336 913 1357 non
930 1326 973 1356 his
991 1327 1034 1356 in-

164 1372 246 1415 strui
262 1373 354 1403 cultus
372 1374 452 1409 suos,
474 1370 519 1405 sed
535 1371 632 1400 ceteris
647 1370 735 1400 arceri
743 1367 909 1408 proclamat.
951 1365 989 1396 Et
1005 1374 1034 1396 a·

173 1417 239 1456 pud
256 1413 506 1457 Quintilianum,
524 1410 653 1441 Declom.
672 1419 699 1450 7.
719 1415 780 1449 cap.
797 1418 826 1447 5.
842 1407 888 1438 lta
906 1416 962 1437 non
977 1412 1037 1437 erat

174 1462 273 1487 contra
294 1453 526 1495 proclamationis
541 1452 630 1490 fidem
647 1474 657 1489 ,
680 1449 709 1488 fi
733 1458 810 1493 nime
834 1457 916 1489 agere
936 1447 1039 1488 poffem

173 1499 302 1538 quietum
319 1492 526 1532 modestamque
539 1492 680 1531 miserum.
719 1490 771 1527 Si,
791 1497 937 1527 inquam,
962 1498 1038 1529 prae·

172 1539 240 1568 iens
256 1534 359 1566 fuiffet
370 1534 525 1564 creditor:
540 1530 691 1572 potuisset
708 1528 872 1571 protestari
883 1553 892 1568 ,
909 1528 971 1561 five
986 1539 1039 1571 pa·

175 1578 235 1609 lam
261 1577 413 1611 clamare,
438 1572 468 1604 se
494 1582 559 1604 non
578 1571 752 1603 desiderare
767 1570 914 1602 Praetoris
930 1571 1038 1603 decre-

172 1625 256 1650 tum:
280 1616 357 1658 quin
374 1614 485 1654 malle,
502 1613 625 1647 servato
642 1612 697 1645 suo
711 1612 784 1654 Jure
800 1611 945 1646 adversus
961 1612 1038 1646 fide·

742 135 1046 170 GERARDI

1111 131 1343 167 Noonr

1065 220 1212 259 jufforem
1224 243 1232 259 ,
1253 220 1302 251 seu
1320 219 1559 257 mandatorem,
1582 218 1665 250 ultro
1683 220 1859 253 concedere
1877 220 1931 253 he«
1974 222 1977 223 ⁷

1068 263 1134 292 redi
1163 262 1316 300 personali
1341 261 1450 301 paeto,
1473 268 1540 291 non
1565 260 1735 297 petiturum
1760 260 1789 291 se
1811 263 1848 292 ab
1865 263 1930 301 ejus

1068 301 1198 374 persona
1208 302 1336 334 solidam
1353 302 1453 333 debiti
1469 301 1687 341 quantitatem.
1712 300 1786 331 Hoc
1800 304 1934 340 primum

1095 344 1153 374 auli
1173 344 1204 374 in
1222 345 1250 374 cl.
1268 343 1286 375 l.
1304 347 1354 383 58.
1372 342 1400 383 §.
1422 351 1447 373 1.
1478 349 1719 383 argumentum:
1741 342 1833 381 eique
1857 352 1933 374 mort

1070 384 1195 415 accedit
1209 385 1341 415 alterum
1359 384 1388 414 in
1407 383 1454 415 his
1465 383 1581 414 verbis.
1605 382 1671 414 Nec
1685 383 1759 412 enim
1772 382 1800 419 fi
1815 384 1877 422 quis
1893 384 1934 413 di·-

1070 425 1148 455 xerit
1166 425 1406 464 summovendum
1432 426 1619 461 creditorem,
1645 424 1738 454 heredi
1761 423 1934 462 consulitur,

1061 465 1116 505 sed
1140 467 1302 496 mandatori
1324 465 1371 496 vel
1388 463 1547 506 fidejaffleri
1567 466 1670 505 quibus
1687 466 1817 495 mammii
1827 465 1935 505 judicio

1071 507 1193 537 eamdem
1204 513 1317 546 partem
1331 504 1518 547 praeJlaturus
1534 504 1581 546 est.
1629 505 1740 536 Sensus
1762 505 1822 536 est:
1847 507 1934 545 quod

1072 546 1115 578 D.
1133 546 1261 578 Marcus
1279 548 1405 587 quidem
1427 548 1547 585 voluit,
1572 547 1679 578 heredi
1696 546 1879 584 consulere,
1903 554 1937 577 ut

1074 588 1188 619 habeat
1211 597 1276 627 quo
1294 589 1446 619 invitetur
1461 589 1498 619 ad
1515 589 1688 619 adeundam
1706 588 1933 618 hereditatem:

1073 629 1126 660 sed
1149 638 1213 659 non
1234 637 1324 666 aeque
1339 629 1459 667 voluit,
1484 630 1547 668 ejus
1563 628 1730 669 fidejussori
1747 636 1800 659 aut
1814 629 1938 660 manda-

1073 671 1135 701 tori
1158 669 1316 710 procless'e:
1340 679 1380 701 eo
1396 672 1482 710 quod
1499 671 1587 710 hujtts
1603 671 1809 701 commodum
1825 678 1877 700 aut
1895 670 1939 700 in-

1075 712 1280 742 commodum
1295 710 1333 741 ad
1348 719 1414 741 rem
1430 711 1613 750 praesentem
1630 712 1707 742 nihil
1723 710 1862 741 confert.
1896 712 1937 741 At

1075 753 1159 784 enim
1185 750 1361 791 fidejussor,
1383 750 1403 782 fi
1420 751 1549 783 solidum
1566 762 1623 792 pro
1642 753 1760 783 herede
1776 752 1885 790 solvit,
1910 752 1941 782 id

1075 794 1114 825 ab
1127 793 1245 824 herede
1260 792 1516 832 recipitmandati
1529 793 1657 832 judicio.
1683 793 1722 823 Et
1738 794 1778 824 ita
1794 793 1940 832 est,prae-

1077 834 1258 872 terquamin
1270 833 1328 864 hac
1344 833 1466 873 specie:
1481 835 1510 864 in
1527 843 1586 873 qua
1604 843 1636 865 ut
1653 833 1782 865 solidum
1799 834 1939 864 credito·

1075 876 1101 907 ri
1124 875 1278 913 solverit3
1302 873 1343 905 nil
1370 875 1483 912 recipit
1506 883 1620 914 praeter
1643 883 1762 915 partem
1787 874 1939 905 creditori

1077 918 1211 948 dandam
1229 925 1267 946 ex
1286 916 1418 946 decreto
1436 915 1597 947 Praetoris:
1622 924 1792 956 propterea
1807 916 1893 955 quod
1909 915 1938 945 &z

1076 957 1139 998 ipse
1155 957 1199 989 est
1214 956 1354 988 creditor
1369 955 1524 987 debitoris
1539 956 1698 998 respectt13
1716 957 1744 988 ὅ(
1761 957 1896 988 mandati
1912 966 1943 986 a·

1077 1009 1170 1040 gens,
1194 1005 1321 1029 tenetur
1345 996 1429 1037 sequi
1453 998 1632 1038 exemplum
1657 999 1787 1028 aliorum
1804 998 1942 1028 credito-

1077 1050 1158 1072 rum.
1179 1041 1221 1070 ita
1238 1038 1259 1070 fi
1276 1039 1427 1077 exceptio
1444 1038 1550 1070 heredi
1569 1047 1756 1079 competens
1768 1062 1776 1077 ,
1800 1048 1942 1070 commu-

1078 1082 1236 1113 nicaretur
1260 1089 1330 1111 cum
1348 1079 1541 1119 fideJuss'ore:
1564 1089 1661 1120 magis
1684 1081 1737 1120 (ut
1753 1079 1864 1111 Paulus
1881 1080 1941 1110 ani-

1079 1122 1369 1161 madvertitddffg
1382 1120 1409 1162 §.
1425 1122 1459 1160 1)
1474 1120 1537 1161 ipse
1551 1122 1748 1160 adjuvaretur
1766 1120 1941 1160 fidejussor,

1079 1173 1171 1204 quam
1197 1162 1336 1194 defuncti
1359 1161 1470 1193 heres:
1489 1172 1560 1193 cum
1587 1171 1737 1203 oporteat
1754 1162 1838 1193 hune
1852 1171 1941 1201 aeque

1078 1203 1226 1235 adversus
1250 1204 1336 1234 illum
1348 1225 1357 1241 ,
1381 1212 1475 1243 atque
1490 1204 1636 1235 adversus
1653 1204 1792 1244 reliquos
1809 1204 1943 1234 creditoae

1078 1255 1126 1277 res
1142 1245 1221 1285 pacti
1239 1246 1430 1283 exceptione
1446 1243 1585 1275 defendi.
1610 1244 1704 1276 Plane
1719 1246 1749 1276 in
1766 1243 1828 1275 fine
1843 1247 1860 1275 d
1880 1244 1898 1285 §
1920 1254 1941 1276 t.

1077 1286 1159 1326 l.58.
1183 1286 1223 1316 ait
1236 1284 1363 1323 Paulus,
1379 1284 1439 1315 ess'e
1451 1284 1571 1323 casum,
1587 1285 1617 1316 in
1630 1295 1694 1323 quo
1711 1286 1805 1316 etiam
1825 1286 1944 1317 absenti

1079 1327 1413 1365 creditoridenegetur
1427 1325 1599 1357 insolidum
1615 1326 1695 1357 aftio
1704 1326 1848 1357 adversus
1862 1336 1946 1358 man·

1079 1369 1223 1399 datorem
1240 1375 1293 1398 aut
1308 1366 1525 1406 fidejussorem.
1550 1368 1573 1398 is
1589 1367 1672 1399 casus
1690 1367 1752 1398 est:
1768 1367 1786 1398 fi
1803 1369 1944 1399 creditor

1079 1408 1237 1446 reversus,
1252 1407 1442 1439 consenserit
1454 1408 1545 1448 pasto
1556 1409 1678 1448 majoris
1694 1410 1789 1448 partis
1805 1410 1945 1439 credito-

1080 1458 1147 1480 rum
1164 1448 1248 1480 facto
1263 1458 1304 1480 ex
1320 1450 1451 1480 decreto
1467 1449 1630 1486 Praetoris:
1656 1451 1705 1481 vel
1721 1450 1740 1480 ss
1764 1449 1803 1479 ab
1827 1451 1944 1480 herede

1081 1490 1241 1530 acceperit
1257 1497 1376 1529 partem
1393 1491 1432 1521 de
1449 1499 1508 1530 qua
1524 1491 1685 1522 convenit.
1711 1491 1738 1522 ἃ
1756 1490 1849 1521 τεᾶς.
1869 1491 1944 1528 quid

1082 1531 1165 1561 enim
1191 1529 1305 1561 refert:
1329 1539 1432 1562 utrum
1456 1531 1546 1571 patto
1563 1533 1601 1562 ab
1618 1532 1710 1563 initio
1730 1531 1942 1569 consenserit,

1082 1580 1120 1602 an
1136 1572 1167 1602 id
1182 1570 1290 1611 postea
1306 1571 1450 1603 habuerit
1465 1580 1585 1603 ratum:
1606 1574 1701 1611 item,
1721 1581 1824 1612 utrum
1843 1573 1944 1610 palam

1081 1612 1274 1645 consenserit
1289 1613 1411 1653 verbis,
1433 1622 1470 1646 an
1487 1614 1582 1644 tacite
1597 1614 1689 1646 rebus
1707 1614 1737 1645 δι-
1751 1613 1868 1645 factis?

859 1719 1072 1757 CAPUT
1130 1719 1260 1756 XXII.

408 1802 575 1840 scevolam
590 1805 621 1838 in
638 1802 658 1839 I.
682 1812 737 1847 14.
757 1800 800 1838 D.
821 1801 856 1836 de
875 1802 1133 1837 transatzionibus
1153 1812 1210 1835 non
1220 1798 1360 1846 servqffi:
1372 1800 1503 1847 gloriam
1519 1801 1716 1847 integritatis.

174 1909 297 1983 Age,
320 1908 534 1940 examinemus
557 1915 642 1938 nune
666 1912 807 1937 veterem
832 1905 861 1937 &
880 1904 1040 1937 celebrem

254 1949 499 1983 difficultateml.
516 1959 562 1988 14.
576 1948 616 1979 D.
631 1946 932 1978 detransattionibus:
948 1955 1040 1987 quam

174 1992 348 2023 Florentiae
361 1992 402 2022 ita
413 1990 546 2022 exhibet
565 1988 745 2020 Franciscus
756 1987 943 2019 Taurellius.
970 1988 1042 2018 Con-

175 2032 313 2069 troverfia
334 2034 410 2063 inter
432 2032 456 2063 le
478 2033 590 2062 itimum
614 2029 650 2064 &²
668 2031 808 2069 scriptum
833 2029 958 2059 heredem
979 2034 1041 2060 orta

177 2072 233 2114 est:
249 2083 333 2114 eaque
349 2040 539 2104 transtu-{ione
546 2070 629 2111 fabia
644 2077 722 2101 certa
732 2069 885 2111 legefinita
894 2068 931 2110 est
943 2080 952 2100 :
966 2079 1041 2110 (μιαι-

177 2125 228 2152 ro,
250 2116 399 2145 creditores
413 2124 494 2155 quem
511 2113 661 2144 convenire
671 2111 810 2152 pofftmt?
833 2110 1006 2151 Respondit,
1016 2109 1044 2148 si

175 2156 263 2186 iidem
279 2157 426 2185 creditores
442 2156 545 2196 effent:
567 2154 640 2195 [qui
657 2152 876 2184 immunitionem
887 2151 1042 2193 feciffent]

170 2195 199 2235 fi
215 2197 266 2227 alii
282 2197 431 2226 creditores
448 2196 549 2236 effertt:
569 2200 682 2236 propter
696 2194 838 2224 incertum
849 2193 1042 2233 lucceffionz‘s,

171 2244 226 2278 pro
247 2242 328 2277 parte
350 2237 531 2274 hereditatis,
554 2246 639 2276 quam
662 2241 779 2277 uterque
801 2237 831 2264 in
850 2233 1041 2265 transactione

176 2277 356 2319 exprefferit‚
373 2278 491 2308 utilibus
505 2278 714 2308 conveniendus
731 2275 778 2314 eli.
802 2274 924 2307 Desunt
943 2284 1042 2315 pauca

175 2319 324 2360 perfeeto
341 2318 454 2350 sensui:
471 2319 581 2358 quaein
598 2316 723 2348 vetusto
739 2317 821 2349 libro
830 2315 1042 2356 manuscripto

176 2369 271 2401 quem
283 2361 313 2391 in
326 2360 481 2390 Adnotatis
492 2360 606 2400 allegat
623 2357 820 2396 Taurellius‚
837 2359 901 2398 ejus
917 2358 1042 2397 opinio·

175 2412 234 2439 ne,
254 2401 295 2432 fic
311 2401 424 2432 rectius
442 2400 635 2441 supplentur.
659 2401 710 2440 qui
727 2398 944 2430 transactionem
953 2399 1041 2438 fecis-

173 2445 256 2482 serit:
271 2444 300 2472 id
315 2443 520 2477 observandum
532 2442 565 2472 de
580 2450 632 2472 cere
642 2442 731 2472 alieno
740 2442 815 2481 quod
830 2442 905 2471 inter
919 2450 961 2471 eos
979 2449 1041 2471 con-

176 2483 303 2522 veniffet.
321 2482 350 2521 fi
368 2483 429 2514 alii.
452 2484 511 2514 ἃς.
536 2491 641 2523 eoque
657 2482 755 2513 modo
773 2481 879 2523 legisse
898 2482 1044 2513 videntur

179 2523 303 2561 Graeci,
328 2523 441 2562 Bafiiic.
467 2525 514 2555 lib.
540 2532 589 2555 xi.
620 2525 666 2554 tit.
693 2533 720 2554 2.
741 2530 810 2564 pag.
836 2531 904 2563 777.
930 2529 995 2553 toni.
1017 2531 1042 2553 1.

178 2573 335 2603 praetereo
355 2565 552 2603 Accurfium,
579 2564 813 2603 Haloandrum‚
838 2564 868 2595 δι
887 2562 1043 2595 Vintimil-

179 2607 267 2638 lium.
292 2605 357 2642 Ipse
372 2607 449 2637 nihil
465 2607 625 2646 improbo.
644 2606 697 2637 vix
713 2613 817 2637 tamen
833 2605 959 2643 dubito,
970 2605 1045 2645 quin

179 2646 365 2678 Florentina
381 2647 474 2678 lectio
490 2647 525 2678 fit
542 2657 559 2678 a
575 2656 666 2679 manu
683 2646 854 2684 Scaevoiae,
878 2646 974 2677 etiam
993 2645 1046 2676 ali-

178 2689 212 2719 bi
236 2687 355 2718 utentis
379 2687 593 2720 locutionibus
611 2687 750 2720 obscuris
768 2695 821 2718 aut
839 2686 1045 2727 imperfectis.

179 2728 234 2761 Ne
257 2728 436 2766 exemplum
459 2729 597 2767 deesset,
620 2729 748 2769 apposui
767 2728 926 2768 sequentia
950 2728 1046 2758 verba

180 2780 223 2802 cx
236 2770 255 2800 i.
274 2778 320 2804 29-
340 2768 367 2809 §.
384 2777 427 2799 12.
447 2768 486 2799 D.
505 2772 537 2800 de
552 2771 646 2801 liberis
663 2770 699 2804 69⁹
714 2768 881 2810 posthumis.
905 2768 946 2800 Et
962 2778 1046 2809 rogo.-

178 2810 207 2850 fi
225 2810 325 2850 filium
347 2810 447 2839 babeas
472 2810 507 2843 ὅ)
533 2818 656 2851 nepotem
671 2813 796 2842 nondum
811 2818 914 2842 natum
931 2816 1046 2840 tantum

181 2862 220 2883 ex
236 2861 263 2882 eo
281 2851 404 2881 heredem
426 2848 579 2889 instituas,
597 2852 679 2890 filias
700 2854 830 2890 decedat,
854 2861 920 2882 mox
934 2852 1003 2882 vivo
1021 2857 1046 2881 te

181 2899 266 2933 nepos
288 2890 444 2927 nascatur?
468 2890 517 2921 Ex
540 2894 632 2922 ‘verbis
657 2893 806 2924 dicendum
823 2891 861 2933 eft
878 2902 934 2924 non
952 2893 1047 2932 rumpi

182 2933 390 2974 testamentum.
434 2931 576 2962 Scaevoia
597 2934 639 2963 ait
655 2956 665 2970 ,
689 2934 718 2965 se
741 2944 861 2974 rogare.
891 2941 923 2965 at
946 2933 1045 2973 quid?

182 2985 250 3008 non
267 2975 367 3014 liquet
382 2982 422 3004 ex
438 2973 696 3012 interrogatione.
722 2982 841 3006 tantum
861 2984 900 3006 ex
918 2974 1046 3014 respon-

182 3019 269 3050 sione
291 3015 494 3055 intelligitur,
520 3022 590 3043 eum
614 3022 745 3052 rogare,
768 3025 804 3047 an
822 3024 982 3056 rumpatur
1001 3023 1046 3046 te-

186 3058 386 3090 stamentum.
431 3054 619 3094 Exemplum
643 3053 707 3084 hoc
724 3057 795 3087 dedi
812 3066 827 3086 a
845 3057 987 3087 Scaevola
1005 3056 1047 3087 su-

184 3099 303 3139 periori
326 3097 434 3128 simile.
463 3096 573 3127 liceret
598 3094 684 3134 plura
706 3104 816 3133 petere
835 3098 873 3128 ab
890 3099 967 3129 aliis.
997 3096 1048 3128 sed

185 3140 341 3179 praevenit
365 3137 557 3177 diligentiam
583 3144 683 3167 meam
701 3134 878 3167 Gulielmus
896 3139 1047 3176 Budaeus,

188 3181 300 3212 Annot.
325 3181 361 3210 ad
388 3177 526 3210 Pandett.
551 3184 619 3218 pag.
638 3180 692 3216 76,
718 3175 823 3217 &sell-
847 3177 875 3206 &
893 3179 960 3215 post
976 3189 1048 3210 eum

186 3219 367 3254 Franciscus
384 3219 548 3254 Duarenus
564 3219 612 3250 tib.
634 3226 661 3251 1.
682 3216 799 3258 Dtspm.
816 3218 933 3250 Annio.
949 3229 974 3250 c.
990 3229 1048 3258 50:

1083 1904 1113 1935 in
1133 1903 1193 1936 suis
1211 1904 1414 1937 observantes
1439 1903 1738 1944 Anantapodotum‚
1762 1901 1902 1941 schema:
1922 1905 1944 1936 fi

1084 1945 1208 1978 schema
1233 1945 1411 1977 habendum
1434 1947 1519 1985 quod
1544 1947 1573 1976 in
1591 1944 1733 1976 sermone
1750 1943 1785 1976 fit
1800 1946 1944 1977 excusan-

1083 1987 1157 2019 dum
1175 1987 1293 2027 magis,
1318 1995 1411 2026 quam
1436 1987 1644 2025 laudandum,
1668 1993 1755 2017 certe
1773 1996 1835 2018 non
1851 1986 1943 2018 facile

1083 2029 1286 2060 imitandum:
1309 2030 1429 2067 optima
1450 2028 1594 2059 oratione
1611 2027 1751 2067 perfetta
1766 2028 1792 2058 δι
1812 2029 1945 2060 maxime

1084 2069 1257 2110 perspicua.
1302 2067 1533 2109 Quintilianum
1550 2071 1619 2099 audi
1636 2069 1682 2099 lib.
1703 2073 1730 2102 8.
1750 2066 1819 2109 lust.
1836 2075 1904 2100 orat.
1919 2078 1945 2100 c.

1085 2121 1113 2142 2.
1127 2117 1157 2150 p.
1175 2115 1245 2150 677.
1286 2110 1378 2141 Nobis
1392 2111 1486 2150 prima
1496 2109 1536 2148 fit
1552 2111 1646 2140 virtus
1659 2110 1860 2150 perspicuitas,
1880 2118 1945 2151 pro-

1082 2153 1147 2192 pria
1169 2153 1257 2182 verlm
1268 2173 1277 2188 ,
1300 2149 1393 2181 rebius
1417 2152 1500 2190 ordo,
1522 2161 1578 2181 nort
1595 2152 1626 2181 t'n
1643 2151 1759 2189 longum
1775 2152 1865 2183 dilata
1882 2161 1945 2181 con-

1085 2191 1186 2230 clufio:
1210 2192 1282 2222 nihil
1297 2201 1386 2232 neque
1402 2191 1488 2229 defit,
1506 2201 1595 2232 neque
1605 2191 1777 2232 superfluat.
1801 2195 1843 2223 ita
1860 2192 1945 2227 sermo

1086 2233 1121 2268 ὅ)
1137 2233 1224 2264 άοέῖίς
1235 2234 1406 2274 probabilis,
1423 2233 1572 2272 &planus
1588 2235 1724 2273 imperitis
1739 2235 1802 2264 erit.
1828 2233 1945 2264 Verum

1086 2275 1154 2306 haec
1180 2283 1351 2313 utcumque
1373 2275 1570 2313 accipientur
1587 2298 1596 2311 ,
1627 2284 1689 2305 non
1713 2276 1861 2305 verterim
1885 2283 1946 2305 ma-

1085 2325 1176 2347 num:
1200 2316 1320 2346 haerent
1344 2316 1427 2346 enim
1452 2316 1535 2346 circa
1558 2316 1652 2347 verba
1668 2317 1696 2346 d.
1715 2315 1735 2347 l.
1756 2325 1802 2354 14.
1826 2317 1861 2347 ad
1879 2324 1946 2346 rem

1085 2366 1148 2388 non
1169 2358 1362 2397 pertingunt.

1125 2398 1309 2437 llludquaeri
1327 2398 1518 2437 dignum:an
1537 2407 1576 2428 eo
1589 2396 1619 2427 in
1639 2397 1713 2428 loco
1730 2396 1869 2427 Scaevola
1887 2395 1945 2427 ser-

1087 2440 1168 2470 varit
1185 2440 1316 2479 gloriam
1337 2440 1468 2480 integrae
1484 2438 1647 2470 veritatis?
1663 2446 1725 2467 non
1743 2438 1847 2476 putavi
1869 2439 1948 2469 olim

1083 2481 1215 2520 juvenis.
1241 2481 1314 2518 quin
1340 2479 1427 2510 ausus
1453 2479 1518 2518 fui,
1541 2482 1628 2518 (quae
1645 2485 1710 2509 erat
1729 2487 1796 2509 mea
1814 2477 1947 2518 fiducia)

1087 2529 1198 2552 contra
1223 2519 1398 2553 Scaevolarn
1424 2519 1502 2551 stare
1523 2519 1718 2550 Probabilium
1740 2519 1787 2549 lib.
1813 2529 1830 2550 2
1867 2529 1891 2550 c.
1918 2529 1947 2550 2.

1087 2571 1170 2594 nunc
1181 2560 1262 2592 flexa
1272 2569 1384 2599 aetate,
1403 2562 1460 2592 alia
1477 2562 1544 2601 quis
1563 2560 1731 2598 exspectet.
1756 2569 1786 2590 at
1802 2570 1861 2601 ego
1879 2570 1949 2591 cau-

1088 2603 1149 2634 sam
1167 2603 1321 2634 mutandae
1345 2602 1505 2633 sententiae
1528 2601 1667 2632 nondum
1685 2602 1789 2631 inveni
1809 2602 1857 2632 val
1877 2611 1947 2640 pro·
1998 2606 2002 2611 ‘

1088 2644 1241 2675 babilem:
1262 2652 1449 2683 quamquam
1467 2642 1546 2682 saepe
1564 2642 1592 2673 ὅ(
1608 2642 1739 2672 multum
1756 2642 1879 2682 quaesivi
1898 2643 1950 2674 ali·

1089 2694 1191 2726 quau).
1215 2685 1309 2725 igitur
1322 2693 1419 2724 pergo
1435 2684 1573 2723 opinari,
1591 2683 1707 2714 dedisse
1723 2683 1895 2715 Scaevolam
1915 2686 1944 2714 in

1087 2728 1116 2758 d.
1133 2726 1151 2756 l.
1173 2735 1218 2764 ¹4-
1249 2725 1394 2756 amicitiae
1422 2733 1474 2755 aut
1496 2726 1624 2765 gratiae:
1646 2733 1678 2755 ut
1699 2734 1715 2754 a
1737 2725 1815 2764 Juris
1836 2725 1947 2766 regulis

1088 2767 1118 2798 se
1136 2775 1280 2798 moveret
1299 2766 1442 2805 longius,
1465 2775 1557 2806 quam
1573 2773 1749 2803 oporteret.
1773 2766 1890 2807 species
1906 2766 1947 2795 sa-

1088 2818 1128 2840 ne
1146 2808 1185 2840 de
1201 2817 1261 2847 qua
1277 2806 1449 2838 consulitur
1461 2830 1470 2844 ,
1486 2816 1549 2838 non
1565 2806 1609 2838 cst
1625 2806 1777 2845 difficilis,
1802 2817 1860 2838 nec
1878 2807 1948 2838 obs-

1088 2859 1180 2881 cura:
1199 2850 1276 2880 licet
1291 2848 1354 2887 ipse
1371 2857 1434 2888 prae
1450 2847 1479 2879 se
1497 2847 1576 2879 ferat
1592 2849 1697 2879 aliter:
1718 2848 1746 2879 ἃ
1762 2858 1828 2880 eam
1847 2848 1947 2880 multi-

1087 2890 1197 2922 fariam
1220 2890 1384 2929 implicent
1408 2889 1570 2920 dottiffimi
1592 2889 1793 2929 interpretes.
1831 2889 1947 2928 species

1087 2933 1278 2973 proponitur
1294 2931 1372 2962 talis.
1398 2929 1620 2962 Controversia
1635 2931 1717 2961 inter
1733 2931 1900 2970 legitimum
1918 2929 1949 2960 &

1091 2975 1239 3012 scriptum
1266 2972 1415 3003 heredem
1441 2979 1510 3002 orta
1536 2971 1597 3003 est:
1621 2981 1721 3010 eaque
1745 2970 1949 3002 transaCtione

1090 3014 1174 3045 facta
1191 3013 1235 3044 est
1253 3012 1358 3044 finita:
1383 3013 1442 3043 hac
1460 3014 1547 3053 lege,
1570 3022 1604 3044 nt
1621 3013 1710 3043 heres
1731 3011 1877 3049 scriptus,
1901 3019 1948 3039 re-

1091 3063 1178 3086 tenta
1200 3062 1288 3095 parte
1312 3062 1397 3085 certa
1422 3054 1602 3085 hereditatis
1620 3076 1629 3091 ,
1657 3052 1803 3090 reliquam
1828 3058 1950 3089 partem

1091 3098 1248 3128 concedat
1266 3096 1419 3136 legitimo.
1445 3103 1557 3135 urgent
1571 3093 1683 3125 deinde
1699 3091 1836 3123 defuncti·
1849 3091 1949 3122 credi-

1092 3146 1177 3169 tores
1193 3137 1380 3168 solutionem
1397 3137 1465 3166 aeris
1480 3137 1583 3167 alieni.
1607 3133 1768 3172 quaeritur‚
1785 3142 1877 3172 quem
1896 3133 1949 3163 de-

1091 3179 1188 3210 beant
1215 3178 1404 3215 convenire,
1429 3177 1577 3207 heredem
1600 3174 1763 3213 scriptum,
1786 3183 1822 3203 an
1848 3173 1947 3213 legiti-

1091 3229 1188 3253 mum.
1230 3218 1311 3251 Haec
1327 3217 1464 3259 species,
1487 3217 1555 3248 haec
1571 3213 1715 3256 quaestio:
1738 3223 1869 3255 utraque
1883 3215 1949 3257 bre-

1901 3261 1947 3283 vis
