2052 3487
437 146 506 187 De
556 151 914 197 Jumsnrcrrone
963 160 1017 187 1:1-
1066 148 1269 189 Impnmo.
1320 147 1462 191 L113.I.

63 243 140 283 flio,
162 251 225 286 qztae
243 245 333 276 datur
352 246 371 275 a·
387 239 531 282 Principe.
572 239 672 272 Habes
685 241 762 272 enim
778 250 843 273 cum
858 241 938 274 Pm-

60 286 152 328 feftis
175 287 303 328 aliquam
320 284 478 326 portionem
494 305 503 321 ,
532 287 628 323 partes
648 283 726 322 apud
747 288 774 313 te
788 285 842 321 sub
861 283 938 315 Prae-

66 329 183 359 zoriana
206 328 390 359 advocatione
414 322 586 365 confligunt.
631 322 704 354 Vice
719 325 802 362 sacra
811 326 930 366 senten-

65 371 138 400 tiam
164 369 236 400 dicis
254 392 264 407 ‚
297 367 333 402 &³
355 368 429 408 quoa
449 366 582 397 maximae
595 363 668 405 fidei
682 364 803 407 signum
821 364 881 406 est,
904 368 935 397 in

66 410 301 449 inscriptionibus
319 410 384 439 vita
400 408 452 438 tihi
466 408 658 438 committitur
671 408 838 445 hominum,
859 409 935 449 quod

65 452 144 482 inter
167 451 300 482 mortales
323 446 433 490 constat
455 448 507 489 effe
527 448 692 489 pretiosam.
740 448 791 479 Sic
817 448 934 480 Caffio-

64 492 173 524 dorus.
217 492 429 530 Imperatores
452 499 583 530 quoque
615 490 634 520 l.
666 499 694 521 1.
717 489 750 520 C.
779 491 812 521 de
843 489 933 531 officio

63 531 190 565 Wcarii.
234 533 356 564 Vicaria
373 533 505 573 dignitas
526 531 584 571 ipso
606 533 720 562 nomine
743 531 806 572 ejus
820 532 854 571 se
872 538 931 563 tra-

63 574 131 605 here
159 574 261 606 'udicet
274 572 448 614 portionem,
476 572 513 607 {⁶2⁹
527 578 620 614 Jacrae
637 574 809 614 cognitionis
832 574 933 606 haheat

56 584 248 659 potestatem.
272 613 309 649 δὲ’
320 615 513 656 judicationis
535 613 636 652 nostrae
645 615 739 654 soleat
754 618 934 656 repra-senta-

62 665 95 687 νο
110 658 310 688 reverentiam.
346 654 496 697 Nempe,
520 657 593 697 quia
614 655 684 687 vice
702 656 830 696 quidem
852 656 932 688 Prae-

60 696 139 728 fee'ti
161 699 312 737 praetorio
331 719 342 736 ‚
372 697 426 729 sed
450 707 492 729 ex
511 697 674 728 Mandatis
699 697 855 738 Principis
877 707 932 729 co·

59 738 196 779 gnoscit.
220 738 240 771 l.
263 748 291 771 1.
312 737 342 780 §.
361 748 391 779 4.
412 738 454 770 D.
475 739 623 781 delegatis
641 739 689 770 lib.
706 749 737 779 3.
762 739 858 770 Plane
875 738 931 771 etsi

60 787 160 821 neget
178 779 355 813 Cledonius
373 803 384 821 ,
418 779 516 813 Vices
533 787 665 823 agentes
681 780 745 812 dici
767 778 930 812 vicarios:

1782 161 1850 194 101

981 244 1088 275 tamen
1105 241 1225 275 Vicarli
1252 235 1350 276 Vices
1375 250 1506 285 agentes
1531 238 1731 286 appellantur
1749 238 1781 278 in
1798 238 1850 279 ina

980 283 1154 325 scriptione
1177 285 1196 316 l.
1214 296 1242 316 2.
1270 286 1303 317 C.
1325 285 1429 317 Theon.
1448 287 1481 317 de
1491 288 1637 327 paganis:
1661 287 1692 318 in
1710 296 1772 328 qua
1790 287 1848 320 est.

983 325 1057 366 Imp.
1076 324 1284 366 Constantinus
1302 328 1344 358 A.
1371 328 1408 358 ad
1427 326 1631 361 Madilianum
1654 335 1785 370 agentem
1802 330 1851 360 vi-

978 377 1037 398 cem
1064 367 1100 398 P.
1128 367 1160 399 F.
1186 368 1223 400 P.
1246 368 1309 400 Sed
1332 369 1361 400 δε
1389 368 1558 408 Inscriptio
1583 370 1603 401 l.
1626 380 1652 402 1.
1679 369 1712 402 C.
1742 370 1849 402 Theod-

977 409 1010 439 cle
1029 409 1124 444 usuris
1144 409 1239 441 habet
1257 432 1267 449 ,
1298 409 1373 451 Imp.
1396 409 1606 451 Constantinus
1623 411 1664 443 A.
1682 412 1721 443 aa
1736 411 1848 443 Draci-

976 450 1113 488 lianum,
1151 457 1281 491 agentem
1307 452 1384 482 vices
1419 451 1457 483 P.
1476 451 1507 483 F.
1530 453 1566 485 P.
1595 453 1627 484 id
1649 452 1720 492 est,
1754 452 1850 484 Vica-

977 491 1057 524 rium
1078 491 1223 524 Praefecti
1247 493 1422 532 praetorio:
1447 495 1536 534 quod
1553 495 1679 534 optime
1697 495 1779 526 vidit
1803 494 1848 527 V.-

977 533 1037 564 CL.
1062 532 1199 573 Jacobus
1224 532 1453 565 Gothofredus
1475 535 1514 566 ad
1535 545 1607 567 eum
1628 536 1748 568 locum.
1781 535 1847 567 Sed

975 575 1007 606 in
1033 576 1125 606 viam.
1168 577 1311 616 Apparet
1328 598 1337 614 ,
1367 575 1619 615 jurisdictionem
1638 586 1655 608 a
1681 576 1849 618 Magistra-

976 622 1012 647 tu
1031 617 1170 648 mandari
1193 627 1202 656 ;
1226 626 1298 648 cum
1318 617 1357 647 ab
1385 626 1426 647 eo
1446 616 1496 648 alii
1516 619 1732 650 committitur
1747 642 1756 657 ,
1791 618 1849 658 qui

976 667 1044 689 eam
1066 659 1243 690 mandantis
1266 658 1399 690 nomine
1416 667 1587 698 exerceat,
1610 660 1708 700 inque
1733 669 1770 691 ea
1792 660 1847 691 sal-

977 705 1042 729 tem
1069 698 1162 739 ipsius
1184 700 1255 731 vice
1274 709 1310 731 ac
1328 700 1469 739 partibus
1485 698 1648 741 fungatur.
1673 700 1750 732 Dixi
1770 701 1850 742 quid

975 739 1038 786 sith,
1072 741 1221 812 risiandare
1242 741 1522 782 jurisdie‘tionem,
1553 742 1583 774 ὅς
1612 750 1683 784 quae
1709 743 1777 783 ejus
1800 742 1851 776 tei

975 789 1068 823 origo
1096 790 1132 814 it.

788 891 1002 935 CAPUT
1053 891 1120 934 II.

62 992 320 1046 Jurisdiaionem
337 998 388 1034 vel
400 993 575 1044 univerfhm
594 998 754 1041 mandari,
780 998 833 1033 vel
846 999 911 1044 ejus
924 1000 1062 1048 partam:
1083 1004 1170 1041 parte
1186 998 1351 1040 mandata,
1378 993 1571 1046 quidjuris‘?
1598 997 1744 1047 universa
1757 1008 1846 1037 mans

132 1049 226 1090 data,
253 1049 433 1083 mandatam
451 1049 587 1092 intelligi
603 1055 699 1081 totum
709 1048 796 1092 juris
813 1045 935 1081 dicundi
952 1042 1108 1089 officiam:
1136 1054 1284 1090 qnatenus
1305 1055 1408 1081 tamen
1434 1050 1596 1085 mandanti
1620 1054 1758 1099 competit
1769 1054 1846 1100 juro

134 1097 352 1145 Magistratus
359 1095 427 1143 sui.
453 1095 568 1142 quodsi
588 1097 616 1131 ei
623 1094 804 1142 specialiter
822 1095 888 1141 lege
905 1092 1065 1139 defertur,
1093 1106 1150 1128 non
1169 1095 1266 1129 videri
1286 1096 1476 1130 mandatum.

61 1192 244 1268 Dicam,
267 1192 345 1233 quid
364 1192 457 1232 possit
474 1190 635 1228 mandari,
659 1189 696 1234 δι’
709 1189 785 1230 quid
802 1190 928 1222 manda-

163 1241 193 1264 ta
214 1233 435 1273 jurisdictione
456 1233 494 1263 ad
521 1231 752 1263 mandatarium
777 1238 927 1263 transeat.

59 1273 150 1306 Solet
164 1274 339 1314 Jurisdifflo
355 1272 514 1310 mandari,
540 1272 590 1303 vel
611 1271 773 1312 universa,
797 1272 850 1304 vel
869 1282 928 1313 pro

57 1322 175 1354 parte:
207 1323 242 1345 ut
264 1313 416 1355 Ulpianus
439 1313 542 1346 refert
566 1314 584 1344 l.
605 1316 654 1345 16.
680 1312 722 1345 D.
749 1315 783 1345 de
803 1314 927 1356 jurisdi-

56 1354 157 1390 ctione.
204 1355 248 1386 Et
272 1355 425 1387 universae
447 1355 604 1387 mandatae
633 1355 819 1394 exemplum
843 1356 927 1396 apud

55 1395 184 1428 Livium
206 1397 254 1428 lib.
272 1406 321 1437 24.
347 1407 371 1428 c·
389 1405 440 1437 44.
467 1396 563 1428 verba
582 1394 677 1428 Livii.
720 1396 850 1428 Marcus
872 1397 926 1428 AE-

55 1438 153 1469 milius
169 1438 279 1469 Praetor
294 1460 304 1477 ,
334 1439 418 1481 cajus
437 1441 592 1479 peregrina
600 1437 667 1478 stirs
690 1444 753 1469 erat
766 1461 777 1477 ,
802 1439 926 1480 jurisdi-

58 1478 150 1510 ftione
167 1479 271 1511 Attilio
288 1479 395 1521 collega
412 1479 536 1511 Praetori
553 1481 663 1511 urbano
687 1481 837 1512 mandata.
861 1479 925 1512 Pro

57 1529 148 1561 parte
180 1521 335 1553 mandatae
366 1521 596 1562 jurisdictionis
628 1522 775 1552 meminit
806 1521 926 1553 Cicero

56 1561 133 1602 episi.
156 1571 182 1594 1.
206 1563 258 1594 Aci
279 1562 321 1607 Q.
340 1562 471 1594 Fratrem
489 1586 499 1601 ,
528 1563 561 1595 in
580 1562 686 1594 verbis
707 1572 778 1603 quae
796 1561 924 1604 subjeci.

56 1603 112 1634 Sed
125 1605 217 1644 parvi
231 1605 321 1644 refert
337 1606 387 1636 abs
408 1610 433 1635 te
452 1604 509 1646 2*pr
520 1604 573 1646 jus
595 1605 652 1635 dici
673 1605 820 1645 aqualiter
836 1628 846 1644 ‚
870 1603 926 1643 nist

55 1645 129 1676 idem
145 1647 180 1677 ab
197 1646 234 1677 iis
244 1645 300 1686 fiet
311 1668 321 1685 ‚
344 1647 448 1688 quibas
467 1652 500 1677 tu
517 1646 579 1688 ejus
597 1655 723 1677 muneris
738 1651 853 1688 partem
869 1647 924 1678 ali-

76 1696 144 1719 uam
168 1687 340 1728 conceffiris.
382 1687 437 1719 Sic
461 1687 598 1719 Cicero:
622 1687 707 1719 addo
726 1710 736 1726 ‚
770 1686 925 1728 Ulpianus

66 1753 73 1759 .
97 1737 145 1769 17.
169 1727 212 1760 D.
235 1731 268 1760 de
284 1728 510 1770 jurisdistionm
534 1737 660 1769 ponens
682 1729 870 1768 ,exemplum
891 1730 924 1761 in

53 1769 198 1801 Praetore
221 1771 274 1810 qui
300 1769 455 1802 habuerat
478 1769 590 1810 J‘ustam
621 1769 745 1802 causam
768 1770 924 1812 susceptae

52 1818 130 1842 aute
146 1810 367 1852 Magistratum
384 1812 619 1843 advocationis.

94 1851 158 1884 sed
183 1860 306 1884 certum
332 1852 377 1884 est
396 1872 406 1892 ‚-
436 1851 525 1893 poffe
548 1852 578 1885 &
602 1859 706 1884 totam
730 1849 923 1893 jurisdictio-

54 1901 131 1925 nem
154 1894 293 1925 mandari
311 1914 320 1932 ‚
353 1894 382 1926 δε
406 1902 530 1935 partem
548 1894 626 1934 ejus.
650 1903 717 1925 non
739 1902 832 1935 aeque
854 1903 922 1926 cer-

54 1941 123 1966 tum
149 1934 219 1974 est,
248 1935 324 1976 quid
353 1942 407 1966 aut
433 1942 501 1967 tota
524 1934 742 1976 jurisdietione
772 1942 828 1966 aut
855 1935 922 1975 eJ'us

53 1982 144 2048 Eme
170 1978 317 2008 mandata
334 1996 344 2015 9
375 1977 537 2018 praecipue
556 1977 740 2008 mandatum
763 1977 921 2009 videatur.

83 2025 139 2048 uto
159 2025 285 2057 autem,
309 2019 340 2049 id
361 2018 496 2058 intelligi
513 2017 628 2057 partim
646 2027 687 2049 ex
701 2018 839 2049 mandati
855 2017 923 2049 for-

53 2059 156 2097 mula,
181 2060 294 2100 partim
312 2067 354 2091 ex
371 2059 601 2099 Jurisdittionis
623 2068 761 2100 genere:
785 2068 875 2098 nam,
900 2058 922 2091 fi

53 2109 123 2138 quae
148 2110 218 2141 pars
246 2101 414 2133 mandetur
433 2123 442 2139 ‚
477 2110 515 2132 ea
540 2109 611 2141 pars
629 2100 771 2132 transibit
787 2101 815 2131 d.
834 2101 853 2131 l.
872 2104 920 2132 16.

53 2141 90 2175 δέ’
112 2151 156 2182 ¹7·
183 2141 294 2183 utique
312 2141 333 2173 si
352 2142 515 2174 mandanti
539 2148 707 2183 competat
721 2141 792 2181 jure
814 2140 920 2183 Magi·

54 2182 164 2215 stratus
188 2183 249 2215 sui:
281 2192 347 2215 tum
372 2184 458 2216 enim
480 2183 567 2215 recte
588 2183 764 2215 mandatur.
789 2186 877 2223 quod
900 2183 921 2215 fi

53 2225 119 2265 ejus
142 2224 205 2262 est,
229 2234 293 2256 non
309 2225 379 2265 jure
397 2225 601 2267 Magistratus
625 2223 689 2262 sui,
721 2224 773 2256 sed
794 2225 923 2266 speciali

53 2264 149 2306 Legis
169 2266 389 2305 concessione,
413 2267 554 2299 mandari
578 2275 643 2298 non
669 2265 776 2306 potest
797 2268 814 2298 l.
832 2276 857 2298 1.
876 2267 920 2299 D.

52 2308 87 2337 de
111 2305 200 2347 officio
222 2308 284 2347 ejus
302 2309 350 2338 cui
374 2309 514 2340 mandata
535 2306 574 2349 ess
585 2307 764 2350 jurisditzz'o.
806 2308 876 2348 lta,
899 2307 921 2340 fi

51 2355 123 2388 pars
147 2349 324 2380 mandetur.

92 2389 135 2420 At
159 2389 180 2420 si
204 2391 329 2429 omnis,-
358 2396 411 2422 aut
432 2389 599 2428 universa,
622 2397 677 2422 aut
696 2390 852 2432 generalis
871 2390 920 2431 ju-

51 2430 214 2469 risdiffio,
238 2439 292 2463 aut
310 2432 406 2464 etiam
426 2432 604 2473 jurisdictio
624 2432 809 2473 simpliciter
824 2440 921 2472 atque

51 2471 242 2508 indefinite,
273 2474 461 2511 mandetur-3
494 2480 600 2505 totum
619 2473 920 2514 transfereturjuris

53 2513 183 2545 dicundi
202 2509 363 2553 officium,
388 2522 422 2546 ut
440 2514 596 2556 Ulpianus
614 2515 755 2554 loquitur
771 2516 790 2547 l.
806 2525 831 2546 1.
848 2515 876 2556 §.
888 2525 918 2555 4.

50 2553 96 2586 D.
119 2556 153 2585 de
165 2555 306 2596 suspectis
324 2558 475 2588 tatoribus.
519 2556 634 2588 Paulus
656 2556 754 2588 Notis
771 2558 810 2588 ad
830 2556 920 2596 Papi-

51 2594 180 2628 nianum
202 2598 245 2628 ait
264 2620 274 2634 ‚
302 2597 346 2628 Et
364 2599 516 2639 imperium
533 2621 544 2638 ,
573 2597 856 2640 quodjurisclitiioni
876 2608 920 2629 co-

52 2635 153 2675 hoeret,
176 2639 315 2670 mandata
323 2639 527 2679 jzcrisditiione
545 2638 668 2678 tranfire
684 2640 702 2670 l.
722 2649 748 2671 1.
773 2640 803 2681 §.
823 2649 848 2671 1.
876 2638 920 2671 D.

55 2677 88 2707 de
103 2677 191 2717 officio
216 2680 277 2720 ejas
299 2682 347 2711 cai
367 2682 508 2713 mandata
532 2679 570 2722 est
589 2680 773 2723 jurisdictio:
805 2679 918 2722 fignifi-

56 2725 129 2762 cans
143 2742 152 2756 ,
183 2722 318 2753 mixtum
335 2722 505 2763 imperium
518 2746 529 2762 ,
561 2722 626 2753 hoc
647 2722 692 2753 est
708 2745 717 2760 ‚
749 2723 919 2762 imperium

57 2766 106 2787 cui
122 2758 292 2797 jurisdictio
312 2763 411 2800 inest,
433 2763 494 2804 (sic
512 2764 598 2796 enim
625 2763 767 2804 Ulpiano
786 2772 920 2795 vocatur

56 2797 73 2844 l.
96 2808 126 2838 3.
152 2799 193 2830 D.
216 2803 248 2831 cle
261 2803 489 2845 jurisdiftione)
511 2805 551 2836 ad
574 2805 804 2836 mandatarium
821 2814 919 2836 trans·

53 2848 110 2870 ire.
155 2839 243 2872 ldem
270 2844 439 2878 dicendum
463 2847 504 2878 de
525 2846 573 2878 his
589 2847 676 2879 Pauli
695 2846 802 2878 verbis
826 2846 846 2877 l.
862 2846 917 2878 ult.

55 2880 132 2927 §.L
159 2879 200 2929 D.
229 2884 284 2930 eoa.
305 2887 353 2918 tit.
383 2887 533 2919 Mandata
553 2887 757 2929 jurisdittione
772 2889 917 2929 privato,

53 2929 141 2952 ettam
169 2929 346 2964 imperium,
383 2931 457 2968 qaod
486 2939 543 2961 non
572 2928 610 2969 eft
637 2940 771 2968 meram,
801 2931 919 2960 videtur

54 2964 218 2995 mandari:
271 2967 320 2997 aia
340 2968 502 3008 jurisdistio
520 2969 584 3009 fine
614 2973 723 3002 modica
757 2972 919 3002 coercitione

51 3005 134 3034 nulla
157 3003 207 3045 est.
288 3007 428 3049 csumpta
458 3012 542 3043 enim
570 3011 639 3043 sunt
664 3012 732 3044 haec
756 3012 853 3044 verba
876 3022 918 3044 ex

51 3044 140 3092 Pauli
166 3049 212 3077 til).
236 3053 283 3082 18.
308 3050 360 3080 Aa
384 3049 563 3089 Plautium3
596 3053 787 3095 possuntque
815 3054 917 3085 videri

50 3094 214 3126 pertinere
238 3091 275 3120 nd
304 3091 539 3130 expositionem
566 3098 776 3132 quorumdam
803 3096 917 3126 verbo·

52 3137 121 3174 rum
153 3129 290 3176 Plautii:
323 3133 436 3172 quibus
456 3134 656 3174 quaerebatur
672 3160 681 3175 ‚
713 3147 750 3169 an
772 3137 917 3168 mandata

48 3170 268 3208 jurisditftionc
295 3175 443 3214 privato,
474 3177 569 3207 etiam
597 3179 756 3210 coercitio
774 3179 813 3210 ad
832 3188 916 3211 man-

51 3211 216 3258 datarium·
242 3216 407 3248 transiret:
442 3227 548 3258 neque
579 3219 661 3249 adeo
695 3220 778 3251 aliud
807 3220 914 3259 velle,

50 3260 143 3291 quam
170 3262 329 3294 privatum
349 3280 360 3298 ,
389 3267 462 3292 cum
486 3261 515 3291 ei
543 3260 691 3292 mandata
718 3261 762 3295 est
790 3262 913 3302 jurisdi-

974 1187 1038 1219 ctio
1056 1211 1066 1227 ,
1095 1199 1136 1221 eo
1161 1190 1263 1221 verbo
1286 1200 1353 1223 non
1374 1192 1522 1234 accipere
1546 1194 1663 1228 nudam
1682 1196 1843 1238 cogniti&-

972 1238 1046 1276 nem
1064 1254 1073 1268 ,
1106 1239 1159 1262 aut
1174 1234 1492 1273 pronuntiationem
1524 1234 1577 1268 sed
1603 1245 1703 1270 totam
1717 1238 1845 1279 jurisdi⁴

971 1270 1112 1304 cuonem
1130 1282 1223 1313 quarn
1243 1273 1354 1305 habuit
1371 1277 1556 1308 mandator:
1580 1278 1610 1309 id
1627 1278 1693 1318 est,
1716 1287 1750 1311 ut
1765 1279 1846 1312 Pau-

971 1312 1019 1345 lus
1039 1315 1082 1344 ait
1096 1337 1106 1352 ,
1132 1315 1227 1346 etiam
1245 1315 1412 1356 imperium
1438 1316 1527 1358 quod
1550 1328 1616 1351 non
1637 1320 1681 1352 est
1699 1327 1846 1361 merum}

972 1354 1002 1385 dt
1029 1355 1103 1386 ideo
1133 1357 1370 1388 coercitionem
1390 1367 1539 1399 quoque:
1571 1362 1645 1400 quia
1662 1362 1843 1402 jurisdictio

970 1395 1034 1441 sine
1057 1396 1187 1428 modica
1210 1399 1415 1431 coercitione
1438 1401 1522 1432 nulla
1549 1401 1613 1433 est:
1637 1403 1668 1435 id
1686 1403 1751 1443 est,
1774 1405 1844 1437 nul-

970 1437 1029 1468 hus
1052 1439 1210 1470 momenti
1228 1439 1282 1471 est.
1309 1441 1341 1471 id
1361 1442 1446 1474 enim
1465 1443 1613 1483 indigitat
1634 1454 1670 1476 ea
1696 1446 1843 1479 locutio:

969 1480 1088 1518 pariter
1111 1488 1145 1511 ut
1165 1481 1196 1512 in
1221 1480 1241 1512 l.
1264 1485 1310 1513 16.
1329 1481 1358 1523 §.
1378 1490 1403 1514 1.
1423 1482 1466 1515 D.
1483 1485 1517 1514 de
1539 1487 1714 1526 minoribus,
1735 1487 1843 1526 juncta

968 1520 1027 1561 lg.
1047 1520 1115 1562 §.3
1136 1520 1177 1553 D.
1200 1522 1257 1553 Pro
1268 1524 1358 1562 socio.
1401 1523 1454 1556 Sic
1475 1526 1614 1565 conjicio
1632 1545 1642 1566 5
1672 1537 1709 1559 ac
1731 1525 1842 1569 proin-

968 1563 1008 1592 de
1038 1572 1079 1608 ex
1110 1562 1165 1593 illo
1198 1561 1393 1605 Fragmento
1424 1574 1488 1597 non
1522 1568 1631 1609 colligi
1663 1569 1728 1600 hoc
1750 1571 1843 1610 quod

969 1603 1059 1634 multi
1084 1603 1216 1635 censent
1234 1629 1243 1644 ‚
1282 1606 1417 1638 mixtum
1443 1608 1613 1648 imperium
1638 1612 1842 1643 coercitione

968 1643 1088 1676 absolvi
1108 1656 1116 1677 ε
1147 1646 1208 1686 (id
1238 1647 1322 1678 enim
1347 1648 1504 1680 refellitur
1528 1650 1574 1682 bis
1597 1659 1668 1692 quae
1697 1653 1763 1684 dixi
1785 1653 1836 1685 lib.

971 1695 996 1717 1.
1021 1696 1089 1732 c.·2.
1109 1697 1139 1727 {3-
1163 1685 1200 1722 &⁹
1220 1689 1280 1728 5.)
1303 1687 1356 1720 sed
1380 1691 1615 1724 coercitionem
1632 1692 1696 1725 ess'e
1715 1702 1842 1735 partem

967 1726 1031 1758 five
1046 1728 1190 1768 imperii,
1215 1729 1279 1760 sive
1301 1730 1548 1771 jurisdictionis:
1581 1734 1609 1765 ἂ
1630 1736 1726 1774 ideo,
1751 1745 1839 1767 man-

967 1769 1040 1800 data
1057 1769 1277 1809 jurisdittione
1292 1795 1303 1811 ,
1327 1773 1425 1805 etiam
1443 1775 1681 1808 coercitionem
1707 1779 1839 1809 manda⁴

967 1817 1031 1841 tam
1054 1811 1201 1852 intelligi.

1006 1851 1114 1892 Atque
1136 1852 1181 1883 ita
1199 1851 1263 1892 est3
1288 1862 1361 1885 cum
1387 1855 1530 1887 universe.
1551 1857 1728 1897 jurisdietlo
1748 1868 1838 1892 mans²

966 1891 1059 1924 datur
1074 1916 1085 1931 ‚
1109 1893 1215 1925 transit
1234 1902 1339 1928 totum
1359 1895 1435 1936 juris
1452 1897 1580 1930 dicendi
1607 1899 1771 1941 officium
1804 1902 1838 1934 id

966 1932 1012 1965 est
1026 1956 1037 1973 ,
1061 1934 1091 1980 ὅς
1106 1937 1302 1975 exequutio,
1325 1936 1356 1968 ἀ
1375 1937 1505 1978 suspetu
1529 1942 1646 1974 tutoris
1666 1944 1836 1984 cognitio,

966 1976 996 2006 &
1020 1976 1109 2021 datio
1133 1976 1295 2009 bonorum
1319 1978 1537 2021 possessionis,
1571 1982 1600 2014 <St
1617 1983 1648 2014 in
1674 1984 1839 2024 poffeffio-

964 2025 1040 2047 nem
1057 2017 1158 2049 mrffio
1184 2028 1224 2050 ex
1244 2019 1349 2051 damni
1370 2021 1498 2060 infecti,
1531 2020 1747 2065 similibusque
1763 2035 1837 2057 cau-

964 2056 1001 2089 fis
1026 2057 1044 2089 l.
1061 2068 1090 2098 5.
1108 2066 1156 2098 pr.
1184 2059 1220 2094 δέ’
1243 2060 1271 2102 §.
1294 2070 1319 2092 1.
1337 2062 1385 2093 D.
1417 2065 1450 2093 de
1467 2062 1539 2103 offic.
1572 2065 1635 2107 ejus
1659 2068 1707 2097 cai
1732 2069 1837 2107 mand.

963 2097 1002 2138 eft
1012 2102 1122 2141 jurisd.
1146 2100 1175 2132 ὅ(
1194 2102 1224 2132 in
1248 2100 1407 2143 inte'grum
1424 2105 1583 2137 restitutio
1601 2106 1621 2137 l.
1640 2108 1693 2139 ult.
1717 2109 1749 2139 C.
1773 2108 1838 2141 Ubi

964 2139 1001 2175 ὅ)
1019 2143 1098 2182 apud
1121 2151 1204 2183 quem
1227 2144 1258 2174 z'n
1275 2145 1379 2185 integr.
1405 2144 1491 2184 restit.
1518 2146 1548 2178 ὅ(
1573 2147 1632 2179 alia
1658 2158 1729 2189 quae
1755 2154 1835 2182 coti¹⁴

967 2184 1176 2223 templatione
1215 2186 1346 2224 quidem
1385 2187 1625 2227 municipalium
1664 2191 1836 2233 Magistra-

966 2230 1056 2255 tuum
1079 2226 1178 2265 magis
1199 2225 1352 2267 imperii,
1385 2237 1478 2269 quam
1499 2229 1756 2273 jurisdictionis,
1788 2243 1836 2265 re-

965 2264 1073 2306 spetftu
1107 2276 1186 2298 vero
1219 2267 1368 2301 Praetoris
1402 2278 1455 2300 aut
1485 2270 1591 2303 fimilis
1627 2273 1834 2315 Magistratus

965 2316 1059 2346 quarn
1082 2309 1229 2349 imperii,
1263 2318 1324 2341 tam
1341 2310 1588 2352 jurisdictionis,
1619 2317 1834 2356 appellantur.

963 2347 1083 2390 Neque
1106 2350 1210 2381 obstat
1225 2351 1339 2382 Paulus
1361 2352 1381 2382 l.
1403 2361 1471 2393 105.
1493 2353 1535 2385 D.
1557 2356 1591 2385 de
1611 2357 1716 2397 regulis
1731 2357 1835 2398 jaritx⁴

963 2389 1006 2422 sic
1031 2391 1194 2430 scribens,
1233 2391 1350 2423 Ubicmz
1373 2403 1407 2424 ue
1432 2394 1522 2433 causae
1545 2398 1668 2438 cognitio
1695 2397 1734 2439 est
1750 2419 1760 2438 ,-
1791 2400 1833 2432 ibi

963 2432 1077 2463 Praelor
1102 2431 1286 2470 definieracar.
1332 2403 1415 2466 bfam
1441 2435 1606 2477 inscriptio
1638 2444 1709 2479 quae
1732 2439 1831 2472 habet

965 2473 1079 2505 Paulas
1094 2474 1141 2504 lio.
1157 2484 1182 2505 1.
1200 2475 1251 2505 Aa
1263 2474 1417 2514 Erizam,
1431 2478 1572 2517 evincit,
1584 2489 1656 2512 eum
1672 2490 1736 2513 non
1749 2482 1832 2514 Praea

964 2521 1071 2547 torem
1094 2525 1263 2556 opponere
1280 2517 1480 2550 mandatariis
1498 2541 1508 2558 ‚
1542 2521 1593 2561 qui
1609 2531 1725 2563 gerunt
1743 2533 1833 2556 man-

964 2557 1068 2588 dantis
1086 2558 1193 2588 vicem
1209 2580 1219 2596 ‚
1248 2557 1278 2588 &
1302 2559 1365 2599 ejus
1383 2559 1532 2593 tribunali
1549 2570 1699 2603 utuntur,
1723 2572 1832 2606 eoque

963 2596 1018 2629 sub
1036 2598 1203 2638 Praetoris,
1221 2607 1274 2631 aut
1292 2599 1448 2640 Praefidis,
1466 2602 1734 2646 autMagistratus
1747 2631 1756 2645 ‚
1776 2617 1832 2648 ap-

961 2639 1138 2679 pellatione
1164 2641 1482 2681 comprehenduntur
1504 2644 1523 2676 l.
1543 2654 1589 2686 13.
1618 2646 1661 2678 D.
1689 2650 1723 2679 de
1734 2650 1831 2690 juris-³

962 2680 1104 2720 diffitione,
1135 2681 1172 2716 ἑὸ)
1194 2682 1213 2714 l.
1233 2691 1258 2714 1.
1281 2682 1309 2724 §.
1332 2692 1377 2715 11.
1401 2683 1443 2716 D.
1467 2685 1517 2717 Aa
1540 2687 1830 2728 Senatusconlaltzcm

965 2721 1198 2763 Turpiliarzum:
1231 2723 1281 2756 sed
1307 2725 1481 2758 Praetorem
1500 2733 1670 2770 opponere
1696 2733 1830 2764 munici-

961 2763 1085 2804 palibus
1115 2764 1354 2806 Magistratibus
1373 2790 1382 2806 ‚
1415 2769 1530 2808 quibus
1563 2780 1668 2813 neque
1693 2773 1830 2805 tribunal

962 2804 1027 2852 est,
1050 2815 1156 2847 neque
1180 2806 1279 2838 causae
1300 2817 1493 2850 competunt
1519 2821 1588 2853 quae
1611 2823 1670 2854 pro
1689 2815 1830 2846 tribuna-

961 2847 983 2893 li
1006 2847 1255 2893 cognoscuntur.
1306 2850 1347 2881 Et
1375 2853 1559 2894 exemplum
1592 2854 1677 2888 Pauli
1702 2857 1828 2895 elegans

961 2898 992 2919 in
1017 2891 1106 2921 caula
1129 2891 1235 2922 damni
1256 2891 1393 2924 infecti:
1425 2894 1456 2926 in
1487 2904 1549 2935 qua
1577 2896 1701 2929 Praetor
1722 2897 1828 2937 Magi-

960 2930 1107 2963 stratibus
1132 2933 1374 2973 municipalibus
1401 2936 1585 2969 cautionem
1613 2938 1644 2969 ἃς
1667 2937 1830 2978 poffesfio·

960 2980 1032 3003 nem
1049 2996 1058 3011 ‚
1089 2983 1222 3015 propter
1238 2976 1415 3015 periculum
1441 2979 1603 3010 dilationis
1621 3002 1631 3016 ‚
1665 2986 1826 3019 perpetuo

959 3013 1077 3046 Edicto
1095 3015 1272 3058 delegavit:
1295 3026 1331 3049 ut
1350 3026 1454 3051 tamen
1467 3043 1475 3058 ‚
1501 3020 1521 3051 fi
1540 3021 1670 3051 duretur
1691 3029 1757 3052 non
1773 3031 1826 3054 ca-

959 3058 1051 3095 veri,
1082 3066 1197 3089 caetera
1218 3057 1272 3090 fibi
1295 3059 1527 3093 reservaverit:
1558 3061 1647 3101 quod
1670 3059 1827 3100 Ulpianus

958 3098 1078 3130 indicat
1100 3100 1182 3131 libro
1200 3101 1238 3132 ad
1260 3099 1408 3133 Edittum
1427 3103 1532 3142 primo
1555 3102 1574 3132 l.
1597 3109 1622 3133 1.
1646 3101 1683 3136 ὅ)
1703 3103 1723 3136 l.
1740 3114 1771 3144 4.
1792 3105 1824 3147 §.

957 3149 987 3180 3.
1015 3140 1051 3175 ὅ)
1073 3150 1103 3180 4.
1128 3141 1169 3172 D.
1193 3143 1226 3172 a’e
1248 3144 1351 3174 damno
1368 3143 1489 3182 inficio,
1512 3152 1617 3183 neque
1635 3144 1748 3177 Paulus
1767 3156 1826 3178 ne-

956 3188 1010 3221 gat
1035 3184 1151 3215 eodem
1177 3184 1216 3215 ad
1236 3183 1385 3216 Edictum
1413 3184 1494 3215 libro
1524 3184 1543 3215 1.
1565 3195 1595 3225 5.
1624 3184 1668 3218 D.
1691 3188 1750 3219 eod.
1773 3190 1821 3221 tit.

958 3222 1077 3265 Quaeso
1096 3247 1105 3263 ‚
1137 3234 1192 3256 cur
1212 3225 1280 3256 ita?
1304 3227 1375 3266 quia
1394 3227 1425 3256 in
1446 3226 1569 3258 caeteris
1595 3226 1693 3259 causae
1713 3231 1824 3270 cogni-

956 3267 1004 3297 tio
1028 3266 1230 3300 desideratur.
1255 3266 1337 3299 hanc
1354 3267 1515 3340 rzffiionem
1539 3268 1643 3301 adfert
1666 3268 1822 3311 Ulpianus

1429 3319 1449 3350 3
1791 3313 1824 3356 (λθ
