2036 3495
164 99 232 140 146
594 89 628 124 G
663 98 683 122 E
716 99 738 122 R
772 98 792 122 A
827 98 849 121 R
883 97 906 121 D
939 95 952 120 1
1010 86 1047 121 N

168 184 231 216 Sed
242 183 359 221 refert,
375 180 463 221 quod
479 178 663 219 praedones,
680 174 736 213 etsi
746 184 810 206 non
829 174 887 206 {int
903 174 1045 213 locuple·

171 226 290 262 tiores,
309 221 496 254 omnimodo
513 226 674 249 tenentur.
692 225 723 247 at
732 216 825 246 bonae
843 215 916 247 fidei
929 213 1047 256 posses-

171 265 223 297 sor
233 275 297 297 non
309 270 453 294 tenetur:
470 268 544 291 cum
561 268 625 290 non
636 256 681 289 est
694 257 908 299 locupletior:
924 258 954 289 ὅ(
972 265 1048 296 prae-

172 314 261 338 terea
274 304 354 345 juste
371 299 565 343 provocavit
580 300 617 330 ad
634 297 807 339 judicium3
827 308 931 339 eoque
951 298 1049 330 susce-

173 355 232 388 pto
248 355 311 377 non
327 342 427 384 coepit
445 342 507 374 effe
526 340 678 382 possess'or
694 340 782 378 malae
798 339 882 376 fidei.
907 339 947 372 iic
965 342 1050 372 enim

175 389 239 428 ejus
255 395 359 426 neque
376 385 467 424 culpa
479 407 488 421 ‚
511 391 617 423 neque
636 391 724 413 mora
739 381 783 412 est
801 380 819 412 l.
837 391 885 420 24.
907 382 954 414 D.
971 384 1003 412 de
1020 391 1051 412 u-

167 429 260 470 suris.
286 426 559 468 praestatioautem
577 432 688 455 eorum
701 432 769 463 quae
787 432 850 454 non
863 423 1052 463 accepitaut

176 464 294 508 amisit,
311 469 386 509 quid
404 467 466 506 est,
485 464 539 497 nisi
557 474 649 504 poena
667 474 763 496 morae
782 473 835 495 aut
851 465 981 504 culpae?
1006 464 1053 495 lta

176 511 213 543 fit
239 510 331 542 bonae
356 508 431 541 fidei
456 506 609 548 possessor
634 505 704 547 post
728 505 817 537 litem
841 506 1052 538 contestatam

178 561 270 583 certo
291 550 435 591 respeetu
450 558 509 590 pro
528 548 698 589 praedone:
716 555 823 578 atrion
839 547 865 578 is
883 547 1004 578 idcirco
1023 547 1052 577 in

178 593 328 625 omnibus
349 592 379 624 ὅ(
400 601 457 633 per
473 589 579 621 omnia
593 589 701 629 praedo
719 588 867 620 habetur.

220 634 409 673 Intellee'to,
420 631 691 674 quemadmodum
709 629 840 670 petitori
853 628 972 668 Judicis
987 627 1056 659 offi-

177 677 230 707 cio
255 676 482 718 provideatur3
505 683 545 704 eo
572 682 613 703 ne
638 670 790 711 possessor
810 672 938 710 quidem
958 671 1054 715 negli-

176 719 300 759 gendus
317 716 371 748 est.
391 715 423 748 id
440 716 525 746 enim
544 723 612 745 non
631 713 708 744 linat
725 720 835 743 natura
850 713 982 744 aelionis
1003 713 1057 742 bo-

177 769 225 791 nae
242 758 335 791 fidei:
361 757 517 794 volentis,
543 754 698 796 quidquid
718 762 867 794 oportet,
895 753 1057 785 hincinde

178 800 316 843 praellari
333 809 372 831 ex
392 797 454 830 fide
471 799 564 828 bona.
581 796 644 828 Sed
662 802 736 827 ante
752 796 859 827 omnia
876 794 1037 827 sciendum
1049 817 1058 832 ,

179 841 403 881 possessorem,
429 840 569 881 petitore
596 847 660 869 non
687 836 865 877 probante,
889 836 971 868 suani
997 835 1059 867 eise

178 882 462 920 hereditatem,ab
481 881 547 922 ejus
564 879 745 911 intentione
758 877 888 909 absolvi.
913 878 988 909 Non
1000 878 1059 909 mi-

178 935 236 957 nus
265 933 388 956 certum
413 922 458 954 est
479 946 489 962 ,
520 920 823 953 administrationem
850 919 1058 957 hereditatis,

178 967 342 1008 pendente
361 966 486 996 incerto
499 964 582 1001 litis,
600 960 778 1004 possessoris
790 961 860 992 esse.
884 970 956 993 cum
974 960 1058 992 enim

180 1010 306 1048 aequum
325 1007 379 1045 sit,
396 1004 617 1047 posseffionem
630 1027 638 1042 ‚
657 1005 763 1035 donec
779 1002 867 1034 causa
889 1003 1059 1043 cognosea-

183 1045 254 1089 tur,
278 1050 361 1090 apud
388 1046 591 1089 poffcfforem
611 1054 758 1077 manere:
784 1054 838 1075 cur
862 1045 1005 1084 iniquum
1023 1043 1060 1075 fit

181 1092 208 1123 ei
228 1092 355 1123 interim
373 1089 507 1130 relinqui
524 1084 841 1123 administrationem.
868 1084 960 1117 Hane
980 1094 1059 1117 vero

180 1143 253 1164 cum
273 1134 301 1164 ei
319 1133 447 1171 damus;
473 1130 641 1167 volumus,
665 1136 737 1158 eum
754 1126 869 1168 lingula
889 1128 1059 1168 diligenter

181 1175 261 1206 tueri
289 1174 318 1205 ὅτ
343 1173 470 1211 colere3
497 1179 636 1212 eumque
661 1170 689 1200 in
710 1167 805 1200 finem
823 1168 994 1209 impensam
1014 1167 1059 1199 fa-

180 1224 272 1248 cere:
296 1216 385 1257 quod
408 1213 429 1246 fi
454 1213 616 1254 negligat;
640 1211 741 1250 culpae
762 1211 890 1241 nomine
908 1209 1059 1249 obligari:

180 1257 235 1289 nisi
260 1256 295 1288 fit
320 1257 413 1288 bonae
439 1254 515 1287 fidei
532 1252 683 1294 poffeffor
700 1252 719 1282 l.
736 1261 785 1292 54.
804 1252 831 1293 §.
849 1251 902 1282 ult.
923 1252 958 1287 ὅ)
976 1252 994 1282 l.
1011 1260 1059 1291 31·

180 1299 209 1340 §.
227 1309 254 1337 νζ.
273 1299 318 1330 D.
334 1298 362 1329 b.
381 1303 401 1328 t.
426 1297 538 1338 utique
556 1303 627 1326 ante
646 1294 734 1325 litem
752 1292 972 1325 contestatam.
989 1301 1061 1323 nam

180 1333 251 1380 po'st
261 1349 330 1371 eain
349 1348 460 1371 omnes
478 1336 665 1380 possessores
684 1343 774 1375 pares
793 1334 861 1365 sunt
879 1335 896 1364 i.
919 1345 967 1375 25.
984 1333 1014 1375 §‚
1031 1344 1060 1374 7.

180 1382 217 1416 ὅ)
235 1386 261 1416 8.
272 1382 297 1412 d.
310 1387 330 1412 t.
356 1380 430 1412 Non
450 1381 553 1411 minus
570 1376 675 1418 potest
693 1386 735 1406 tes
754 1376 889 1407 alienum
904 1399 913 1414 ,
935 1376 955 1408 ii
973 1376 1061 1415 quod

182 1423 219 1462 fit
236 1423 465 1457 inlici-edunto
492 1418 634 1457 solvere;
658 1427 697 1449 ne
721 1416 938 1456 crescentibus
965 1416 1061 1448 usuris

182 1466 236 1496 aut
253 1463 404 1502 disti-:ielis
427 1461 632 1503 pignoribus,
657 1459 825 1491 hereditati
844 1459 994 1491 damnum
1013 1459 1058 1490 in-

182 1498 266 1537 ferat
282 1500 369 1546 lss53.
384 1505 430 1535 D.
446 1503 473 1534 b.
492 1509 513 1534 t.
538 1501 668 1533 Interim
686 1491 791 1540 potest
809 1501 859 1532 vel
877 1500 940 1532 hoc
957 1501 1059 1532 nomi-

188 1545 242 1585 'e,
259 1548 345 1586 quod
364 1545 391 1576 ei
410 1543 514 1582 abest,
539 1543 700 1574 deducere
715 1543 743 1572 d.
761 1542 783 1573 l.
799 1551 848 1583 31.
868 1542 896 1584 §.
913 1552 944 1583 3.
962 1541 1014 1573 De
1031 1551 1061 1572 a-

195 1589 358 1619 ienatione
376 1595 478 1618 rerum
497 1583 760 1616 hereditariarum
782 1585 953 1616 videamus.
998 1583 1062 1615 Sed

183 1639 249 1661 non
278 1635 376 1668 puto,
402 1627 484 1659 hanc
500 1628 528 1658 ei
549 1633 756 1665 competere:
782 1625 893 1666 utique
910 1625 963 1656 suo
980 1625 1059 1665 jure.

183 1671 248 1703 hon
267 1669 312 1702 est
327 1671 411 1702 enim
429 1667 634 1704 hereditatis,
659 1675 754 1706 quam
774 1665 986 1704 administrat,
1006 1667 1061 1698 do-

182 1711 297 1745 minus.
323 1712 458 1752 proinde
470 1719 531 1741 nec
547 1708 592 1740 est
608 1708 636 1739 ei
651 1708 698 1747 jus
710 1706 818 1739 facere
835 1717 900 1747 quo
919 1708 1060 1748 praejudi-

182 1755 269 1785 cium
290 1752 387 1791 faciat
398 1752 548 1792 petitioni
566 1749 771 1787 hereditatis,
789 1751 863 1789 quin
877 1749 895 1780 ii
913 1750 974 1780 tale
984 1749 1061 1789 quid

181 1795 323 1834 instituat
347 1803 420 1826 ante
443 1793 532 1825 litem
550 1790 781 1829 contestatain3
806 1790 850 1822 est
868 1801 884 1821 a
903 1790 1061 1829 praetore,

182 1831 365 1883 Postulante
401 1833 686 1871 etitore‚alienare
700 1831 918 1872 prohibendus
935 1832 1028 1873 l.5.b.
1040 1838 1061 1863 t.

183 1880 335 1918 idemque
357 1845 402 1908 est
428 1875 498 1916 post
520 1876 609 1906 litem
634 1872 862 1912 contestatam3
887 1883 947 1913 qua
965 1883 1061 1905 nemo

184 1917 269 1952 suain
294 1919 517 1950 conditionem
543 1915 622 1947 facit
647 1915 842 1947 deteriorem
865 1915 884 1946 l.
905 1925 951 1951 29<
973 1915 1013 1946 D.
1030 1924 1062 1946 ae

185 1967 285 1992 novat.
307 1959 381 1992 Nec
395 1968 498 1991 tamen
518 1957 581 1988 hoc
598 1956 752 1996 impedit,
770 1966 834 1996 quo
851 1959 953 1988 minus
968 1958 996 1987 ei
1011 1966 1062 1996 pa-

185 2012 270 2039 rato,
301 2002 429 2042 petitori
454 2001 598 2032 satisdare
623 2007 682 2039 pro
707 1999 795 2041 omni
814 1998 992 2040 quantitate
1011 1999 1061 2039 he·

186 2044 330 2076 reditatis
341 2067 349 2082 ,
368 2043 419 2074 vel
431 2051 534 2073 rerum
545 2041 609 2081 ejus
620 2039 822 2071 restitutione
831 2040 981 2071 alienatio
994 2050 1061 2081 per-

187 2086 341 2118 mittatur.
368 2083 455 2115 causa
479 2091 585 2113 autern
609 2081 760 2122 cognita,
783 2081 838 2112 etii
857 2091 920 2114 non
938 2080 973 2112 fit
992 2083 1064 2112 data

186 2121 370 2168 satisdatio,
389 2125 439 2157 scd
450 2123 538 2156 solita
548 2123 675 2161 cautio,
693 2122 978 2163 (quaeextatapud
988 2122 1064 2154 Pau-

186 2169 251 2240 μισ]
276 2168 323 2199 lib.
346 2177 369 2198 1.
389 2167 517 2197 sentent.
538 2166 583 2196 iit.
608 2173 654 2195 11.
676 2163 703 2205 ἓ.
726 2165 773 2204 1.)
797 2164 897 2195 edixit
921 2164 1064 2203 Praeror,

202 2220 220 2241 e
235 2209 490 2242 deminutionem
502 2231 510 2246 ‚
527 2205 622 2239 etiam
634 2205 704 2246 post
715 2205 805 2237 litem
816 2214 975 2246 coeptam,
988 2215 1065 2237 con-

189 2249 355 2290 eeffnrum.
380 2258 517 2289 nempe,
540 2257 579 2281 ne
596 2247 777 2279 deminutio
794 2246 825 2278 in
843 2255 948 2279 toturn
966 2247 1065 2289 demi-

187 2290 284 2330 nuta,
309 2293 406 2323 etiarn
425 2292 484 2323 alia
502 2289 674 2321 commoda
692 2288 846 2329 impediat
860 2290 889 2320 d.
912 2289 932 2320 l.
947 2299 978 2328 5.
998 2290 1026 2320 h.
1043 2294 1065 2321 t.

189 2332 336 2374 exempla
354 2332 422 2364 sunt
439 2332 558 2365 ibidem
573 2355 581 2365 ,
595 2339 692 2371 atque
710 2330 742 2361 in
757 2329 836 2370 l.53.
848 2331 876 2361 d.
889 2335 910 2361 t.
928 2340 1002 2371 egre
1029 2330 1065 2362 ia.

230 2376 380 2408 Proxima
404 2374 464 2405 erit
486 2372 699 2410 deliberati03
730 2380 769 2402 an
785 2371 833 2414 jus
851 2371 886 2404 iit
903 2371 989 2411 polle
1019 2371 1066 2403 ori

188 2417 394 2454 hereditatis,
412 2416 476 2456 ejus
492 2414 597 2448 debita
609 2414 738 2454 exigere
756 2422 773 2444 a
791 2413 992 2445 debitoribus
1011 2413 1066 2444 he-

189 2459 365 2494 reditariis,
380 2467 492 2489 autres
509 2454 714 2488 hereditarias
730 2464 746 2485 a
763 2453 984 2495 poffess'oribus
1002 2455 1066 2486 vin·

192 2501 307 2532 dicare.
340 2498 491 2530 Occurrit
512 2498 563 2530 illa
579 2498 608 2528 in
626 2497 645 2529 l.
664 2506 711 2536 49.
735 2495 776 2526 D.
797 2496 824 2526 h.
841 2503 861 2527 ι.
887 2496 917 2527 in
933 2506 993 2537 qua
1011 2495 1067 2527 Pa-

189 2542 335 2582 pinianus
356 2541 448 2580 ponit
475 2539 658 2579 exemplum
685 2538 715 2568 in
733 2536 907 2578 possessore
923 2538 1016 2569 bonae
1032 2537 1067 2569 fi-

190 2583 259 2613 dei:
277 2583 414 2622 opinor,
431 2582 501 2621 quia
519 2581 638 2612 nullum
653 2580 702 2619 jus
719 2577 764 2610 est
782 2578 959 2619 poffefforis
978 2580 1068 2612 malae

189 2620 276 2656 fidei.
301 2624 386 2663 atqui
402 2624 496 2654 bonae
515 2621 589 2654 fidei
607 2619 779 2662 possessor,
796 2620 866 2660 post
885 2621 973 2652 litem
991 2630 1069 2651 con-

190 2664 356 2703 testatam,
380 2662 416 2694 fit
432 2665 521 2699 malae
538 2663 621 2695 fidei.
664 2662 726 2693 Sed
740 2662 804 2702 jam
825 2662 855 2694 in
874 2661 1069 2693 antecessum

191 2706 276 2744 dixi,
301 2705 389 2746 quod
406 2714 470 2736 non
487 2705 609 2736 ideirco
627 2712 754 2735 tenetur
771 2704 819 2743 jus
842 2704 928 2734 suum
946 2712 1069 2735 temere

190 2745 392 2782 indefensum
411 2746 598 2785 relinquere.
624 2745 723 2786 Igitur
739 2754 804 2776 non
822 2744 859 2776 fit
877 2745 988 2783 heres,
1008 2754 1068 2776 nec

191 2789 342 2822 dominus
355 2811 364 2825 ‚
381 2787 467 2826 cujus
483 2787 652 2826 praesertim
670 2785 714 2818 est
726 2785 869 2817 actiones
886 2788 916 2818 in
936 2796 1002 2818 rein
1015 2795 1069 2817 aut

189 2833 222 2863 in
240 2829 405 2872 personam
416 2837 584 2859 exercere:
600 2828 619 2859 si
637 2838 701 2869 quo
713 2836 819 2859 tamen
831 2828 900 2859 casu
910 2837 961 2860 eas
980 2838 1068 2859 exer-

191 2875 258 2904 ceri
282 2870 407 2903 necesse
425 2868 490 2907 est;
513 2878 551 2900 an
576 2869 627 2900 ubi
653 2879 718 2901 iion
736 2870 814 2901 licet
835 2869 942 2900 facere
959 2869 1068 2908 aliter,

190 2914 253 2946 ulla
269 2913 387 2954 patitur
402 2912 483 2942 ratio
494 2933 504 2949 ‚
517 2918 589 2942 eum
607 2911 645 2941 ab
663 2910 710 2942 his
726 2910 851 2942 arceri?
867 2911 976 2942 evenit
992 2911 1068 2949 hoc,

190 2955 321 2997 quoties
339 2953 385 2985 est
394 2952 590 2993 periculum,
606 2960 645 2982 ne
656 2950 750 2983 facile
768 2961 899 2991 pereant
916 2952 1068 2990 afflones,

190 2997 281 3038 quod
298 2996 367 3030 sunt
386 2993 596 3034 temporales,
620 2992 649 3023 ἀ
671 2993 758 3023 brevi
776 2992 992 3033 exspiratur-ze,
1018 2994 1068 3025 vel

189 3039 278 3079 quod
297 3037 426 3070 debitor
443 3035 558 3067 labitur
574 3033 797 3072 facultatibus,
814 3035 1008 3074 poffess'orve
1024 3035 1069 3066 rei

190 3080 319 3113 mobilis
329 3080 368 3110 de
380 3077 455 3117 fuga
470 3075 514 3108 est
529 3073 695 3115 suspestus.
720 3074 795 3119 Hoc
811 3086 889 3107 vero
901 3087 941 3108 eo
955 3077 1066 3108 luben-

191 3121 254 3153 tius
271 3120 466 3160 pei-misero:
491 3118 564 3159 quia
583 3117 613 3148 in
630 3115 681 3146 tali
703 3116 845 3160 periculo
864 3118 993 3149 interest
1013 3117 1068 3149 he-

189 3163 353 3200 reditatis,
377 3169 412 3192 ut
436 3168 490 3191 aut
517 3169 567 3190 res
589 3166 642 3189 aut
665 3156 805 3187 aCtiones
825 3157 934 3188 futuro
955 3159 1064 3190 heredi

192 3204 244 3238 vel
260 3202 301 3236 sic
317 3202 496 3236 serventur:
512 3210 553 3233 ne
572 3200 642 3241 quis
658 3205 799 3237 metuat,
819 3198 988 3231 hereditati
1007 3200 1063 3231 fie-

1085 97 1105 120 o
1139 95 1160 121 o
1195 95 1219 120 n
1252 97 1274 121 T
1333 86 1361 121 C
1393 98 1415 122 o
1449 98 1475 122 M
1510 100 1549 124 M.

1089 175 1113 206 ri
1133 175 1361 220 praeJudiciuni.
1385 177 1480 217 quid,
1498 176 1519 209 ss
1537 186 1597 209 nec
1613 176 1741 210 interest
1759 177 1962 218 pofl'effoium

1091 215 1199 247 talium
1216 226 1339 255 rerum,
1363 219 1512 250 adversus
1530 217 1560 250 se
1577 229 1640 250 non
1657 221 1724 259 agi:
1749 229 1821 251 cum
1841 218 1962 260 praeier-

1092 257 1274 297 timjudicio
1287 259 1373 298 vicu,
1387 259 1406 291 fi
1419 262 1564 292 amittant
1575 259 1796 300 poffeffionem
1806 284 1815 299 ,
1825 260 1964 295 desinant

1093 307 1144 331 eas
1162 298 1317 339 pofficiere
1335 300 1398 333 fine
1415 303 1492 333 dolo
1505 302 1534 333 dt
1551 302 1734 342 culpal.58.
1747 302 1766 333 l.
1776 306 1825 343 36.
1837 302 1865 344 §.
1881 304 1962 336 1..D.

1095 339 1129 369 de
1145 341 1186 386 sei
1204 341 1314 372 vindic.
1333 351 1485 382 praeterea
1503 343 1609 384 potest
1625 343 1825 383 debitoribus
1846 345 1965 376 heredi-

1096 388 1183 412 tariis
1199 391 1214 426 a
1232 382 1355 414 vietore
1374 386 1493 416 consuli
1505 386 1677 422 cautione,
1694 384 1755 422 Se,
1770 383 1917 425 fijudicio
1927 387 1980 418 de·

1097 421 1274 454 hereditate
1291 425 1455 465 vincatur,
1480 427 1524 458 eis
1541 428 1627 468 quod
1643 427 1790 466 accepit,
1813 426 1968 464 restitutu-

1097 472 1163 494 rum
1175 486 1184 500 ,
1200 473 1252 494 aut
1263 474 1319 496 eos
1336 468 1482 500 adversus
1494 468 1644 500 heredem
1662 467 1876 499 defensurum.
1901 467 1967 498 Cae-

1098 512 1201 550 terum
1213 513 1303 551 putat
1321 506 1508 547 Papinianus
1524 511 1552 541 cl.
1569 509 1588 542 l.
1600 519 1650 548 49.
1663 510 1689 541 h.
1708 514 1729 539 t.
1754 510 1842 550 quod
1858 509 1897 541 de
1916 510 1969 544 bo-

1098 555 1144 576 nae
1164 545 1238 590 ndei
1255 546 1426 592 poss'ess‘ore
1445 551 1530 590 dixi,
1554 552 1650 583 etiam
1672 549 1758 591 poffe
1783 550 1813 581 in
1831 551 1968 591 petitore

1099 586 1330 632 observariqut
1346 591 1395 622 vel
1416 591 1445 622 ei
1463 594 1662 625 concedatur
1679 602 1772 633 agere
1789 601 1842 622 aut
1861 592 1891 623 in
1905 601 1969 624 rem

1099 636 1196 659 autin
1214 630 1397 675 personam:
1415 642 1479 664 non
1490 635 1618 673 quidem
1630 644 1669 666 ex
1685 633 1885 672 subtilijnre3
1901 632 1971 673 sed,

1099 678 1133 700 ut
1154 670 1244 715 {upra
1260 670 1345 708 dixi,
1369 682 1409 707 ex
1426 676 1593 713 aequitate:
1618 684 1751 717 urgente
1771 675 1972 714 necessitate,

1101 711 1144 742 ob
1161 712 1388 752 negligentiam
1402 715 1599 754 possessoris,
1624 717 1653 748 ὃς
1673 726 1739 748 tum
1757 717 1835 747 citra
1853 723 1972 749 metum

1102 755 1321 797 exceptionis,
1347 753 1411 786 Nisi
1434 758 1650 797 praejudicium
1675 758 1824 797 petitioni
1850 757 1973 788 heredi-

1103 801 1176 825 tatis
1198 793 1261 824 ssat.
1306 795 1347 826 At
1366 799 1449 829 enim
1475 799 1649 838 Papiniano
1666 799 1821 839 obstrepit
1836 799 1973 838 Julianus

1101 835 1120 865 l.
1141 845 1186 875 ¹3·
1207 834 1248 882 D:
1272 837 1306 866 de
1330 840 1514 878 exceptionih.
1540 839 1580 871 fic
1601 840 1754 877 scribens:
1779 841 1812 871 Si
1824 838 1883 881 posi
1900 841 1975 878 litem

1103 878 1136 907 de
1154 879 1309 923 hereditare
1325 879 1508 921 contestatam
1536 891 1579 912 res
1596 880 1715 923 fingulae
1731 889 1894 922 petantur:
1911 882 1974 922 pla.

1103 923 1214 965 caenon
1230 917 1338 958 obstare
1348 924 1557 962 exceptionem,
1576 921 1675 965 Quod
1692 923 1907 964 praejudicium
1925 932 1976 963 pe-

1103 967 1210 1007 titioni
1226 959 1413 1007 hereditatis
1430 973 1494 995 non
1509 963 1689 1005 fiat.fuiuri
1699 966 1773 996 enim
1789 965 1976 1004 judicii,non

1094 1000 1175 1047 subii
1191 1011 1322 1047 nornine,
1343 1003 1507 1045 hujusmodi
1523 1007 1697 1047 exceptiones
1717 1012 1883 1047 comparatae
1897 1009 1975 1044 sunt.

1103 1041 1191 1083 Quid
1208 1043 1366 1077 dicimus?
1385 1045 1491 1078 Verba
1511 1047 1579 1078 haec
1590 1071 1599 1087 ,
1612 1046 1671 1088 post
1682 1048 1761 1079 litem
1776 1045 1976 1087 contestatam„

1102 1086 1141 1130 ab
1160 1084 1311 1116 necui-fio
1327 1089 1452 1129 accipi,
1475 1087 1558 1128 quasi
1585 1090 1706 1121 diceret
1723 1087 1881 1128 julianus,
1906 1088 1975 1128 post

1103 1126 1191 1172 litem
1217 1126 1427 1162 contestatam
1447 1131 1474 1161 ὅ(
1492 1129 1629 1162 finitam:
1653 1131 1682 1162 δί
1701 1130 1853 1166 Accursio
1873 1129 1975 1167 suffra·

1102 1176 1167 1207 gari
1184 1167 1339 1206 jacobum
1359 1170 1521 1212 Cujacium
1536 1171 1582 1203 lib.
1600 1182 1627 1208 9.
1648 1172 1769 1212 Observ.
1788 1182 1811 1202 c.
1831 1182 1878 1212 27.
1910 1170 1977 1212 Ipse.

1104 1208 1252 1240 lubenter
1277 1213 1465 1244 accederem
1493 1212 1687 1245 Doctiffimis
1705 1214 1765 1247 illis
1784 1212 1887 1245 Viris:
1911 1213 1931 1245 fi
1947 1213 1979 1251 si·

1104 1258 1194 1281 neret
1212 1251 1304 1282 ratio.
1326 1262 1410 1286 nunc
1433 1255 1503 1295 cepi
1522 1255 1707 1294 consilium,
1732 1255 1894 1295 expuncto
1913 1263 1980 1285 ver·
2030 1267 2032 1282 ι

1104 1292 1167 1330 bo,
1191 1291 1394 1334 contestatam,
1412 1296 1538 1337 legere,
1555 1297 1588 1327 Si
1600 1295 1661 1337 post
1677 1292 1756 1328 ticeni
1773 1298 1806 1327 de
1823 1297 1978 1328 hereditate
2031 1322 2032 1331 ,

1104 1343 1145 1363 res
1155 1331 1280 1375 fingzilae
1292 1341 1441 1374 petantur.
1466 1335 1626 1369 Nimirum
1641 1338 1702 1369 sum
1715 1337 1892 1378 persuasus,
1910 1347 1979 1369 ver·
2031 1348 2032 1351 ¹

1106 1374 1181 1420 bum
1205 1374 1409 1418 contestatam,
1433 1378 1497 1412 ess'e
1517 1377 1727 1412 Gloss‘atoris:
1751 1379 1979 1417 existimantis,

1102 1415 1227 1462 juli-ano
1257 1418 1419 1451 excidisse.
1442 1420 1529 1460 quod
1553 1430 1618 1452 non
1636 1430 1734 1461 puto:
1757 1421 1811 1462 ille
1823 1419 1885 1462 poft
1901 1420 1980 1451 licem

1102 1458 1182 1489 dixit
1198 1457 1400 1498 fimpliciter,
1423 1470 1523 1501 eaque
1542 1462 1693 1501 loquendi
1718 1461 1823 1501 forma
1840 1463 1928 1495 litem
1947 1460 1981 1492 fi-

1103 1499 1201 1530 nitam
1227 1498 1423 1540 significavit.
1455 1502 1552 1539 fidem
1573 1504 1661 1535 dicto
1679 1502 1802 1535 faciunt
1819 1503 1982 1543 sequentia
2032 1503 2034 1522 '¹

1099 1539 1215 1587 juliani
1234 1543 1349 1575 verba:
1373 1542 1480 1575 Fuluri
1494 1545 1570 1575 enim
1579 1545 1705 1586 judicii,
1728 1544 1872 1585 nonsaffl
1888 1545 1978 1574 nomi-

1103 1592 1138 1613 ne
1156 1582 1321 1624 hujusmodi
1335 1587 1511 1626 exceptiones
1527 1592 1693 1626 comparaiae
1701 1587 1785 1626 sunt⁴
1829 1584 1912 1617 Nam
1922 1585 1978 1624 fu-

1104 1629 1203 1654 turum
1221 1625 1369 1666 judicium
1393 1625 1470 1666 quid
1494 1625 1558 1665 est,
1583 1627 1637 1658 nisi
1658 1626 1811 1667 judicium
1838 1627 1979 1664 nondum

1104 1664 1301 1705 susceptum,
1318 1666 1542 1708 ssvejudicium
1560 1677 1617 1708 per
1638 1668 1700 1700 litis
1711 1668 1980 1705 contestationem

1104 1708 1207 1738 adhuc
1226 1706 1466 1748 suscipiendum.
1491 1717 1522 1740 at
1535 1709 1686 1750 judicium
1697 1709 1815 1749 fabium
1834 1709 1897 1749 est,
1914 1708 1984 1740 fini-

1106 1756 1171 1780 tum
1184 1772 1193 1787 ‚
1219 1748 1270 1780 seu
1289 1750 1466 1789 pera6tum‚
1489 1750 1607 1791 Judicis
1627 1751 1789 1783 sententia.
1823 1750 1864 1783 fic
1879 1751 1981 1792 judici-

1104 1800 1154 1834 um
1172 1790 1274 1830 facere
1291 1791 1355 1829 est,
1375 1792 1534 1832 judicare,
1559 1802 1632 1825 cum
1650 1793 1732 1834 apud
1750 1793 1881 1825 Paulum
1895 1793 1914 1823 l.
1929 1796 1979 1832 58.

1107 1833 1153 1863 D.
1169 1833 1202 1862 de
1219 1835 1259 1863 rei
1276 1835 1386 1864 vindic.
1411 1842 1479 1865 turn
1507 1836 1590 1874 apud
1615 1833 1826 1872 Terentium,
1851 1833 1979 1869 Cicero-

1105 1882 1196 1911 nem,
1222 1872 1364 1906 Livium:
1391 1884 1425 1905 ut
1450 1875 1515 1916 ipse
1535 1877 1616 1908 inter
1633 1876 1713 1907 alios
1731 1875 1856 1908 curiose
1873 1874 1980 1906 obser.-

1106 1915 1193 1959 vavit
1210 1914 1252 1946 D.
1270 1915 1416 1956 Cujacius
1437 1918 1464 1948 d.
1482 1918 1535 1948 loe.

1124 1997 1129 2003 .
1145 1956 1259 1989 Similis
1276 1957 1412 1990 verritur
1428 1958 1577 1997 quaestio:
1599 1968 1636 1990 an
1654 1958 1806 1999 possessor
1829 1956 1983 1989 heredita-

1108 2005 1146 2029 tis
1158 2022 1166 2036 ‚
1183 2007 1236 2029 aut
1255 2000 1350 2030 etiam
1369 2001 1506 2038 petitor,
1522 2010 1537 2031 a
1555 2000 1767 2034 creditoribus
1785 1998 1982 2032 hereditariis
2035 2003 2036 2006 ’

1107 2049 1306 2078 conventus,
1326 2049 1469 2072 teneatur
1485 2041 1529 2073 eis
1548 2041 1740 2082 respondere
1753 2042 1768 2073 ἶ)
1786 2040 1869 2073 Nam
1887 2041 1983 2071 ambo

1108 2080 1258 2125 feserunt
1278 2092 1336 2121 pro
1354 2082 1543 2114 heredibus:
1557 2083 1624 2115 acsi
1639 2093 1692 2115 aut
1711 2084 1763 2115 hic
1774 2091 1827 2114 aut
1843 2082 1896 2114 ille
1906 2091 1983 2116 con-

1107 2131 1251 2154 veniatur
1275 2133 1292 2154 a
1312 2124 1526 2162 creditoribus
1546 2134 1556 2162 3
1584 2134 1649 2156 non
1672 2124 1770 2157 fuerit
1797 2123 1981 2162 absurdum,

1109 2173 1181 2195 eum
1192 2174 1232 2195 ex
1244 2164 1292 2195 sua
1304 2165 1497 2205 profeffione
1507 2165 1608 2197 teneri
1620 2175 1781 2207 tamquam
1792 2166 1982 2201 debitorem.

1112 2206 1233 2238 Contra
1250 2206 1355 2246 potest
1372 2207 1422 2238 vel
1440 2206 1492 2238 hic
1514 2207 1576 2239 effe
1593 2216 1716 2246 metus3
1741 2218 1779 2239 ne
1799 2214 1915 2239 noceat
1932 2215 1983 2237 ex-

1110 2248 1242 2292 ceptio,
1263 2246 1366 2292 *Extra
1389 2258 1482 2289 quam
1507 2248 1527 2280 si
1546 2247 1599 2281 fiat
1623 2250 1772 2290 petitioni
1801 2248 1981 2283 hereditatis

1110 2290 1336 2330 praejudicium.
1363 2290 1481 2322 Verum
1493 2289 1583 2321 fuisse
1593 2290 1693 2322 haein
1705 2299 1793 2331 parte
1809 2299 1875 2321 non
1890 2298 1992 2322 unam.

1111 2331 1267 2362 Veterum
1281 2331 1465 2363 sententiam
1477 2355 1486 2370 ,
1501 2340 1633 2372 apparet
1650 2342 1691 2364 ex
1708 2334 1726 2364 l.
1742 2333 1793 2364 uli:v
1808 2331 1840 2362 C.
1858 2332 1886 2363 h.
1904 2338 1924 2363 t.
1941 2338 1984 2364 et,-

1111 2372 1170 2404 iam
1188 2372 1271 2403 circa
1284 2373 1463 2404 libertatern
1475 2373 1564 2405 siiiss'e
1581 2373 1760 2405 dubitatum
1773 2397 1782 2412 ,
1797 2374 1916 2405 indicat
1927 2373 1945 2403 l.
1955 2382 1983 2412 7.

1111 2414 1228 2446 D.b.t.
1254 2413 1315 2445 Sed
1332 2416 1515 2446 varietatem
1536 2414 1888 2455 sustulitJustinianusd.
1903 2413 1983 2446 inlr.

1111 2455 1211 2495 posita
1227 2456 1255 2486 in
1272 2455 1431 2496 plerisque
1447 2465 1530 2487 nova
1546 2455 1668 2487 forma:
1686 2466 1779 2496 quam
1796 2455 1858 2495 ibi,
1876 2456 1925 2487 cui
1942 2455 1984 2487 lu-

1135 2506 1185 2534 et,
1210 2497 1284 2527 licet
1303 2497 1419 2537 legere.
1450 2496 1557 2529 saltem
1576 2497 1738 2536 suadeam,
1757 2498 1880 2536 notari,
1898 2505 1981 2528 mota

1112 2538 1298 2569 hereditatis
1316 2538 1473 2578 petitione
1495 2538 1641 2570 intereffe
1664 2539 1746 2571 inter
1763 2538 1935 2578 petitorem
1955 2537 1982 2569 ἀ

1113 2579 1335 2620 possefforem3
1351 2588 1456 2610 utrum
1472 2580 1624 2612 alteruter
1635 2590 1707 2612 cum
1719 2580 1917 2612 debitoribus
1933 2579 1982 2609 he-

1112 2620 1266 2652 reditariis
1284 2620 1483 2662 experiatur,
1507 2631 1544 2652 an
1561 2631 1577 2653 a
1596 2622 1809 2653 creditoribus
1831 2621 1982 2653 heredita-

1111 2662 1163 2694 riis
1180 2663 1401 2694 conveniatur.
1418 2662 1585 2694 conveniri
1601 2663 1684 2694 enim
1695 2674 1735 2695 ex
1747 2665 1805 2695 hac
1823 2665 1894 2703 lege
1911 2671 1982 2704 pos-

1112 2704 1181 2734 sunt
1198 2703 1261 2735 sine
1284 2712 1372 2735 metu
1392 2703 1615 2744 exceptionis:
1639 2715 1732 2746 agere
1753 2715 1816 2736 non
1836 2704 1981 2745 poffunt,

1112 2753 1322 2790 praeterquam
1346 2745 1367 2777 fi
1384 2744 1429 2776 est
1453 2747 1651 2786 periculum3
1673 2757 1714 2778 ne
1734 2746 1874 2778 actiones
1892 2742 1981 2778 morit·

1112 2795 1204 2818 antur
1219 2795 1302 2818 inter
1320 2796 1423 2818 moras
1443 2788 1515 2818 litis.

1155 2828 1271 2867 Plane,
1288 2837 1359 2860 cum
1372 2828 1534 2868 poffessbri
1551 2828 1737 2861 hereditatis
1748 2827 1982 2862 administratio·

1112 2879 1186 2901 nem
1212 2870 1376 2910 pendente
1394 2869 1448 2901 lite
1466 2871 1666 2910 indulsimus,
1691 2881 1756 2903 non
1772 2871 1817 2902 est
1836 2874 1918 2910 opus*
1932 2869 1983 2900 ad-

1112 2911 1254 2949 moneri,
1279 2910 1307 2942 ei
1324 2911 1507 2943 indemnem
1527 2912 1588 2943 effe
1603 2921 1768 2952 oportere.
1808 2911 1945 2943 Proinde
1961 2907 1982 2940 fi

1113 2953 1189 2993 quid
1200 2953 1320 2984 caverit
1337 2953 1521 2984 hereditatis
1532 2955 1682 2993 nomine,
1698 2953 1902 2994 aequiffimuin
1919 2949 1981 2987 est,

1112 3004 1185 3026 eum
1202 2993 1257 3025 illo
1276 3004 1377 3026 onere
1396 2994 1529 3026 liberari.
1546 2995 1565 3026 i.
1583 3006 1632 3035 40.
1653 2996 1680 3037 §.
1698 3006 1726 3036 3.
1747 2995 1793 3025 D.
1811 2995 1838 3024 h.
1854 2999 1893 3038 t..
1912 2991 1983 3022 Nec

1112 3035 1214 3067 minus
1236 3038 1264 3066 ei
1279 3037 1328 3075 jus
1345 3035 1408 3073 est,
1433 3036 1606 3076 impensas,
1625 3036 1645 3068 fi
1663 3046 1736 3077 quas
1751 3034 1868 3065 fecerit
1885 3042 1915 3063 in
1935 3041 1983 3063 res

1111 3077 1335 3115 hereditarias,
1354 3078 1428 3108 dum
1445 3087 1497 3109 eas
1518 3079 1616 3115 colit,
1633 3086 1686 3108 aut
1703 3083 1825 3111 tuetur,
1840 3081 1893 3118 aut
1907 3074 1983 3105 dum

1110 3128 1152 3149 aes
1169 3119 1304 3150 alienum
1331 3118 1443 3158 solvit,
1468 3127 1521 3149 aut
1539 3120 1613 3150 dum
1632 3118 1781 3158 pecunias
1803 3115 1925 3146 debitas
1935 3114 1984 3153 ju-

1109 3161 1194 3192 dicio
1208 3160 1424 3200 persequitur,
1442 3160 1481 3190 de
1493 3159 1669 3191 hereditate
1681 3157 1857 3201 deducere,
1877 3156 1907 3186 in
1925 3155 1983 3192 pri-

1108 3211 1167 3237 mis
1185 3200 1372 3243 necessarias
1388 3209 1441 3232 aut
1458 3202 1568 3233 utiles·
1590 3208 1662 3233 nam
1681 3198 1893 3239 voluptarias,
1909 3204 1982 3227 cum

1910 3246 1981 3278 pos-
