2052 3487
219 144 290 178 106

218 231 356 263 Asbolius
372 222 527 269 pataestrita
542 248 553 265 ,
584 223 621 260 ἐξ
641 222 783 264 haruspex
805 221 977 262 Campensis.
1021 221 1076 254 Ve-

221 282 285 303 rum
302 273 410 313 negotio
429 268 578 309 tepescente
592 267 623 297 ob
638 267 810 295 diuturnam
827 264 986 295 morborum
999 266 1074 303 aspe-

220 315 334 344 ritatem
351 335 360 350 ,
393 320 448 351 qna
466 310 613 339 tenebatur
636 305 794 346 Olybrius.-
816 315 963 336 morarum
983 306 1074 345 impa-

221 354 321 384 tientes
351 353 380 381 tn·
408 351 458 391 qui
485 358 543 379 rem
572 347 734 378 detulerant
751 369 760 384 ,
791 346 879 376 libello
906 347 1074 385 petiverunt

220 395 327 431 oblato,
350 398 384 422 ut
399 391 623 421 examinantium
640 388 776 428 jurgium
799 386 937 425 Praefecto
955 388 1073 417 mancia-
1089 406 1092 409 ·

220 440 301 465 retur
316 441 452 463 annonae:
476 431 559 471 idque
569 428 666 470 studio
684 429 834 459 celeritatis
856 427 1010 467 conceffum
1025 426 1073 467 est.

219 475 246 506 A
269 474 359 514 quo?
383 482 398 503 a
419 472 566 512 Principe
585 481 594 509 ;
626 477 659 501 ut
683 470 747 500 dixi
767 492 777 508 ,
808 469 838 500 ἃ
856 469 956 509 liquet
973 478 1013 500 ex
1031 467 1074 499 se-

218 515 389 554 quentibus
423 512 577 544 Ammiani
607 510 738 543 verbis:
769 510 883 550 quibus
914 518 1073 549 narratur,

218 556 429 587 Maximinum
454 563 513 594 pro
545 551 705 584 Praefeffls
737 561 830 593 agere
866 550 1073 589 dispositum,

217 598 301 635 (hoc
320 596 382 633 cst,
411 594 567 626 vicarium
585 593 719 624 factum:
749 594 781 623 id
800 593 884 623 enim
905 592 1073 623 Ammiano

219 638 287 669 vult
313 647 347 668 ea
373 636 495 668 locutio
513 643 565 676 pro
583 633 731 673 Prcefeiiis
747 634 854 675 agere)
885 643 922 664 ac
948 633 1074 672 literas,

216 679 248 711 id
266 677 310 709 est
327 702 336 716 ‚
367 678 535 709 codicillos
559 686 576 707 a
602 675 750 715 Principe
775 673 939 715 accepiffe.
985 673 1076 706 Idem

216 728 370 759 praeterea
398 720 497 759 liquet
523 727 564 749 ex
589 716 781 757 Hieronymi
803 716 878 747 ioco
903 724 997 756 quem
1014 716 1075 747 Va-

216 761 306 793 lesius
334 761 447 800 allegat
462 782 471 798 ‚
504 758 598 790 Notis
618 758 657 788 ad
675 758 885 789 Ammianum.
930 756 1075 795 Exposui

216 803 372 834 rationem
392 799 555 842 potestatis
575 798 718 829 Praefecti
736 798 838 837 urbis,
867 798 963 829 etiam
983 798 1075 829 Vica-

216 844 252 875 1ii
282 844 345 883 ejus
365 865 374 880 ,
407 850 477 872 cum
503 840 579 871 ess'et
603 840 734 880 quaestio
761 840 801 871 de
825 849 916 871 mero
941 839 1076 879 imperio

217 885 346 924 ejusque
368 883 515 914 mandato
534 892 542 912 :
571 890 588 911 a
611 890 675 921 quo
700 881 847 921 separatae
873 888 961 911 erant
978 879 1075 911 causae

218 925 310 957 mixti
329 924 471 964 imperii3
495 923 606 964 utique
622 931 691 963 quae
708 921 867 955 Praefecto
886 922 970 954 urbis
987 931 1074 953 com-

809 131 1120 170 Genium
1171 130 1398 168 Noon‘r

1117 221 1271 263 petebant
1286 222 1354 262 J'ure
1372 218 1574 263 Magistratus
1597 217 1658 252 sui:
1681 227 1753 252 narn
1776 229 1828 252 eas
1847 222 1973 254 manda-

1117 273 1151 295 re
1167 271 1293 303 poterat
1312 272 1375 295 non
1393 263 1493 294 modo
1515 262 1642 293 vicario
1661 261 1745 293 urbis
1763 284 1772 299 ‚
1802 261 1854 293 sed
1878 264 1974 295 etiam

1117 306 1210 336 aliis:
1242 305 1346 345 deque
1368 304 1404 335 iis
1427 305 1554 344 accipio
1580 302 1772 334 cledonium
1788 326 1797 341 ,
1831 311 1975 336 veterem

1117 345 1388 384 Grammaticum,
1412 345 1488 376 loco
1506 353 1600 384 quem
1625 345 1711 375 attuli
1731 345 1821 384 capite
1840 353 1865 374 i.
1888 345 1975 386 hujus

1116 387 1198 418 libri:
1221 387 1258 419 ad
1277 388 1472 426 easdemque
1496 385 1623 424 nescio,
1647 395 1684 416 an
1708 387 1824 416 alludat
1844 393 1975 425 quoque

1117 428 1300 460 Ammianus
1323 427 1529 459 Marcellinus
1552 427 1578 457 d.
1604 433 1665 466 cap.
1691 435 1714 457 1.
1745 427 1793 457 lib.
1820 430 1868 460 28.
1902 435 1974 458 cum

1117 469 1158 500 sic
1178 470 1291 509 inquit.
1333 468 1419 512 Quod
1432 467 1594 509 Aginatius
1608 465 1799 508 indigniffime
1808 468 1908 506 sereni
1928 469 1975 498 ao-

1117 511 1228 551 lensque
1245 512 1276 541 in
1291 511 1490 541 examinandis
1507 508 1599 547 causts
1622 509 1821 540 Maximinum
1847 509 1882 538 ab
1902 508 1974 548 Oly-

1117 553 1176 582 brio
1188 550 1245 590 fibi
1259 551 1411 591 praelatum
1423 574 1432 590 ‚
1462 560 1526 581 cum
1545 551 1608 590 effet
1624 551 1680 591 ipse
1703 549 1842 581 Vicarius
1868 548 1975 581 Ronzoe.

1117 592 1184 624 Nisi
1212 593 1299 624 malis
1322 592 1384 623 hoc
1409 591 1554 632 accipere
1583 592 1622 622 de
1645 592 1759 622 ordine
1777 592 1921 631 rogandae
1939 599 1976 621 ac

1117 634 1262 665 dicendae
1278 632 1440 665 sententiae
1468 634 1498 664 in
1525 631 1667 665 Consilio
1687 630 1814 673 Olybrii
1833 630 1977 663 Praefecti

1117 675 1220 713 urbis,
1243 675 1274 706 in
1292 683 1356 714 quo
1375 682 1508 715 uterque
1524 673 1614 705 forte
1631 672 1752 705 assedit.
1786 672 1867 704 lllud
1882 672 1978 703 ornit-

1118 717 1249 748 tendum
1275 725 1339 747 non
1364 714 1409 746 est
1425 738 1434 753 ,
1465 717 1552 755 quod
1577 715 1606 746 &
1631 715 1755 756 repperi
1779 736 1788 752 ‚
1818 715 1978 754 cognitio-

1120 767 1192 789 nem
1209 767 1226 788 a
1241 756 1387 797 Principe
1411 756 1546 787 delatam
1570 755 1631 787 esse
1648 755 1806 787 interdum
1828 757 1877 785 vel
1896 755 1977 786 Prae-

1118 798 1206 830 fetro
1226 798 1293 830 urbi
1312 821 1321 836 ‚
1351 798 1402 829 vel
1418 797 1564 834 vicario,
1597 805 1691 837 prout
1718 797 1796 827 alter
1815 797 1977 836 proximus

1119 840 1222 871 esset:
1252 839 1281 871 ἀ
1306 839 1487 879 exemplum
1506 840 1536 870 in
1555 839 1636 879 l.36.
1657 838 1725 869 Cod.
1751 837 1852 869 Theoti.
1876 839 1908 868 cle
1930 843 1979 878 ap-

1113 882 1314 922 pellationibus
1337 880 1383 911 lib.
1404 889 1448 911 11.
1472 881 1519 911 tit.
1535 889 1584 921 30.

896 1038 1114 1074 CAPUT
1164 1036 1294 1073 VII.

268 1140 322 1178 An
346 1141 485 1188 adoptio,
510 1139 728 1186 emancipatio,
757 1136 799 1178 δέ’
822 1134 1034 1184 ηπαηιινηξθὶο,
1059 1136 1205 1171 mandari
1230 1135 1407 1181 potuerint?
1433 1135 1549 1170 Paulus
1573 1135 1593 1169 l.
1617 1144 1669 1180 17.
1697 1133 1726 1182 ς.
1749 1144 1780 1169 1.
1807 1134 1851 1170 D.
1880 1135 1913 1170 tle

672 1185 863 1234 manumtffis
894 1187 1030 1221 vindicta
1064 1197 1101 1220 ex
1135 1185 1308 1231 conjectura
1334 1185 1517 1220 emendatus.

211 1291 343 1368 Non
369 1299 490 1324 tantum
516 1300 637 1324 merum
663 1289 852 1330 imperium,
881 1287 933 1321 sed
959 1287 990 1320 ὅ(
1019 1288 1071 1320 ad-

321 1334 510 1375 optionem,
534 1333 564 1364 δι
584 1332 890 1372 emancipationem,
915 1330 945 1361 δε
964 1339 1072 1361 manu-

212 1375 409 1411 missionem,
438 1374 499 1406 effe
516 1383 556 1405 ex
574 1383 686 1405 eorum
707 1381 859 1409 numer-0,
884 1380 954 1411 quae
971 1370 1071 1411 Magi-

212 1415 338 1454 stratui,
361 1416 425 1447 five
441 1416 582 1453 urbam,
605 1414 669 1446 five
690 1413 897 1454 provinciali,
921 1421 985 1443 non
1008 1419 1073 1443 tam

210 1457 279 1497 jure
312 1457 385 1494 suo,
408 1466 501 1496 quam
534 1455 657 1495 speciali
688 1454 910 1492 concessione,
942 1462 1071 1492 compe-

213 1505 303 1537 tunt,
327 1498 444 1529 indicio
463 1497 538 1528 mihi
557 1496 601 1527 est
617 1496 646 1537 §.
672 1505 702 1535 4.
726 1494 798 1536 lnst.
825 1494 940 1540 Quibus
958 1504 993 1525 ex
1005 1504 1072 1524 cau-

205 1537 249 1577 fir
273 1541 474 1570 manumittere
490 1547 547 1569 non
563 1537 649 1574 licet,
671 1538 690 1568 l.
710 1546 759 1568 21.
787 1536 828 1567 D.
849 1542 882 1567 ae
899 1534 1074 1575 manumiffis

209 1579 359 1618 vindicio,
382 1579 401 1610 l.
431 1588 456 1610 1.
476 1579 518 1610 D.
547 1580 579 1609 de
603 1577 693 1618 officio
718 1577 870 1617 Juritiici,
895 1577 915 1607 l.
936 1586 963 1607 2.
989 1576 1021 1607 C.
1040 1577 1074 1606 de

211 1619 299 1660 officio
317 1621 378 1662 ejus
395 1621 447 1661 qui
463 1621 556 1651 vicem
574 1619 700 1661 alicujus
715 1619 844 1658 Jactz'cis.
888 1617 961 1649 Nec
978 1618 1072 1658 igitur

210 1664 343 1700 mirum,
377 1671 427 1692 eas
453 1663 536 1702 apud
563 1659 762 1692 Proconsulis
794 1658 949 1700 Legatum
982 1668 1071 1689 exer-

211 1704 274 1735 ceri
291 1704 406 1735 nullas:
431 1703 502 1742 quia
517 1711 621 1742 neque
643 1701 779 1733 mandari
798 1700 942 1740 poli'unt,
967 1708 1072 1739 neque

211 1744 335 1781 Legazo
354 1744 540 1775 nominatim
559 1744 629 1783 lege
646 1743 725 1773 datae
738 1742 821 1773 sunt:
839 1748 874 1772 ut
893 1741 1072 1772 Marcianus

211 1785 241 1817 ἃ
266 1785 418 1826 Ulpianus
442 1784 629 1816 attestantur
644 1783 662 1814 i.
683 1793 711 1815 2.
733 1783 761 1825 §.
786 1793 811 1813 1.
836 1782 871 1816 ὅ)
889 1782 907 1812 i.
928 1792 958 1822 3.
982 1781 1024 1812 D.
1040 1783 1073 1811 de

212 1837 225 1858 o
248 1831 300 1858 icio
326 1826 506 1866 Proconsulis
532 1825 568 1860 {3⁰
599 1824 722 1865 Legum
754 1833 827 1854 cum
852 1824 958 1862 ajunt,
981 1822 1073 1861 Apud

211 1869 358 1910 Legatum
383 1867 562 1907 Proconsulis
586 1867 725 1897 neminem
752 1866 955 1895 manumittere
972 1862 1046 1903 poffe
1062 1885 1072 1900 ‚

212 1913 281 1950 quia
304 1920 360 1940 non
386 1910 467 1940 hahet
485 1908 714 1950 jurisdictionem
739 1906 839 1937 talem:
863 1914 913 1935 nec
937 1905 1071 1945 adoptare

206 1950 305 1991 poffe:
327 1953 438 1982 omnino
462 1952 536 1980 enim
560 1958 617 1981 non
640 1947 690 1989 effe
713 1948 791 1989 apud
810 1956 873 1977 eum
890 1946 960 1987 legis
981 1944 1070 1977 astio-

212 2002 285 2023 nem.

252 2033 346 2070 Scio,
366 2042 384 2063 e
407 2031 530 2064 diverso
558 2029 673 2063 adferri
697 2029 764 2060 haec
787 2028 874 2060 Pauli
893 2027 989 2059 verba
1007 2036 1026 2059 e
1051 2026 1071 2058 l.

217 2084 264 2116 17.
284 2082 327 2113 pr.
353 2074 388 2107 δ’
404 2073 431 2114 §.
454 2083 477 2104 1.
504 2073 545 2103 D.
568 2075 600 2104 de
619 2068 794 2111 monumiffis
817 2068 957 2100 vindista.

254 2116 344 2154 Apud
366 2113 581 2152 Proconsztlern,
602 2112 752 2154 postquam
772 2113 864 2142 urbem
880 2109 1002 2151 egreffus
1012 2106 1050 2149 est
1061 2133 1070 2146 ,

272 2157 403 2187 vintiifta
419 2157 620 2187 manumittere
633 2154 785 2194 ptffumus.
800 2152 855 2190 seci
872 2152 908 2187 &²
927 2152 1004 2192 apud
1015 2151 1069 2182 Le-

270 2204 374 2239 gatum
391 2198 452 2239 ejus
469 2197 669 2227 manumittere
679 2194 836 2236 pqffttmus.

1115 1287 1197 1320 libus
1221 1287 1330 1319 datum
1352 1286 1432 1319 esse:
1456 1288 1510 1328 qui
1537 1294 1643 1319 tamen
1673 1287 1764 1319 aliter
1785 1295 1850 1318 non
1879 1286 1980 1325 dant,

1115 1338 1209 1369 quam
1233 1328 1311 1368 jussu
1335 1328 1474 1361 Praefidis
1488 1329 1517 1370 §.
1536 1335 1669 1369 antepen.
1697 1326 1824 1374 Insude
1845 1327 1981 1358 Atiliano

1099 1377 1217 1401 ·tutore.
1244 1369 1420 1408 Ediverso,
1439 1373 1513 1410 qaia
1527 1380 1650 1402 merum
1671 1371 1836 1410 imperium
1858 1368 1981 1415 Legato

1117 1411 1305 1452 nequelege
1322 1411 1504 1443 concessum
1524 1411 1588 1450 est,
1604 1420 1709 1451 neque
1727 1411 1874 1442 mandata
1889 1412 1979 1450 juris-

1117 1452 1221 1483 &ione
1247 1454 1285 1483 ad
1303 1461 1374 1483 eum
1397 1452 1521 1491 transit,
1546 1452 1730 1493 {impliciter
1748 1459 1842 1492 negat
1874 1452 1982 1482 Venu-

1116 1494 1213 1532 lejus‚
1237 1494 1268 1524 id
1287 1492 1442 1534 Legatum
1458 1493 1574 1524 habere
1594 1494 1613 1526 l.
1637 1502 1682 1525 xi.
1702 1492 1742 1524 D.
1762 1494 1794 1523 de
1809 1491 1899 1532 officio
1911 1492 1982 1523 Pro-

1117 1535 1236 1571 consulis
1255 1534 1290 1568 ὅ)
1313 1534 1429 1576 Legati.
1473 1534 1551 1566 Hoc
1572 1544 1650 1566 vero
1667 1534 1686 1565 fi
1706 1534 1770 1572 est3
1795 1536 1870 1573 quid
1882 1532 1979 1565 causae

1116 1575 1272 1608 habeam?
1296 1585 1352 1607 cur
1369 1577 1460 1607 aliter
1478 1576 1632 1616 accipiam
1652 1576 1746 1606 verba
1763 1577 1789 1606 a.
1814 1575 1833 1605 l.
1852 1585 1879 1606 2.
1899 1574 1924 1616 ᾗ.
1953 1584 1981 1606 1.

1116 1617 1152 1651 &
1167 1620 1194 1648 il.
1213 1617 1230 1648 i.
1252 1627 1282 1657 3.
1301 1616 1342 1648 D.
1359 1619 1418 1648 eod.
1437 1619 1481 1649 tit.
1505 1617 1630 1657 inquies
1649 1617 1719 1657 quia
1746 1616 1857 1647 Paulus
1875 1615 1981 1647 obstat.

1114 1659 1142 1689 d.
1160 1658 1178 1687 i.
1206 1666 1250 1697 ly.
1270 1657 1299 1698 §.
1324 1667 1351 1690 1.
1375 1658 1417 1689 D.
1435 1660 1468 1688 cle
1484 1656 1660 1698 manumtffis
1685 1656 1824 1688 vinditio.
1862 1656 1981 1688 Verum

1117 1708 1336 1738 experiamur3
1359 1709 1416 1737 ne,
1432 1701 1520 1739 quod
1541 1700 1654 1731 Paulus
1673 1698 1780 1729 scribit
1797 1699 1837 1729 de
1855 1697 1980 1739 Legato

1116 1739 1338 1776 proconsulis,
1355 1749 1455 1780 parvo
1471 1748 1639 1772 momento
1658 1740 1750 1780 posfit
1768 1739 1981 1771 transferriad

1116 1779 1272 1821 Legatum
1300 1780 1445 1813 Caesaris:
1482 1782 1567 1812 hunc
1591 1781 1677 1812 enim
1707 1780 1980 1812 manumiffionem

1115 1830 1214 1861 atque
1243 1822 1451 1862 adoptionem
1479 1821 1644 1861 habuisse,
1666 1821 1763 1853 facile
1792 1821 1980 1862 intelligitur

1115 1872 1155 1894 ex
1172 1863 1191 1893 i.
1211 1873 1239 1894 2.
1265 1863 1303 1893 D.
1322 1864 1355 1894 cle
1371 1862 1460 1903 officio
1484 1862 1634 1902 Praefia'i5‚
1659 1862 1695 1898 ὅ)
1717 1863 1736 1893 l.
1762 1872 1789 1902 7.
1809 1862 1850 1894 D.
1875 1866 1907 1893 cle
1921 1873 1982 1894 ma·

1113 1902 1243 1944 nuniiffis
1266 1903 1408 1935 vinditio.
1454 1904 1554 1936 Porro
1585 1906 1733 1936 mendam
1764 1903 1862 1935 Paulo
1888 1905 1980 1935 obre-

1116 1944 1203 1985 pfiffe
1219 1954 1259 1976 ex
1274 1944 1426 1979 affinitate
1443 1945 1569 1977 voculae
1584 1946 1646 1987 ejus
1658 1946 1686 1977 ὅ(
1705 1945 1798 1986 sign,
1821 1945 1921 1976 CAE
1933 1945 1956 1976 S
1967 1967 1979 1985 ,

1113 1995 1177 2017 non
1194 1986 1449 2023 improbabiliter
1466 1987 1542 2017 olim
1555 1986 1694 2019 ostendit
1706 1986 1816 2018 Petrus
1826 1987 1977 2026 Burgius,

1114 2027 1162 2058 vir
1190 2027 1321 2066 doctus,
1345 2028 1392 2058 iro.
1419 2037 1444 2060 1.
1473 2027 1637 2059 Elei‘torum
1660 2038 1683 2059 c.
1702 2038 1731 2059 2.
1810 2037 1976 2067 uamquam

1115 2068 1312 2108 probabilius
1328 2068 1535 2107 restituerim',
1553 2071 1605 2108 Jed
1623 2068 1659 2103 &⁹
1676 2070 1753 2109 apud
1771 2070 1917 2108 Legatum
1940 2069 1977 2101 C.

1114 2111 1316 2140 manumittere
1339 2108 1500 2150 poffumus:
1525 2111 1612 2149 quod
1636 2109 1715 2141 ficut
1733 2109 1887 2151 Legatum
1909 2109 1977 2140 Cae-

1115 2149 1185 2181 saris
1210 2151 1416 2191 indigitabat,
1441 2152 1483 2181 ita
1508 2150 1603 2182 facile
1626 2151 1799 2183 declinavit
1818 2153 1847 2182 in
1867 2151 1975 2191 proxi-

1114 2201 1198 2224 mum
1223 2193 1319 2230 illud,
1334 2192 1387 2232 sed
1411 2191 1447 2227 ὃ)
1469 2194 1546 2232 apud
1569 2192 1714 2233 Legatum
1730 2202 1753 2224 e.
1772 2194 1975 2224 manumittere

212 2239 307 2277 Scio,
330 2238 391 2270 esse
418 2237 469 2278 qui
495 2237 674 2277 corrigant,
690 2237 743 2276 sed
766 2234 802 2269 ἐξ
824 2235 901 2276 apud
926 2232 1072 2274 Legatum
1108 2233 1267 2274 poffinnus:
1292 2233 1323 2264 id
1346 2233 1408 2271 est,
1431 2235 1513 2274 apud
1541 2233 1695 2275 Legatum
1720 2235 1786 2275 ejus
1809 2234 1868 2266 &Q
1894 2234 1974 2265 solet

215 2281 276 2319 ejus
294 2281 494 2310 mamanittere
510 2288 565 2309 non
578 2277 732 2318 piffumtis.
755 2276 849 2314 Scio,
874 2274 935 2306 esse
955 2274 1005 2315 qui
1025 2275 1070 2305 di-

214 2322 391 2362 stinguant,
410 2329 511 2352 utrum
525 2318 935 2359 Legatusprovinciarnjam
954 2316 1070 2355 ingrcs-

212 2362 261 2394 sus
284 2363 337 2396 iit,
361 2371 399 2393 an
419 2362 528 2392 urbem
548 2369 670 2391 tantum
689 2359 842 2399 egi-eilias:
866 2359 960 2388 etiam
985 2357 1069 2394 scio,

213 2404 262 2436 his
283 2403 437 2443 suffragari
455 2402 626 2434 Haloendri
646 2402 673 2432 &
692 2402 770 2434 alios
790 2399 937 2431 codices:
956 2398 986 2429 in
1005 2399 1072 2438 qui-

212 2444 271 2476 bus
288 2446 330 2476 ita
348 2445 476 2484 legitur,
500 2444 590 2484 Apud
614 2442 827 2481 Proconsulern,
848 2438 996 2481 postquam
1019 2449 1068 2469 ur-

214 2487 274 2517 bem
300 2484 420 2526 egreffus
444 2484 502 2523 eli,
525 2483 655 2515 vindicta
679 2489 882 2525 titatiuitizttere
912 2480 1066 2521 poffumus.

215 2527 271 2557 Sed
289 2526 324 2560 ὃ*
343 2528 419 2567 apati
443 2526 587 2567 Legatum
603 2526 665 2566 ejas
676 2524 820 2565 poffnittus
844 2523 1043 2554 manumittere
1058 2545 1067 2559 ‚

213 2577 250 2599 ex
274 2577 328 2607 quo
341 2569 522 2607 provinciam
550 2565 689 2606 ingreſjus
710 2564 758 2605 eli.
800 2565 861 2596 Sed
880 2564 996 2594 fortius
1023 2572 1068 2593 ur·

215 2616 293 2649 gent
308 2607 468 2648 sequentia
490 2608 641 2638 Marciani
670 2608 698 2638 dt
729 2606 854 2647 Ulpiani
880 2605 974 2635 verba
994 2604 1023 2635 in
1042 2606 1070 2635 al.

213 2651 233 2681 l.
254 2660 283 2681 2.
311 2649 339 2691 §.
364 2658 388 2680 1.
415 2648 451 2683 (Β)
476 2651 503 2679 ci.
530 2650 547 2679 l.
570 2659 596 2689 3.
626 2649 751 2679 Omnino
772 2658 827 2678 non
849 2644 886 2687 ιβ
909 2647 985 2686 apua*
1007 2655 1070 2675 eum

215 2690 285 2732 legis
307 2690 404 2728 ustio,
441 2690 471 2721 ὅ(
506 2689 576 2721 Non
608 2690 688 2719 hahet
717 2688 945 2730 jurisdictionem
976 2687 1069 2717 talem.

214 2733 294 2765 Non
318 2732 403 2762 enim
435 2730 466 2761 hi
485 2754 493 2768 ‚
526 2731 546 2762 si
575 2730 695 2771 Legato
722 2730 919 2770 provinciam
940 2729 1001 2768 jam
1027 2729 1070 2758 in-

213 2773 315 2816 greffo
339 2771 527 2803 indulfiss'ent
544 2772 701 2802 actionem
728 2772 826 2812 legis,
859 2779 930 2800 eum
956 2770 993 2800 ab
1012 2769 1070 2799 hac

215 2815 349 2848 omnino
379 2812 608 2845 removiffent:
641 2811 691 2842 sed
718 2821 771 2842 aut
798 2812 993 2852 provinciam
1027 2811 1070 2840 in·

212 2855 314 2898 greffo
339 2855 420 2886 hanc
448 2855 574 2884 demum
600 2852 753 2884 dediss‘ent
769 2876 778 2890 ‚
801 2861 853 2883 aut
877 2854 904 2882 ci
924 2851 1068 2889 simplici·

214 2906 264 2930 ter
281 2894 514 2935 adscripsissent.
556 2893 628 2925 Hoc
644 2901 679 2923 ut
696 2892 842 2931 sentiam,
867 2901 978 2923 movet
1001 2902 1068 2929 me,

213 2939 302 2978 quod
321 2936 458 2969 {imiliter
483 2934 587 2966 scribit
613 2933 767 2974 Ulpianus
783 2936 801 2964 i.
834 2943 878 2973 ις.
904 2933 945 2964 D.
974 2936 1006 2964 a'e
1027 2934 1069 2972 of-

208 2980 277 3020 ficio
291 2978 469 3015 Proconsulis
486 2977 521 3010 δ’)
537 2976 657 3016 Legati,
683 2974 822 3015 Legatos
840 2974 1068 3006 Proconsulum

213 3029 335 3052 tutores
356 3021 429 3051 dare
446 3018 550 3058 poss'e:
574 3025 761 3056 quamquam
773 3016 916 3050 constat,
940 3025 995 3046 eos
1014 3015 1068 3046 mfi

212 3063 356 3092 mandata
375 3059 610 3101 jurisdictione,
636 3058 664 3088 ἃ
693 3058 773 3087 adeo
799 3057 851 3088 nisi
870 3057 1066 3096 provinciam

212 3101 383 3141 ingressos,
407 3101 483 3132 niliil
501 3100 661 3140 proprium
680 3097 796 3128 habere
816 3098 835 3128 i.
865 3106 909 3136 ¹53-
929 3097 1028 3136 innita
1046 3097 1065 3129 l.

235 3166 241 3172 .
265 3142 293 3182 §.
324 3143 377 3173 ult.
407 3143 444 3172 D.
465 3143 520 3171 eost.
548 3143 593 3171 tit.
635 3139 791 3170 Praeterea
813 3138 855 3169 ait
879 3137 1030 3177 Ulpianus
1045 3138 1063 3168 l.

211 3193 241 3224 3.
266 3182 306 3212 J).
326 3185 357 3211 tie
374 3185 514 3213 tatoribus
533 3181 568 3216 &³
591 3182 770 3212 curatoribus
791 3180 866 3210 elatis
887 3180 921 3208 ab
935 3179 997 3212 his,
1018 3179 1066 3217 jus

210 3222 303 3256 dandi
328 3229 449 3254 tutores
474 3222 622 3255 omnibus
642 3220 876 3263 Magistratibus
893 3220 1065 3260 municipa-

1113 2277 1198 2306 enim
1218 2280 1281 2305 vo‘x
1298 2274 1378 2316 ejus,
1402 2273 1422 2305 fi
1447 2275 1539 2315 siglis
1558 2276 1734 2313 credimus,
1760 2276 1861 2306 notari
1881 2275 1971 2307 litera

1113 2325 1137 2347 e.
1155 2315 1234 2346 solet
1254 2325 1332 2346 vero
1355 2315 1447 2353 Caelar
1462 2318 1557 2347 etiam
1577 2317 1618 2347 ita
1636 2326 1659 2348 c.
1686 2315 1792 2347 scribi:
1818 2324 1851 2347 ut
1868 2325 1908 2347 ex
1926 2316 1974 2346 iis-

1113 2358 1184 2388 dem
1204 2356 1326 2387 constat
1342 2356 1496 2388 Veterum
1512 2358 1602 2398 Siglis
1623 2358 1814 2398 &praeterea
1837 2358 1974 2398 probant:

1114 2398 1337 2437 Inscriptiones
1349 2422 1358 2436 ,
1382 2399 1390 2428 i
1407 2403 1434 2432 3.
1455 2399 1486 2429 C.
1506 2400 1538 2429 a'e
1551 2400 1742 2440 pigneratitia
1757 2398 1882 2438 afflone,
1907 2399 1924 2429 l.
1941 2402 1972 2431 6.

1113 2440 1145 2471 C.
1170 2439 1256 2483 Qgtod
1281 2449 1345 2470 cum
1368 2448 1396 2469 eo
1422 2442 1471 2481 qui
1496 2441 1525 2470 in
1548 2441 1640 2471 aliena
1664 2438 1822 2481 potestate,
1845 2440 1863 2470 l.
1885 2443 1914 2471 6.
1940 2439 1975 2471 C.

1111 2481 1162 2511 Ad
1193 2480 1475 2515 senatusconsultum
1500 2481 1763 2521 Macedonianum,
1785 2481 1805 2513 l.
1829 2491 1858 2520 4.
1883 2491 1912 2521 5.
1941 2484 1971 2512 6.

1112 2521 1148 2556 &2⁹
1166 2532 1195 2562 7.
1212 2522 1237 2552 C
1261 2523 1294 2552 de
1315 2521 1450 2561 maleficis
1468 2521 1504 2556 ἐξ
1522 2524 1747 2562 attaminatio-is,
1773 2523 1801 2554 <St
1820 2522 1886 2554 aliis
1905 2520 1971 2553 sex-

1114 2565 1214 2595 centis
1235 2563 1324 2594 locis.
1349 2563 1393 2593 lta
1419 2564 1502 2594 Pauli
1528 2564 1629 2595 sensus
1652 2567 1731 2603 erit,
1756 2563 1846 2596 Posse
1864 2573 1972 2594 manu-

1115 2605 1195 2635 mitti
1220 2605 1303 2644 apud
1335 2603 1581 2643 proconsulem,
1605 2605 1771 2646 postquam
1798 2606 1907 2636 urbem
1939 2613 1971 2635 e—

1113 2645 1228 2685 gressus
1245 2645 1306 2676 est:
1330 2644 1416 2685 poli'e
1440 2646 1533 2676 eriam
1551 2646 1632 2686 apud
1650 2645 1805 2686 Legatum
1824 2645 1969 2684 Caesaris,

1113 2687 1165 2717 seu
1191 2686 1352 2723 Praefidem
1369 2710 1379 2725 ‚
1411 2686 1463 2718 sed
1488 2687 1689 2719 Provinciam
1705 2687 1767 2727 jam
1793 2685 1971 2727 ingressum.

1115 2727 1189 2759 Hoc
1213 2729 1295 2759 enim
1320 2729 1402 2758 bene
1428 2736 1524 2766 atque
1541 2727 1707 2759 observate
1723 2728 1809 2759 addit
1833 2727 1972 2759 Haloan-

1113 2772 1221 2807 drina,
1246 2770 1274 2800 &
1295 2770 1418 2810 vulgara
1442 2768 1575 2801 Accurfii
1593 2792 1601 2806 ‚
1625 2771 1744 2801 editio:
1767 2777 1971 2810 argumento·

1113 2820 1174 2848 que
1192 2813 1238 2848 ei,
1264 2812 1350 2850 quod
1368 2809 1495 2849 insignia
1512 2811 1562 2841 sua
1581 2820 1642 2842 non
1660 2819 1733 2842 ante
1752 2812 1877 2852 accepit
1891 2810 1970 2841 Prae-

1112 2851 1177 2889 scs,
1202 2861 1294 2891 quam
1315 2852 1511 2892 provinciam
1529 2851 1698 2893 ingressus;
1722 2850 1895 2884 Proconsul
1915 2861 1969 2882 ve·

1111 2903 1148 2923 ro
1171 2892 1271 2923 statim
1289 2915 1297 2930 ‚
1328 2902 1424 2932 atque
1448 2893 1557 2924 urbem
1575 2893 1711 2933 egressus
1733 2893 1779 2925 est
1794 2917 1802 2932 ‚
1833 2892 1883 2924 sua
1900 2891 1968 2923 infi-

1110 2935 1182 2975 gnia
1206 2934 1313 2965 habuit
1332 2946 1340 2965 :
1370 2943 1402 2964 ut
1423 2944 1436 2964 a
1466 2934 1572 2966 Dione
1592 2935 1695 2967 Caffio
1722 2935 1770 2966 lib.
1790 2944 1840 2974 53.
1864 2934 1893 2964 &
1912 2932 1967 2964 Ul·

1110 2977 1206 3015 piano
1229 2975 1246 3005 l.
1265 2984 1288 3005 1.
1308 2974 1348 3005 D.
1376 2977 1408 3004 tie
1425 2975 1514 3016 officio
1533 2977 1711 3013 Proconsulis
1726 2975 1762 3010 ὅ)
1781 2976 1888 3016 Legati
1906 2983 1967 3005 tra-

1111 3016 1222 3048 ditum.
1265 3015 1403 3047 Proinde
1428 3018 1469 3048 nil
1494 3018 1605 3050 mii-uni
1631 3018 1699 3056 est,
1727 3017 1748 3048 fi
1773 3017 1855 3046 inter
1880 3015 1966 3046 hunc

1112 3058 1242 3088 &illum
1267 3057 1429 3088 interfuit:
1453 3059 1549 3097 alter,
1572 3059 1660 3090 fimul
1683 3067 1719 3089 ac
1736 3057 1845 3088 urbem
1864 3066 1967 3098 egres-

1111 3097 1159 3130 sus
1177 3098 1239 3136 est,
1266 3099 1476 3132 voluntariam
1496 3101 1748 3141 jurisuiflionem
1773 3098 1899 3129 habuit:
1921 3098 1963 3129 al·

1110 3147 1159 3170 ter
1175 3150 1214 3170 ne
1230 3149 1297 3171 eam
1317 3140 1445 3176 Quidem
1463 3164 1471 3178 ‚
1503 3141 1556 3172 rifi
1580 3141 1775 3182 provinciam
1794 3138 1967 3180 ingressus,

1109 3183 1263 3213 exercuit.
1301 3180 1395 3212 Plant-
1415 3182 1490 3213 illud
1507 3182 1686 3214 Marcianus
1702 3183 1729 3212 d.
1753 3181 1772 3211 l.
1791 3190 1819 3212 2.
1845 3179 1885 3211 D.
1903 3181 1963 3210 eod.

1108 3223 1154 3253 tit.
1177 3230 1348 3264 utrumque
1374 3223 1486 3256 Paulus
1509 3225 1675 3255 annetavit
1695 3224 1724 3255 d.
1747 3222 1767 3255 l.
1789 3230 1835 3262 17.
1852 3229 1901 3263 pr.
1927 3220 1964 3255 δὲ’

1888 3261 1916 3302 §.
1938 3271 1963 3293 1.
