2036 3495
149 85 217 122 330

148 162 316 206 percepti,
341 159 423 192 nulla
439 157 519 190 f'aCta
536 155 718 193 locatione3
733 152 976 198 fuiss'ent-eJ’us,
990 151 1021 196 ὅς

151 215 188 237 ea
213 203 412 238 decedente,
435 200 499 239 ejus
523 197 649 228 heredis
672 197 699 226 d.
718 195 736 225 l.
760 204 806 234 13.
825 195 904 234 quid
922 202 951 224 ni
970 202 1023 238 igi-

152 255 222 284 tur,
239 245 320 277 facta
335 241 517 277 locatione,
533 238 590 269 sint
607 238 674 276 ejus
691 236 822 267 coloni:
839 244 856 266 a
870 242 935 281 quo
947 257 955 271 ‚
980 242 1024 264 νι-

150 297 190 319 va
207 282 393 319 fructuaria,
411 281 477 320 ejus
494 280 662 310 voluntate
677 276 747 308 sunt
764 276 937 317 percepti?
954 275 1026 322 ‘hoc

151 337 230 359 vero
248 325 269 357 fi
287 323 349 355 est:
373 328 523 362 apparet,
547 329 613 351 non
640 318 884 357 Rumpublicam
910 325 961 348 cui
985 316 1026 348 le-

176 376 223 399 ata
247 367 364 397 dicitur
389 362 567 402 proprietas
584 384 594 400 ,
617 369 690 392 cuni
717 360 845 391 colonis
869 358 1028 390 asturam:

167 410 206 441 ed
224 405 375 439 heredem
391 402 570 435 fructuariae
587 403 626 433 ad
644 411 738 443 quern
756 404 868 440 utique
885 400 980 431 locati
998 408 1028 429 a·

152 451 215 482 Ctio
234 456 304 488 quae
319 444 481 478 defunctae
499 444 579 483 fuit,
598 442 688 475 fimul
706 442 849 474 utilitatis
868 441 1034 472 fructuum

152 491 207 533 qui
230 490 269 521 ab
292 485 377 528 ipsa,
402 487 454 518 vel
479 486 545 526 eius
569 486 738 516 voluntate
762 492 780 514 a
806 483 932 514 colonis
959 481 1030 513 sunt

153 530 316 574 percepti,
342 527 466 561 tranfit:
491 526 546 559 etii
573 525 733 558 usufructu
760 524 905 556 extinCto
923 531 1030 556 morte

153 572 343 606 fructuariae.
500 594 502 597 .

194 613 311 646 Similis
335 612 417 643 ratio
442 610 487 642 est
499 610 570 650 *ejus
589 608 676 648 quod
697 607 809 639 Paulus
825 607 844 638 l.
868 610 916 638 26.
934 605 977 637 D.
997 607 1032 637 (le

155 653 334 695 usufruftu,
357 653 409 690 Si,
426 652 553 692 inquit,
576 657 672 689 operas
681 650 756 690 suas
772 649 912 679 locaverit
924 649 1031 687 servus

154 696 360 739 fructuarius,
385 693 422 728 δέ
446 690 609 733 imperfecto
635 697 753 730 tempore
774 690 924 721 locationis
949 689 1030 726 usus-

149 738 273 781 fruftus
299 736 443 769 interierit
461 744 470 765 ε
491 735 566 775 quod
586 729 728 773 superefl;
750 732 798 763 ad.
810 731 1032 771 proprietarium

151 781 316 823 pertinebit.
341 778 395 808 Sed
411 774 529 813 &fieb
544 775 627 806 initio
644 781 750 804 certam
758 773 905 812 summam
917 778 1032 812 propter

155 830 253 864 operas
269 825 361 852 certas
371 816 534 858 stipulatus
545 816 658 856 fuerit:
675 816 767 855 capite
786 815 933 845 deminuto
942 822 991 858 ⁶⁰!
1008 813 1031 842 i-

155 866 219 896 dem
233 862 384 894 dicendum
398 857 446 899 est.
493 857 693 889 Fruttuarius
711 854 816 887 servus
834 864 948 896 operas
967 855 1032 900 luas

154 905 279 938 locavit
292 904 324 934 in
341 909 467 941 tempus
485 907 627 937 certum,
645 898 733 929 verbi
753 898 872 938 gratia,
891 898 923 928 in
940 904 1038 936 quin..

155 948 342 986 quennium.
376 942 462 974 idem
487 939 592 972 servus
617 943 763 971 mortuus
788 937 850 977 est,
871 936 1030 978 ,imperfe-

158 988 230 1027 διο,
253 987 286 1018 id
309 983 372 1023 est,
395 982 538 1015 nondum
563 980 657 1013 finito
681 988 829 1020 tempore
851 979 1033 1011 locationis.

156 1036 248 1070 putat
264 1027 467 1067 Paulus,pro
484 1033 549 1064 quo
569 1030 717 1063 tempore
735 1022 815 1053 vixit
836 1020 957 1058 servus,
975 1028 1033 1060 pro

157 1080 199 1102 eo
212 1069 401 1102 »mercedem
417 1065 591 1097 fruCtuario
608 1064 737 1095 deberi:
755 1062 825 1104 quia
843 1071 902 1102 pro
920 1072 967 1092 eo‘
980 1062 1034 1092 du-

157 1112 240 1144 ravit
259 1109 474 1145 ususfructus,
498 1107 527 1138 ἃ
546 1116 563 1138 a
587 1104 948 1149 fructuarioperceptae
964 1101 1034 1133 sunt

156 1153 237 1186 servi
256 1160 381 1192 operae:
399 1151 440 1181 de
456 1148 581 1188 reliquo
599 1155 745 1186 tempore
761 1154 826 1177 tion
845 1145 929 1176 idem
946 1151 1036 1184 putat

158 1195 293 1228 Paulus:
310 1192 453 1229 scilicet,
469 1189 542 1230 quia
559 1197 669 1219 verum
681 1187 744 1225 est,
761 1196 832 1218 eum
844 1196 908 1218 non
927 1194 1036 1226 perce-

158 1235 237 1278 piss'e
249 1243 363 1276 operas
378 1232 443 1272 ejus
463 1230 639 1270 temporis:
663 1239 728 1260 non
746 1236 913 1269 perceptas
930 1235 1035 1258 autem

159 1286 274 1318 operas
289 1284 353 1308 non
372 1275 412 1305 ad
428 1271 634 1303 fructuarium
658 1270 769 1311 ejusve
785 1269 957 1305 heredem,
983 1266 1035 1299 sed

159 1321 200 1350 ad
214 1318 380 1350 dominum
399 1312 604 1355 proprietatis
621 1312 794 1352 pertinere.
826 1311 913 1351 quod
931 1309 952 1342 fi
971 1309 1035 1340 est:

160 1359 361 1399 consequens
377 1356 441 1393 est;
464 1363 499 1386 ut
523 1361 678 1394 quatenus
705 1359 867 1393 perceptae
882 1351 942 1383 sint
957 1359 1034 1390 ope-

159 1411 224 1440 rae,
247 1409 341 1442 agere
365 1397 458 1439 posfit
475 1395 638 1427 fruCtuarii
657 1395 747 1425 heres
764 1403 774 1431 ς
798 1400 951 1433 quatenus
970 1400 1035 1437 non

159 1442 250 1481 sunt,
274 1441 421 1473 dominus
436 1437 650 1478 proprietatis.
690 1434 788 1474 Atqui
808 1443 872 1478 non
889 1432 970 1463 solet
986 1431 1035 1463 sti-

159 1484 284 1525 pulatio
310 1480 402 1513 alicui
428 1477 574 1519 quaeista,
597 1475 693 1507 facilc
711 1475 870 1506 :idalium
888 1473 1036 1513 transire,

160 1531 374 1566 praeterquam
391 1521 430 1551 ad
446 1519 618 1555 heredem,
643 1516 695 1547 vel
713 1523 946 1556 arrogatorem.
984 1514 1036 1546 Fa-

162 1573 235 1598 teor
246 1587 255 1602 ‚
271 1561 474 1603 sequentibus
488 1559 564 1600 J'uris
579 1558 730 1598 regulam.
755 1556 807 1589 sed
823 1558 853 1588 in
871 1555 1038 1598 propofito

163 1607 249 1639 aliud
263 1604 386 1645 ‘placuit
410 1608 545 1642 propter
565 1599 642 1639 juris
658 1598 882 1630 conditionem
893 1609 906 1635 ε,
927 1608 989 1644 qua
1004 1596 1041 1644 fit

160 1657 199 1680 ut
224 1656 289 1678 non
317 1653 380 1676 tam
398 1642 535 1674 transeat
552 1640 726 1681 obligatio,
750 1649 847 1680 quam
864 1641 990 1671 interim
1008 1649 1039 1670 in

162 1687 319 1731 pendenti
341 1684 379 1718 fit
402 1685 423 1716 l.
442 1693 492 1725 43.
511 1683 540 1725 §.
566 1682 620 1713 ult.
646 1681 688 1713 D.
713 1682 746 1712 de
762 1681 900 1712 AEili'liiz'o
920 1679 1040 1718 Editio,

161 1738 269 1762 utrum
294 1726 489 1764 fructuario,
512 1734 552 1756 an
581 1723 716 1755 domino
742 1723 942 1762 adquiratur:
967 1732 1039 1753 cum

164 1770 336 1813 praeserti'in
354 1771 512 1800 incertum
528 1765 584 1803 fit,
608 1764 757 1805 quamdiu
772 1764 938 1795 duraturus
956 1763 991 1795 fit
1007 1773 1040 1794 u-

161 1812 346 1845 susfructus.
370 1810 413 1841 ita
432 1808 493 1840 est:
517 1807 562 1839 rei
583 1807 740 1837 incertum
758 1803 855 1844 facit,
875 1814 907 1835 ut
927 1805 991 1836 hoc
1007 1814 1040 1835 u-

162 1863 267 1886 tamur
283 1853 351 1894 jure
366 1851 386 1882 l.
404 1860 454 1891 75.
475 1849 504 1891 ᾗ.
527 1859 556 1889 3.
574 1847 616 1878 D.
634 1848 666 1878 de
690 1847 842 1877 verborum
863 1847 1042 1887 obligationi·

162 1898 233 1927 bus:
256 1903 291 1925 ut
314 1893 335 1926 fi
360 1891 553 1923 ususfructus
578 1898 644 1920 non
662 1889 755 1920 duret
772 1895 848 1918 toto
866 1887 1038 1918 locationis

165 1945 340 1976 tempore:
373 1933 492 1966 locatio
518 1940 577 1972 pro
609 1939 670 1971 qua
696 1937 784 1969 parte
811 1930 935 1960 duravit
958 1931 1039 1960 ulus-

163 1978 306 2016 fruttus,
328 1977 368 2007 ad
393 1974 600 2006 frustuariuin
623 1972 753 2011 ejusque
776 1970 927 2001 heredem
946 1972 1040 2010 perti-

163 2028 256 2052 neat:
280 2028 339 2059 pro
365 2026 427 2057 qua
449 2022 556 2047 autern
575 2020 664 2055 parte
680 2021 744 2043 non
761 2012 886 2042 duravit
903 2011 1039 2043 ususfru-

166 2061 253 2099 ctus,
277 2059 397 2092 locatio
420 2067 485 2089 non
511 2057 550 2088 ad
577 2054 782 2098 frustum-ium
802 2053 932 2099 ejusque
948 2054 1041 2099 ¹liere-

167 2104 242 2134 dem
262 2126 272 2141 ‚
311 2101 365 2132 {ed
387 2100 426 2132 ad
450 2098 616 2130 dominum
642 2102 846 2136 proprietatis
872 2102 1042 2134 pertineat.

166 2143 311 2185 prorsus,
334 2150 369 2173 ut
385 2140 558 2181 unicuique
574 2148 617 2170 ex
642 2147 678 2168 ea
701 2144 823 2167 tantum
843 2136 1043 2177 adquiratur,

169 2192 324 2224 quantum
338 2183 413 2223 juris
429 2183 511 2213 ratio
529 2179 687 2221 permittit
709 2177 729 2209 l.
750 2182 795 2211 18.
819 2176 849 2218 §.
866 2177 920 2210 uit.
951 2176 988 2210 D.
1013 2179 1046 2208 de

162 2225 354 2270 stipulatione
364 2225 526 2263 servorum.
556 2221 620 2253 Sed
638 2229 698 2251 nec
715 2219 779 2265 hoc
795 2218 1043 2265 fiinpliciternac-

170 2267 374 2309 cipiendum:
389 2263 411 2296 fi
425 2264 513 2295 enim
528 2271 641 2303 operas
660 2261 725 2292 suas
742 2269 772 2291 in
789 2269 1049 2301 quinquennium,

169 2309 329 2343 locaverit
345 2305 535 2338 fructuarius
559 2304 687 2341 servus;
709 2302 738 2346 {St
756 2302 864 2347 medio
878 2302 977 2334 tertio
993 2311 1044 2333 an-

169 2361 215 2384 no
240 2355 386 2382 mortuus
412 2346 449 2379 fit
471 2345 679 2377 fructuarius:
701 2344 899 2384 sequentium
916 2344 1044 2384 quidem

169 2399 328 2425 annorum
343 2388 506 2430 stipulatio
521 2387 561 2418 ad
571 2387 815 2427 proprietarium
833 2384 952 2430 spefflit
963 2397 971 2417 :
983 2393 1045 2416 ter-

169 2435 206 2466 tii
224 2440 330 2464 autern
346 2431 419 2462 anni
434 2429 528 2461 initio
544 2427 681 2469 pecunia
695 2426 759 2466 ejus
775 2435 864 2465 anni,
881 2426 946 2458 five
961 2426 1046 2459 actio

169 2474 322 2517 petendae
343 2472 410 2513 eJ'us
437 2471 510 2502 anni
534 2469 698 2510 pecuniae,
721 2467 896 2499 fructuario
913 2469 1049 2509 adquiri-

170 2525 225 2548 tur
240 2516 269 2546 d.
283 2515 304 2546 l.
320 2518 366 2548 18.
382 2513 475 2555 §.ult¹
488 2511 608 2544 scilicet
619 2535 629 2550 ‚
645 2511 718 2551 quia
734 2517 809 2549 pura
826 2508 871 2540 est
883 2509 1049 2555 'stipulatio

172 2560 206 2590 in
232 2564 325 2597 quam
349 2562 437 2586 certa
461 2562 563 2585 annua
591 2552 748 2593 quantitas
766 2551 943 2582 >deducitur
965 2551 994 2593 §.
1018 2561 1048 2593 3.

171 2595 248 2639 Inft.
267 2598 299 2627 de
318 2598 468 2627 verborum
483 2595 713 2636 obligationibus.
738 2600 892 2623 caeterurn
908 2592 1048 2624 fructua-

173 2642 239 2673 rius
271 2645 461 2678 quamquam
492 2637 645 2677 integram
678 2634 840 2674 acceperit
863 2635 1048 2666 mercedem

175 2680 264 2713 tertii
275 2679 347 2709 atini
359 2701 369 2716 ,
388 2677 656 2709 teneturdomino
673 2676 897 2717 proprietatis,
909 2684 969 2716 pro
988 2684 1051 2716 qua

174 2722 248 2754 :inni
272 2727 363 2761 parte
387 2718 557 2750 exstinstus
579 2717 624 2750 est
649 2716 859 2755 uffisfrustus,
883 2716 1049 2748 restituere

180 2762 270 2805 quod
285 2759 413 2799 accepit
428 2760 447 2789 l.
460 2769 508 2798 25.
525 2759 553 2802 §.
565 2769 593 2791 2.
610 2760 630 2790 l.
650 2763 699 2791 26.
719 2758 760 2790 D.
777 2759 810 2788 de
824 2757 992 2798 usufruttu.
1017 2759 1049 2790 id

177 2813 257 2837 vero
273 2812 314 2834 eo
325 2800 532 2840 diligentioris
547 2799 591 2832 est
602 2799 851 2839 observationis3
869 2800 957 2839 quod
973 2800 1049 2831 hinc

175 2852 327 2888 apparet,
351 2839 577 2874 usumfructum
600 2851 637 2873 ca
659 2842 690 2874 in
716 2841 820 2882 specie
842 2840 990 2883 distingui
1007 2841 1049 2873 ab

177 2895 285 2921 annuo
299 2885 405 2926 legato
421 2882 441 2913 l.
457 2886 486 2916 8.
508 2882 547 2913 D.
565 2884 598 2914 de
615 2883 723 2914 annuis
736 2883 848 2924 legatis.

218 2928 383 2960 Faciamus
398 2923 496 2955 finem
510 2923 584 2962 juris
602 2923 782 2956 fructuarii:
809 2923 880 2956 satis
894 2924 981 2956 enirn
1001 2924 1047 2956 in-

179 2970 372 3012 telligimuS‚
387 2974 461 2997 eum
475 2964 518 2995 nil
531 2964 648 2996 habere
665 2973 779 3005 praeter
794 2966 841 3006 J’us
859 2967 969 2997 utendi
983 2965 1048 2997 fru-

178 3012 254 3045 endi
270 3008 440 3042 realiena:
467 3006 496 3038 δε
513 3005 589 3047 quid
605 3015 641 3037 ea
657 3006 809 3046 loquendi
826 3007 931 3039 forrna
945 3007 1049 3039 conti-

178 3061 303 3086 neatur.
328 3049 436 3082 saltem
451 3047 562 3080 addam
573 3070 583 3085 ‚
606 3046 661 3078 etii
679 3049 731 3078 vix
747 3057 828 3086 opus
844 3048 899 3087 fit,
917 3049 990 3090 quia
1006 3049 1049 3080 ul-

178 3102 230 3126 tro
256 3092 414 3134 sequitur,
437 3088 661 3125 fructuarium,
685 3097 726 3119 eo
749 3089 836 3133 quod
862 3099 925 3120 non
951 3090 1050 3122 habet

179 3135 429 3177 proprietatem,
440 3140 504 3163 non
521 3130 607 3172 posse
623 3137 861 3167 manumittere,
874 3139 978 3169 neque
996 3133 1052 3163 do.

178 3185 273 3216 nare,
288 3175 393 3218 neque
412 3175 534 3216 legare,
550 3180 655 3213 neque
670 3168 777 3204 facere
795 3170 879 3204 aliud
896 3179 961 3211 quo
977 3182 1055 3213 pro„

746 60 1344 114 GenannrNoonT

1065 151 1183 193 prietes
1202 156 1342 182 mutetur
1360 148 1390 180 a&
1406 158 1423 181 a
1442 148 1575 181 domino
1592 147 1638 181 rei
1661 147 1835 184 vindicatio
1852 162 1940 186 rece-

1068 194 1125 224 dat
1139 193 1161 224 l.
1176 196 1206 224 6.
1224 193 1242 223 l.
1261 201 1291 228 9.
1309 192 1343 223 C.
1361 192 1395 223 de
1412 189 1570 231 usufruttu
1585 190 1744 232 quinipse
1760 201 1888 235 quoque
1905 205 1939 227 u-;

1069 234 1221 274 sucapere
1241 234 1368 274 nequit:
1393 234 1530 274 primum
1548 233 1620 273 quia
1639 240 1709 269 tionv
1722 233 1874 274 posfidet‚
1895 237 1940 268 nil

1068 275 1190 307 liabens
1213 283 1330 316 praeter
1348 275 1400 314 jus
1426 274 1536 306 utendi
1558 272 1706 306 fruendi:
1729 274 1850 308 deinde»
1865 275 1941 316 seit,

1069 326 1136 348 rem
1153 325 1215 357 qua
1232 317 1330 348 utitur
1344 317 1480 348 alienam
1497 315 1559 347 effe
1574 315 1594 347 l.
1610 324 1655 347 10.
1673 314 1767 357 §.ult
1785 315 1831 358 D,
1843 318 1877 347 de
1889 319 1942 349 aa„

1070 359 1208 400 quirendo
1223 368 1319 389 rerum
1332 358 1468 389 dominio.
1498 357 1594 399 igitur
1610 356 1641 388 ὅτ.
1657 356 1843 397 rescriptum
1860 354 1944 399 esti&

1071 406 1102 434 8.
1122 399 1155 432 C.
1173 401 1207 430 de
1221 397 1398 439 usufructu,
1421 397 1540 439 Neque
1565 397 1772 430 fructuarium
1797 399 1836 430 ad
1859 400 1942 432 obiri*

1072 442 1207 472 nendum
1218 442 1449 480 proprietatem
1460 449 1565 472 rerum
1575 449 1705 480 quarum
1716 439 1944 483 usumfructum

1072 482 1188 520 habet,
1211 491 1317 522 neque
1333 483 1398 523 ejus
1417 481 1608 513 successores
1620 505 1629 520 ,
1653 482 1718 513 ulla
1734 483 1889 522 temporis
1903 492 1944 515 ex

1073 532 1110 555 ca
1128 523 1216 554 causa
1234 530 1380 555 tenentes
1396 523 1592 564 praescriptio
1610 523 1721 554 munit.
1746 535 1757 551 ,·
1775 540 1777 545 ν
1926 539 1943 545 =·

1113 564 1188 596 Non
1213 565 1315 596 minus
1335 574 1445 596 vei-um
1469 564 1533 604 est,
1558 567 1723 596 dominum
1738 563 1860 597 habere
1877 566 1952 607 ple«.

1073 615 1145 637 nam
1171 606 1217 636 rei
1240 606 1471 646 proprietatem
1489 606 1610 645 statim,
1634 616 1670 637 ac
1687 604 1794 638 finitus
1811 606 1847 638 fit
1865 606 1948 638 usus-

1072 647 1210 678 fructus:
1233 647 1344 687 utique
1366 656 1470 687 totus,
1493 648 1522 689 ἓ.
1545 648 1600 679 ult.
1627 645 1700 688 Iasi.
1725 649 1783 679 eod.
1801 649 1848 678 tit.
1867 649 1947 680 tilio·

1074 688 1149 728 quin
1172 688 1231 728 Juri
1255 687 1455 720 accrescendi
1478 689 1569 721 locus
1587 688 1633 728 est
1649 697 1734 721 inter
1758 689 1948 730 conjunctos

1075 730 1180 761 verbis
1207 729 1237 760 &
1262 739 1295 760 re
1318 728 1424 769 fimul;
1449 731 1498 762 vel
1522 738 1643 762 tantum
1664 741 1718 770 re;
1740 731 1793 762 vel
1822 740 1947 763 tantum

1075 770 1192 803 verbis.
1226 771 1313 810 quod
1331 773 1361 802 ἃ
1375 772 1404 803 in
1422 772 1620 812 proprietate
1635 773 1850 812 contingeret.
1874 782 1948 804 nam

1074 813 1217 853 pluribus
1236 813 1399 852 legatariis.
1416 822 1548 854 quoquo
1566 814 1665 844 modo
1682 814 1882 853 conjuncti&
1906 813 1949 844 ab

1075 862 1147 885 tero
1171 855 1383 893 repudiante,
1406 856 1485 885 alter
1508 861 1612 885 totum
1638 853 1774 885 fundum
1800 855 1948 886 haberet.

1075 895 1129 927 scd
1144 895 1176 926 in
1192 894 1351 926 umfrueru
1366 896 1432 926 hoc
1448 895 1516 936 plus
1527 895 1587 927 est:
1604 896 1674 936 quia
1692 895 1720 927 dt
1738 896 1951 934 constitutus,

1075 939 1105 968 ὁ(
1122 936 1231 976 postea
1243 935 1386 975 amissus,
1401 937 1609 969 nihilominus
1625 935 1671 976 ius
1689 936 1952 968 accrescendiad·

1076 979 1193 1010 mittit:
1210 988 1250 1009 eo
1274 978 1363 1019 quod
1388 977 1579 1010 ususfructus
1601 978 1724 1010 cotidie
1748 977 1950 1010 constituitur·

1078 1020 1109 1051 dc
1132 1019 1273 1061 legatur:
1296 1028 1363 1051 non
1381 1027 1421 1052 ut
1446 1028 1627 1060 proprietas
1650 1029 1691 1051 eo
1709 1018 1776 1050 solo
1804 1020 1951 1060 tempore

1077 1070 1143 1102 quo
1165 1061 1354 1093 vindicatur.
1379 1060 1398 1092 l.
1420 1070 1447 1092 1.
1466 1068 1514 1102 pr.
1533 1061 1570 1095 ἐξ
1591 1061 1618 1103 §-
1637 1070 1666 1102 3.
1685 1060 1724 1092 D.
1744 1063 1777 1092 de
1795 1060 1952 1101 usufrubiu

1076 1104 1266 1141 accrescendo.
1291 1100 1479 1142 Utcumque
1495 1104 1573 1135 erit:
1596 1103 1711 1143 incipit
1729 1103 1878 1134 dominus
1894 1102 1951 1134 sta-

1080 1144 1137 1175 tim
1152 1152 1189 1175 ac
1204 1142 1311 1176 finitus
1328 1143 1374 1175 est
1391 1151 1479 1177 totus
1495 1143 1706 1183 ususfrustus,
1725 1143 1856 1176 solidam
1870 1143 1900 1175 in
1915 1147 1952 1176 r'e

1079 1185 1200 1216 habere
1222 1186 1464 1225 proprietatem.
1498 1194 1631 1226 oportet
1647 1195 1726 1217 vero
1743 1185 1956 1218 fructuarium*

1080 1225 1199 1257 sublata
1217 1226 1306 1257 causa
1325 1226 1368 1257 ob
1384 1236 1479 1267 quarn
1497 1236 1565 1259 rem
1583 1228 1730 1268 accepit,
1752 1230 1842 1268 ,quod
1858 1236 1898 1259 ex
1914 1236 1953 1258 ea

1078 1267 1235 1308 superest,
1254 1268 1387 1299 domino
1403 1268 1580 1300 restituere.
1603 1269 1635 1299 id
1652 1276 1766 1309 praeter
1778 1268 1955 1309 Ulpianumi

1078 1309 1098 1340 l.
1118 1317 1144 1340 1.
1165 1308 1207 1340 D.
1235 1308 1484 1349 Usufrustuarius
1499 1311 1735 1351 quemadmodum
1752 1315 1873 1349 caveat,
1897 1311 1952 1341 suo

1078 1351 1179 1382 modo
1203 1350 1325 1381 evincit
1351 1350 1531 1389 Salvianus,
1554 1351 1603 1382 lib.
1624 1360 1650 1382 1.
1674 1351 1825 1391 Adversus
1849 1353 1950 1383 avari-

1079 1393 1169 1429 tiam,
1187 1399 1220 1432 p.
1244 1400 1310 1431 197.
1334 1392 1441 1423 verbis
1459 1391 1674 1432 sequentibus.
1718 1393 1751 1424 Si
1771 1394 1840 1431 usus
1857 1402 1955 1424 rerum

1079 1432 1245 1473 aliquarum
1271 1433 1395 1472 cuipiam
1419 1434 1527 1464 bomini
1543 1434 1662 1465 alterius
1681 1434 1802 1465 bominis
1817 1433 1952 1474 beneficio

1080 1484 1114 1504 ac
1138 1473 1275 1514 largitate
1296 1475 1462 1512 tribuatur,
1485 1476 1509 1506 is
1531 1485 1565 1505 ue
1587 1476 1731 1505 immemor
1755 1475 1834 1506 illius
1854 1486 1873 1506 a
1895 1485 1951 1516 quo

1072 1513 1211 1556 frustum
1228 1523 1326 1545 rerum
1343 1515 1478 1555 indeptus
1492 1484 1550 1556 est,
1575 1521 1704 1546 avertere
1720 1517 1756 1546 ab
1772 1525 1801 1546 eo
1815 1517 1871 1557 ipso
1883 1524 1953 1557 pro-

1077 1559 1229 1598 prietatem
1249 1553 1380 1596 praefiitoe
1403 1557 1443 1587 rei
1459 1563 1545 1598 atque
1562 1558 1686 1588 alienare
1701 1563 1834 1597 conetur,
1857 1567 1951 1589 nonne

1083 1595 1291 1639 ingratiffirnus
1317 1599 1443 1629 omniurn
1461 1604 1547 1640 atque
1563 1596 1770 1639 infidelzffimus
1781 1596 1953 1640 judicetur,

1083 1640 1135 1680 qui
1161 1640 1263 1670 obiitus
1278 1638 1392 1679 scilicet
1414 1640 1535 1671 bominis
1557 1639 1674 1679 benefici
1695 1650 1729 1671 ac
1749 1640 1952 1680 liberuliffimi,

1075 1680 1203 1721 spoliare
1218 1680 1301 1711 iilum
1310 1681 1378 1721 jure
1391 1681 1511 1712 dominii
1526 1681 1615 1720 velit,
1635 1682 1687 1722 qui
1700 1691 1763 1712 eum
1778 1683 1869 1722 ipsum
1883 1682 1957 1720 ujus>

1078 1720 1239 1763 poffeffione
1261 1722 1424 1753 ditaverit?
1446 1722 1488 1753 Et
1503 1732 1553 1754 rios
1569 1724 1667 1764 itaque
1680 1726 1763 1762 usum
1778 1728 1894 1755 tantum
1910 1732 1956 1754 ea·

1084 1773 1148 1794 rum
1167 1773 1264 1794 rerum
1277 1767 1435 1803 accepimus
1448 1773 1521 1805 quas
1536 1771 1671 1795 tenemus.
1691 1766 1871 1796 commodatis
1880 1765 1954 1795 enim

1085 1816 1104 1836 a
1120 1804 1181 1835 Deo
1191 1804 1390 1844 facultatibus
1405 1808 1536 1844 uiuitur,
1553 1805 1589 1840 δ’
1599 1804 1681 1847 quafi
1693 1807 1816 1846 precarii
1827 1804 1962 1847 PQffeffO'

1085 1856 1128 1876 res
1152 1846 1262 1883 summ.
1293 1848 1415 1887 denique
1430 1848 1602 1887 egredientes
1617 1857 1631 1878 e
1646 1849 1750 1878 mundo
1767 1845 1818 1887 islo
1834 1847 1954 1878 velimus

1082 1887 1206 1918 nolimus
1222 1887 1267 1917 bic
1283 1887 1387 1918 cuneta
1407 1889 1608 1930 relinquimus.
1655 1888 1717 1920 Cur
1732 1898 1796 1930 ergo
1814 1898 1879 1919 curn
1890 1895 1953 1929 pos-

1073 1928 1190 1970 seffores
1216 1934 1332 1960 tantum
1355 1929 1570 1969 usufru&uari’i
1584 1928 1694 1969 fimus,
1718 1931 1792 1971 quod
1809 1931 1953 1961 nobiscum

1083 1970 1201 2007 auferre
1218 1979 1276 2001 non
1289 1969 1454 2011 possumus,
1478 1977 1606 2002 avertere
1619 1982 1636 2002 a
1650 1972 1825 2012 proprietate
1845 1971 1961 2002 domini*

1084 2019 1172 2052 atque
1193 2011 1318 2042 alienare
1334 2012 1502 2043 tentamus?
1525 2012 1586 2043 Cur
1606 2022 1664 2043 non
1680 2013 1754 2043 bona
1771 2012 1831 2051 fide
1846 2013 1922 2043 datis
1937 2021 1956 2043 a

1085 2052 1148 2084 Deo
1164 2053 1279 2091 resculis
1294 2054 1406 2083 utimur
1421 2053 1438 2084 ?
1463 2052 1619 2085 Tenuimus
1635 2055 1729 2094 quoad
1743 2053 1845 2092 licuit,
1862 2055 1956 2084 tenui-

1085 2103 1150 2125 mus
1169 2096 1263 2134 quoad
1275 2094 1403 2134 permifit
1417 2095 1462 2125 ille
1481 2096 1533 2136 qui
1541 2092 1685 2135 praestitit.
1731 2093 1816 2138 Quid
1830 2093 1953 2132 restim,

1086 2136 1157 2176 quid
1170 2133 1329 2175 honestius,
1347 2145 1433 2176 qnam
1450 2141 1484 2166 ut
1500 2137 1551 2166 ubi
1566 2146 1609 2166 res
1626 2138 1661 2167 ab
1678 2145 1707 2166 eo
1724 2137 1840 2175 discedit
1855 2136 1907 2177 qui
1921 2145 1956 2165 u-

1078 2183 1149 2217 Jum
1163 2177 1282 2258 lffbuit,
1298 2182 1463 2208 revertatur
1477 2179 1515 2209 ad
1533 2187 1597 2209 euin
1607 2176 1732 2219 poffeffio
1746 2179 1797 2219 qui
1812 2178 1965 2209 utendum

1087 2227 1168 2249 conce
1192 2224 1225 2249 it.

1127 2258 1226 2300 igitur
1248 2258 1379 2292 rationis
1405 2260 1472 2300 est,
1497 2259 1702 2293 fructuarium
1728 2261 1862 2292 domino
1886 2268 1960 2299 pro-

1087 2301 1250 2341 prietatis,
1267 2299 1361 2333 finito
1379 2301 1561 2341 usufructu,
1579 2302 1745 2333 restituere
1759 2302 1847 2342 quod
1863 2310 1904 2332 ex
1921 2309 1965 2332 re·

1089 2341 1259 2374 ftuCtuaria
1275 2342 1428 2375 exstabit:
1452 2353 1513 2374 nec
1537 2353 1637 2383 opuS,
1660 2353 1677 2374 a
1695 2343 1846 2375 testatore
1857 2341 1958 2383 juberi

1088 2382 1344 2423 restitutionem3
1368 2385 1463 2424 quin,
1487 2384 1507 2416 fi
1523 2385 1670 2425 jubeatur
1694 2384 1781 2424 fieri,
1804 2384 1880 2416 nihil
1899 2383 1963 2424 agi.=

1090 2424 1166 2457 Huc
1182 2425 1320 2457 intendit
1339 2426 1527 2465 Papinianus
1550 2427 1568 2457 l.
1592 2437 1641 2463 25-
1660 2426 1701 2458 D.
1718 2428 1752 2457 rie
1768 2426 1821 2466 usu
1838 2425 1873 2460 δὲ)
1889 2430 1955 2461 ulu-

1085 2466 1195 2508 fruftu
1211 2467 1320 2507 legato:
1343 2468 1431 2508 cujus
1451 2467 1548 2499 verba
1564 2467 1736 2499 Froi-entiae
1753 2468 1796 2500 sic
1812 2468 1957 2499 eduntur.

1092 2508 1157 2549 Qui
1171 2508 1296 2548 fruetus
1317 2510 1490 2549 praediorum
1514 2510 1601 2540 uxori
1617 2509 1749 2550 reliquit,
1770 2507 1832 2550 post
1847 2513 1960 2539 mortem

1091 2552 1153 2592 ejus
1174 2552 1283 2590 praedz'o
1304 2560 1369 2582 cuni
1386 2551 1522 2581 reditibus
1544 2552 1581 2581 ad
1597 2552 1707 2582 berecles
1716 2552 1787 2591 suos
1804 2551 1892 2581 redire
1908 2558 1958 2579 vo-

1091 2592 1166 2630 luit,
1188 2592 1330 2631 imperitia
1346 2591 1452 2632 lapsus.
1483 2592 1596 2622 nullum
1614 2591 1860 2633 fideicomiiziffuiiz
1877 2592 1961 2622 domi-

1091 2643 1148 2665 nus
1172 2642 1262 2673 neque
1282 2634 1463 2673 proprietatis
1485 2642 1575 2675 neque
1589 2633 1715 2673 fruitus
1730 2635 1767 2665 ad
1788 2643 1831 2664 eos
1856 2631 1970 2665 reverti,

1092 2674 1180 2706 dedit.
1204 2675 1308 2705 etenim
1324 2676 1435 2705 reditus
1448 2674 1572 2714 futuri,
1594 2685 1652 2706 non
1668 2676 1812 2716 praeteriti
1828 2672 1966 2714 temporis,

1092 2713 1477 2755 denzcnfiratividebantur.
1517 2716 1569 2747 Sic
1587 2715 1610 2747 F
1614 2717 1777 2748 lorentiae:
1801 2714 1960 2747 obscurius

1092 2766 1189 2798 atque
1205 2757 1353 2797 asperius.
1388 2757 1483 2797 Apud
1501 2757 1721 2790 Haloandrum
1739 2757 1883 2789 sermone
1897 2757 1969 2789 niam

1090 2800 1137 2840 gis
1149 2798 1243 2839 plano
1261 2807 1298 2829 ac
1309 2798 1418 2829 lucido
1435 2799 1559 2840 legitur.
1583 2799 1778 2843 Quifrut'tus
1789 2798 1960 2840 praediorum

1090 2840 1179 2871 uxori
1195 2839 1329 2881 reliquit,
1348 2838 1411 2880 posi
1428 2847 1545 2871 mortem
1561 2842 1623 2882 ejus
1642 2843 1751 2881 praedia
1774 2850 1839 2871 cum
1860 2837 1957 2869 rediti-

1092 2883 1143 2913 bus
1169 2882 1207 2912 ad
1232 2881 1344 2912 herentes
1364 2887 1427 2917 suos
1443 2883 1535 2913 redire
1556 2882 1668 2922 voluit,
1692 2883 1834 2923 imperitia
1849 2878 1952 2923 lapsus.

1092 2923 1222 2955 Nullum
1246 2921 1496 2963 fideicommiffum
1522 2924 1645 2954 dicimus
1667 2933 1758 2965 neque
1776 2921 1957 2963 proprietates

1092 2973 1182 3005 neque
1201 2963 1325 3004 frubtus
1338 2965 1376 2995 acl
1390 2974 1434 2994 eos
1448 2966 1558 2996 reverti
1572 2967 1676 2996 debere.
1719 2963 1833 2995 Etenim
1848 2960 1956 2991 reditus

1085 3006 1205 3047 futuri,
1231 3014 1288 3036 non
1308 3006 1449 3044 preteriti
1464 3008 1594 3046 temporis
1616 3003 1797 3046 demonstrati
1811 3003 1958 3045 videam,-

1093 3047 1247 3086 Experiar
1272 3053 1398 3084 tamen,
1424 3056 1461 3078 an
1486 3048 1642 3088 aliquibus
1666 3044 1817 3077 fomentis
1842 3040 1959 3072 mollffl

1093 3089 1188 3131 poffit
1214 3087 1363 3129 asperitas
1387 3088 1581 3120 Florentinae
1598 3087 1759 3123 lectionis,
1781 3080 1961 3120 Nullumst·

1096 3130 1323 3170 deieommzffuin
1336 3131 1469 3161 dominus
1485 3140 1574 3172 neque
1586 3127 1768 3168 proprietatis
1785 3133 1874 3165 neque
1889 3123 1963 3162 fru-

1096 3171 1160 3208 trus
1176 3173 1216 3207 ad
1231 3181 1276 3205 eor
1295 3172 1404 3205 reverti
1418 3173 1507 3206 decrit,
1548 3171 1688 3205 Primum
1703 3167 1809 3200 reverti
1820 3162 1963 3237 *dedissqsffi
