2052 3487
388 80 465 116 De
515 79 822 114 Fonnoitrz
870 79 940 112 rr
992 76 1252 112 Usun1's.

62 173 132 206 dem
157 181 197 205 ex
226 169 502 210 Kalendis-primis
528 166 646 199 deberi.
678 171 709 194 at
738 173 802 210 non
827 166 926 197 totius

60 215 175 254 sortis,
197 213 251 245 sed
269 214 396 254 primae,
421 218 486 242 non
509 208 637 255 solutae‚
653 204 831 251 penfionls;
856 207 927 247 post

62 257 213 288 secundas
239 262 345 286 autem
369 251 525 284 Kalendas
543 257 638 280 etiam
656 247 799 277 secundae
817 270 826 285 ,
857 247 927 286 post

64 299 173 329 tertias
198 306 274 327 vero
300 295 329 326 &
357 294 484 331 tertiae,
514 290 617 336 usuras
646 287 799 334 crescere.
830 297 928 335 atque

62 337 127 370 hoc
145 345 178 369 ut
195 336 323 369 sentiret
340 335 468 372 Paulus,
493 341 563 364 eum
589 329 715 376 impulit
738 338 770 360 1n
797 337 926 376 primis,

63 380 150 419 quod
174 379 263 419 pacta
288 378 318 408 in
337 374 513 408 continenti
534 372 630 410 fasta,
654 379 764 410 utique
787 371 807 402 ss
824 372 927 417 detra-

63 419 141 454 hant
163 418 353 459 stipulationi
373 437 384 456 ‚
412 417 450 451 ei.
466 413 561 446 inesse
586 413 775 444 creduntur:
798 411 828 442 &
851 413 926 443 ideo

64 463 118 494 hic
144 461 274 502 perinde
301 457 363 496 est,
387 466 423 488 ac
445 456 466 488 fi
490 456 524 487 P.
550 454 688 501 Maev'ius
711 462 768 494 per
789 452 926 494 singulos

64 503 187 536 menses
208 508 325 533 certam
343 498 504 539 stipulatus
527 504 711 537 pecuniam,
735 498 842 534 quoad
867 503 927 526 tar-

46 546 53 552 *
90 545 135 576 ius
158 543 255 575 soluta
279 540 355 573 ess'et
372 562 381 579 ,
412 537 513 570 usuras
535 537 705 578 adjecisset.
729 536 791 574 ita,
815 535 836 567 si
862 545 926 582 non

66 545 143 618 {Isset
157 584 280 625 patrum
297 583 326 614 in
347 580 526 612 continenti
553 577 736 624 appositum·
755 576 927 624 stipulatio-

65 629 118 665 ni,
142 624 289 667 potuisset
312 623 346 655 P.
364 622 503 653 Maevius
522 616 676 652 Kalendis
693 627 800 659 primis
827 627 928 650 totam

63 664 200 705 sortem,
224 665 253 697 ἃ
271 664 368 695 totius
387 662 510 701 usuras,
535 671 575 693 ex
593 661 739 701 stipulatu
753 668 873 704 petere.
898 667 930 706 at

63 708 158 751 paClo
181 708 211 738 in
237 705 416 737 continenti
439 703 626 742 subsecuto,
650 703 680 733 &
703 702 766 733 hoc
791 702 873 748 sorte
899 710 929 747 in

63 748 236 784 menstruas
259 746 424 788 pensiones
441 745 626 783 distributa,
650 753 715 775 non
741 750 848 784 potuit
865 751 931 788 qui-

66 792 139 823 dem
163 792 315 830 integram
341 786 457 819 sortem
489 794 600 825 petere
623 786 731 826 primis
761 784 930 816 Kalendis:

65 831 120 864 sed
136 831 247 863 debuit
264 829 388 871 singulis
407 827 564 860 mensibus
580 835 690 867 petere
712 826 931 872 trecenos-de·

66 872 181 905 narios.
207 873 236 902 in
256 878 398 908 tantum,
423 877 476 908 ut,
499 868 521 900 si
539 877 650 900 contra
674 867 781 913 facere
805 866 930 898 sustine-

65 913 172 953 ret‚'a
194 922 250 944 reo
276 921 341 943 non
368 910 562 951 exceptione
577 933 587 949 ,
611 909 663 941 sed
685 910 752 950 ipso
772 909 861 955 jure,
885 917 930 939 re·

66 954 189 988 moveri
213 951 338 994 posset:
363 953 434 993 quia
457 953 581 993 placet,
611 961 680 982 eam
704 958 929 991 exceptionem

67 996 184 1035 astioni
205 1005 246 1027 ex
272 994 417 1035 stipulatu
435 992 552 1030 inesse,
576 994 673 1032 inque
697 1002 752 1030 ea,
775 991 830 1023 etsi
849 992 930 1031 apud

68 1039 245 1071 Praetorem
269 1035 300 1067 in
316 1036 384 1076 jure
401 1044 466 1066 non
484 1034 560 1066 effen
584 1033 748 1074 opposita,
771 1032 930 1079 neque-al)

69 1088 111 1110 eo
132 1075 278 1110 'formulae
303 1077 490 1108 nominatim
517 1075 629 1109 inserta
645 1096 655 1114 ,
686 1083 789 1106 tamen
814 1073 931 1119 judicis

70 1120 180 1152 officio
204 1118 372 1150 contineri.
396 1118 484 1158 quod
507 1115 528 1148 si
553 1126 629 1148 vero
648 1124 715 1147 tota
740 1115 803 1161 sors
821 1116 930 1155 primis

71 1160 219 1193 Kalendis
245 1161 312 1197 ita,
343 1159 389 1190 uti
422 1158 623 1199 stipulatione
654 1165 808 1189 convenit
827 1179 836 1194 ,
868 1165 933 1187 non

70 1202 174 1243 posset
195 1200 260 1242 ipso
281 1201 349 1241 jure
372 1201 455 1240 peti:
478 1206 606 1239 apparet
621 1219 632 1234 ,
655 1198 676 1230 fi
700 1197 747 1230 his
775 1204 842 1229 tota
866 1206 932 1244 non

69 1245 264 1280 solveretur,
282 1250 340 1272 nec
358 1241 455 1271 totius
471 1239 571 1271 usuras
588 1240 654 1279 peti
671 1238 815 1279 potuiffc.
840 1248 911 1279 quia
923 1262 934 1278 ‚

71 1285 124 1316 nbi
148 1284 236 1314 sortis
256 1282 370 1323 petitio
388 1290 451 1312 non
468 1280 531 1320 est,
555 1281 599 1312 ibi
622 1286 683 1313 nec
700 1279 859 1312 usurarum
880 1290 934 1321 pe-

72 1325 176 1357 titioni
193 1324 280 1354 locus
301 1321 346 1354 est
368 1322 387 1353 l.
408 1325 458 1359 69.
483 1321 512 1364 §.
532 1331 559 1353 2.
585 1322 603 1352 l.
624 1331 671 1362 77.
699 1321 741 1353 D.
759 1322 868 1363 dejure
884 1324 933 1352 clo-

71 1367 152 1397 n‘um.
167 1365 231 1395 imo
249 1373 320 1395 curn
337 1362 405 1403 post
422 1364 658 1404 stipulationem
675 1363 805 1405 integrae
821 1362 911 1395 sortis
923 1387 932 1402 ,

71 1415 142 1438 curn
159 1405 255 1437 usuris
274 1404 430 1437 s'olvendae
455 1405 562 1445 primis
578 1403 725 1436 Kalendis
742 1427 752 1443 ,
775 1405 805 1436 in
829 1405 932 1436 conti-

68 1447 156 1479 nenti
175 1447 381 1484 convenerit,
406 1454 439 1477 ut
450 1445 485 1477 L.
498 1445 605 1477 Titius
622 1444 791 1477 P Maevio
809 1456 849 1477 ex
868 1446 932 1477 uni-

66 1488 155 1520 versa
178 1487 260 1519 sorte
283 1486 407 1528 singulis
438 1487 593 1519 mensibus
617 1486 755 1519 solveret
784 1495 933 1519 trecenos

68 1529 232 1568 denarios,
258 1529 286 1559 ἂ
310 1529 378 1559 haec
405 1529 508 1568 pastio
533 1528 727 1569 stipulationi
752 1528 873 1568 inesse,
905 1529 935 1561 &

68 1573 98 1602 ei
117 1580 229 1602 novam
256 1569 391 1601 formam
411 1571 505 1608 dare,
530 1571 698 1607 credatur3
725 1569 856 1610 perinde
882 1568 934 1601 ha·

66 1613 134 1643 beri
154 1613 266 1649 debet,
290 1620 326 1641 ac
350 1610 371 1642 si
395 1610 429 1642 P.
450 1611 588 1642 Maevius
614 1611 652 1642 ab
675 1611 768 1643 initio
786 1611 817 1643 in
834 1610 935 1653 singu·

67 1653 114 1686 lm
131 1651 250 1684 menses
266 1652 429 1692 stipulatus
446 1651 523 1684 esset
547 1661 695 1684 trecenos
716 1653 881 1691 denarios,
905 1653 936 1684 &

67 1700 133 1735 quo
149 1694 264 1725 tardius
280 1693 500 1729 solverentur,
520 1693 623 1725 usuras
641 1693 838 1726 centesimas.
862 1695 937 1733 quia

67 1737 153 1767 enim
176 1735 378 1775 stipulatione
398 1735 533 1774 placuit,
559 1734 662 1766 usuras
689 1745 728 1766 ex
752 1744 841 1766 mora
858 1744 936 1777 prae-

67 1777 159 1815 stari3
183 1783 331 1816 apparet,
355 1784 406 1807 eas
422 1785 463 1806 ex
481 1775 627 1816 stipulatu
644 1776 709 1816 peti
728 1775 833 1816 poffe,
850 1785 937 1808 com-

67 1817 155 1849 missa
176 1826 275 1849 mora.
300 1822 450 1847 caeterum
474 1817 604 1856 quando
628 1826 664 1848 ea
695 1813 856 1848 commissa
880 1817 936 1856 sit,

67 1864 134 1890 non
151 1868 190 1889 ex
208 1857 409 1897 stipulatione
427 1856 542 1888 desumi
562 1858 676 1889 debet:
691 1858 743 1889 sed
759 1867 798 1889 ex
817 1858 938 1898 paCtio-

69 1910 110 1931 ne
130 1901 158 1930 ei
188 1900 216 1930 in
241 1898 421 1930 continenti
445 1897 600 1937 subiest33
624 1908 718 1940 quam
744 1898 937 1939 stipulationi

68 1940 185 1978 inesse,
207 1947 301 1980 atque
319 1948 387 1970 eam
413 1939 633 1980 transfigurare
648 1962 659 1978 ,
681 1947 755 1971 ante
776 1940 853 1971 dixi.
897 1941 939 1971 At

71 1983 155 2013 enim
173 1981 295 2021 paetum
312 1981 350 2012 de
373 1980 475 2019 sorte,
499 1990 564 2012 non
583 1981 622 2012 de
640 1979 756 2019 usuris,
780 1981 937 2022 loquitur3

69 2032 105 2054 ut
127 2033 145 2054 e
169 2021 293 2053 diverso
326 2021 445 2053 dictum
477 2020 548 2053 suit.
600 2021 663 2054 Sed
688 2022 778 2061 hoc,
809 2021 831 2054 fi
859 2022 937 2054 Pau·

69 2066 133 2096 lum
155 2064 314 2101 audimus,
340 2072 403 2094 non
430 2072 558 2105 pugnat.
583 2073 653 2095 nam
672 2086 682 2102 ‚
713 2072 786 2095 cum
813 2062 937 2104 paftum

69 2106 160 2137 sortis
177 2105 370 2144 stipulationi
392 2104 470 2136 inest
494 2104 560 2144 ipso
577 2105 664 2145 jure,
688 2105 782 2136 etiam
801 2105 848 2136 vis
872 2106 937 2143 ejus

70 2147 110 2179 ad
135 2146 238 2177 usuras
265 2145 426 2186 pertingit.
451 2146 523 2185 quia
548 2145 568 2177 si
594 2153 662 2178 tota
687 2144 751 2178 sors
778 2155 819 2177 ex
844 2146 936 2186 pasto

71 2187 261 2228 prohibetur
278 2187 344 2227 peti
363 2194 436 2218 ante
461 2186 667 2219 constitutum
688 2194 840 2227 tempus;
872 2196 936 2219 non

71 2228 178 2269 potest
201 2227 293 2265 fieri,
323 2234 357 2258 ut
386 2227 483 2259 usurae
513 2227 606 2259 sortis
638 2228 813 2260 debeantur
843 2236 936 2268 ante,

73 2277 167 2310 quam
192 2269 255 2300 sors
279 2270 345 2309 peti
365 2270 485 2309 poffitss
516 2270 627 2309 utique
650 2279 724 2301 cum
742 2269 845 2301 actum
867 2279 938 2310 pro-

72 2317 228 2351 ponatur,
251 2314 285 2340 ut
311 2309 427 2349 usurae,
450 2309 505 2341 nisi
522 2320 562 2342 ex
579 2320 665 2342 mora
681 2334 690 2350 ,
715 2320 779 2343 non
804 2311 940 2342 debean-

74 2351 419 2391 tur-‚convincentibus
439 2351 484 2383 his
503 2351 713 2392 stipulationis
730 2352 852 2391 verbis,
870 2358 940 2383 tunc

73 2403 103 2424 eo
119 2393 241 2433 amplias
264 2402 316 2433 quo
334 2390 540 2432 postsolvam:
565 2394 678 2433 quibus
702 2403 824 2425 moram
850 2393 939 2434 signi-

72 2434 180 2472 ficari,
204 2433 291 2474 supra
315 2434 389 2464 dixi.
416 2435 512 2475 igitur
538 2433 689 2474 siquidem
712 2436 814 2466 aetum
831 2434 876 2466 est
894 2436 940 2466 in-

75 2483 124 2506 ter
140 2475 172 2507 P.
195 2475 345 2505 Maevium
362 2475 391 2505 ἀ
410 2473 443 2505 L.
458 2473 644 2514 Titium‚ut
660 2485 725 2507 non
742 2477 939 2517 alias,quam

75 2526 116 2547 ex
132 2525 217 2548 mora
230 2539 239 2554 ,
263 2515 437 2547 debeantur
454 2515 570 2555 usurae;
594 2526 698 2558 neque
720 2518 750 2549 in
768 2527 856 2549 mora
873 2517 939 2556 est,

78 2566 96 2587 a
114 2566 177 2595 quo
195 2556 261 2596 peti
279 2558 387 2597 nequit
403 2567 412 2588 ε
433 2565 583 2598 apparet,
607 2557 697 2589 sortis
719 2559 877 2598 petitione
899 2568 938 2590 ex

78 2599 171 2637 paeto
188 2598 443 2629 contrahentium
460 2599 553 2630 dilata
566 2623 574 2636 ‚
592 2600 791 2641 consequens
809 2599 870 2631 esl'e
887 2609 942 2631 eo-

81 2647 150 2669 rum
173 2637 331 2669 sententiae
349 2662 357 2677 ‚
387 2649 421 2670 ut
444 2639 540 2671 usurae
563 2650 695 2682 quoque
722 2649 793 2682 quae
810 2642 853 2672 ob
872 2650 938 2672 mo-

82 2687 146 2708 ram
169 2678 346 2716 prtestandae
369 2679 444 2719 lint,
469 2681 644 2714 debeantur
668 2691 734 2714 non
759 2693 800 2714 ex
823 2683 874 2714 die
893 2682 942 2713 sti-

84 2718 251 2757 pulationis
267 2742 276 2757 ,
294 2717 470 2752 rsed‘morae
494 2723 647 2763 cujusque
670 2723 828 2763 pensionis
845 2747 855 2763 ,
886 2723 942 2754 suo

86 2767 230 2798 tempore
253 2768 315 2790 non
345 2760 462 2794 solutae.
511 2763 630 2795 Verum
654 2765 780 2804 paetum
813 2774 878 2804 quo
902 2765 942 2795 de

87 2800 206 2840 agitur,
225 2798 357 2831 L.Titio
373 2810 493 2834 tantum
510 2805 637 2844 prodest
648 2806 687 2837 ad
703 2807 940 2846 exceptionem.

86 2840 148 2871 Sed
166 2849 268 2886 neque
291 2840 356 2872 haec
374 2843 512 2882 objectio
536 2845 665 2878 Paulum
694 2848 732 2879 de
754 2848 851 2889 gradu
868 2847 942 2886 deji-

86 2885 141 2913 cit.
173 2890 332 2920 primum,
363 2885 434 2922 quia
465 2885 582 2917 diversa
608 2888 747 2920 obtinuit
775 2889 940 2919 sententia.

86 2923 202 2967 deinde
219 2930 251 2952 ut
267 2931 337 2968 vera
354 2923 440 2955 foret
457 2926 727 2966 objeetio‚tamen
738 2929 776 2960 ad
793 2939 859 2960 rem
879 2936 945 2960 non

85 2971 276 3003 pertineret:
301 2964 450 3002 siquidem
473 2967 587 3006 ul'urae‚
618 2970 711 3008 pacto
734 2971 829 3002 dilata
854 2969 945 3001 sortis

84 3005 241 3035 solutione
257 3027 265 3040 ‚
290 3014 353 3035 non
379 3005 504 3044 possunt
526 3017 651 3040 currere
666 3033 676 3049 ,
699 3021 763 3042 non
784 3010 947 3042 commissa

83 3055 189 3080 mora:
214 3047 302 3085 quia,
327 3054 361 3078 ut
380 3047 464 3085 dixi,
487 3048 522 3079 P.
540 3048 660 3081 Maevio
685 3052 716 3083 vi
740 3053 829 3093 hujus
852 3052 944 3092 stipu-

83 3087 210 3120 lationis
227 3096 290 3117 non
309 3087 483 3126 debentur,
508 3089 560 3120 nisi
585 3100 625 3121 ex
647 3101 752 3126 mora:
775 3102 846 3132 quae
863 3093 947 3124 nulla

85 3127 146 3166 est,
171 3127 221 3158 ubi
244 3137 308 3158 non
332 3128 375 3159 est
401 3128 490 3161 sortis
508 3132 623 3170 petitio
647 3132 666 3163 l.
688 3142 753 3173 ¹27·
777 3134 821 3165 D.
838 3135 871 3165 cle
885 3143 948 3166 ver-

82 3171 177 3242 ἢονᾶιρι
191 3169 418 3242 oblIigatiom'hzcs.
434 3171 485 3203 illa
502 3178 608 3206 autern
623 3182 687 3206 nou
704 3174 748 3208 est
764 3175 822 3207 hac
833 3177 865 3209 in
881 3174 946 3217 spe-

148 3220 201 3242 um.
243 3235 249 3242 .

1305 76 1329 110 L
1343 86 1393 113 113.
1420 75 1495 112 111.
1771 82 1839 125 263

969 165 1037 196 cie:
1055 165 1126 204 quia
1143 174 1216 197 cum
1235 165 1352 197 effe&u
1368 176 1432 198 non
1448 165 1502 198 est.
1515 172 1548 198 ut
1567 166 1651 198 enim
1669 174 1842 206 ponamus,

970 205 1051 243 effe3
1075 206 1179 237 adhuc
1195 206 1300 248 potest
1317 208 1398 248 paeri
1418 208 1615 249 exceptione
1636 209 1721 240 elidi.
1746 217 1776 239 at
1799 212 1845 239 ni-

969 247 1015 278 hil
1038 247 1184 287 interest,
1211 257 1316 280 utrum
1344 248 1411 289 ipso
1438 250 1506 289 jure
1531 259 1595 281 non
1622 249 1657 281 fit
1677 249 1778 288 aCl103
1803 258 1842 281 an

971 288 1025 327 fit,
1050 286 1102 319 sed
1126 292 1324 330 exceptione
1348 290 1524 322 infirmetur
1547 291 1565 321 l.
1589 301 1654 323 112.
1680 291 1720 321 D.
1747 293 1780 322 de
1803 300 1845 321 re-

968 330 1049 369 gulis
1067 330 1155 370 juris.
1180 341 1257 372 ergo
1275 331 1295 363 fi
1321 340 1386 363 non
1413 332 1600 373 intelligitur
1619 342 1706 364 mora
1724 331 1791 363 fieri
1810 333 1842 363 in

971 371 1122 402 solvenda
1150 370 1232 403 sorte
1257 381 1328 413 quae
1360 374 1403 404 ob
1433 375 1663 414 exceptionem
1696 376 1761 414 peti
1789 383 1843 405 ne-

971 419 1086 452 queat,
1111 411 1219 445 saltem
1238 423 1312 446 cum
1330 414 1466 453 effectu3
1491 424 1524 445 ut
1540 414 1658 447 fatetur
1674 416 1726 448 ille
1744 426 1759 447 a
1778 425 1842 456 quo

970 454 1105 485 discedit
1122 454 1251 487 Paulus:
1275 455 1416 495 sequitur
1432 463 1495 487 non
1507 456 1606 487 soluta
1623 456 1677 488 suo
1696 466 1843 497 ternpore

970 496 1104 535 pecunia
1118 516 1127 533 ‚
1152 495 1253 528 usuras
1271 497 1398 535 deberi,
1423 497 1474 529 sed
1492 507 1556 529 non
1575 499 1674 529 totius
1693 499 1784 530 sortis
1804 507 1845 530 eit

971 537 1024 568 die
1048 537 1277 577 stipulationis3
1302 538 1352 569 sed
1371 538 1527 579 cujusque
1550 540 1707 578 pensionis
1731 550 1771 572 ex
1792 541 1843 571 die

971 587 1095 615 morte,
1127 579 1158 609 in
1191 588 1380 620 unaquaque
1411 579 1593 611 commiss'ae.
1638 581 1710 612 Nec
1738 590 1845 614 tamen

972 622 1151 660 negandum
1162 620 1206 651 est
1217 643 1225 658 ‚
1238 620 1374 661 potuisse
1389 622 1484 652 etiam
1495 622 1534 652 ab
1552 622 1643 653 initio
1656 624 1820 655 conveniri
1832 634 1842 663 3

973 668 1007 691 ut
1025 661 1172 700 debitor,
1196 661 1217 692 si
1235 671 1265 693 m
1284 661 1445 694 solvendis
1464 662 1665 704 pensionibus
1691 665 1843 704 cessaret,

974 701 1076 733 usuras
1101 712 1141 733 ex
1167 703 1218 734 die
1243 703 1453 744 stipulationis
1477 705 1629 736 deberet:
1651 714 1723 738 nam
1748 708 1777 738 ὅ(
1803 707 1843 738 de

973 742 1127 774 fructibus
1153 753 1289 784 quorum
1314 746 1485 786 imaginem
1515 745 1625 778 ferunt
1648 746 1744 779 usurae
1763 771 1772 787 ,
1803 747 1845 779 fic

973 786 1022 825 agi
1043 784 1164 823 potest:
1189 793 1224 816 ut
1239 785 1358 818 fatetur
1376 788 1489 818 Paulus
1506 789 1544 818 ad
1554 787 1613 827 fin.
1635 788 1663 818 h.
1681 789 1701 820 l.
1731 789 1794 820 Sed
1812 789 1845 821 in

974 824 1136 865 proposita
1154 826 1257 866 specie
1280 828 1311 858 id
1336 828 1438 859 actum
1457 838 1521 860 non
1545 829 1599 861 est.
1626 830 1717 861 valde
1738 837 1845 862 autem

974 867 1097 907 probo,
1121 868 1227 907 (quod
1243 877 1354 900 notant
1369 869 1474 901 Graeci
1491 870 1538 902 lib.
1555 880 1604 912 23.
1623 871 1737 909 Bafilic.
1757 875 1802 903 tic.
1818 881 1845 904 1.

970 915 1038 949 pag.
1061 918 1129 947 309.
1156 908 1267 950 &serp
1295 917 1361 942 tom.
1379 921 1407 952 3.
1422 912 1529 951 scholio
1553 914 1590 943 all
1612 914 1639 943 d.
1663 913 1683 944 l.
1706 913 1786 953 40.)
1811 914 1846 945 ul:

973 952 1073 980 ulurae
1099 950 1200 981 statim
1217 959 1342 982 currant
1367 962 1407 983 ex
1424 953 1475 984 die
1498 955 1701 993 contractus,
1726 955 1846 987 debere

973 991 1004 1022 in
1023 991 1246 1023 contrahendo
1263 991 1440 1032 specialiter
1456 996 1602 1034 exprimi.
1626 1004 1722 1037 atque
1738 997 1780 1028 ita
1797 1005 1846 1028 ac-

975 1033 1060 1072 cipio
1079 1032 1142 1063 hoc
1160 1033 1337 1073 Ambrosii,
1361 1034 1408 1065 lib.
1431 1034 1480 1066 De
1497 1035 1583 1067 Tobia
1599 1047 1622 1067 c.
1642 1046 1689 1069 12.
1715 1037 1847 1069 Pecunia

964 1073 1106 1113 faenebris
1122 1084 1140 1105 α
1161 1075 1206 1104 die
1229 1076 1308 1106 inicae
1333 1078 1529 1108 conventionis
1551 1078 1736 1117 crescentibus
1753 1080 1847 1120 strpic

974 1117 1081 1153 usuris.
1125 1114 1268 1155 Sequens
1293 1125 1423 1157 quoque
1449 1128 1490 1149 ex
1516 1117 1630 1150 Bafilio
1646 1143 1655 1158 ‚
1679 1121 1789 1152 Homil.
1815 1122 1847 1152 in

976 1156 1057 1196 Psal.
1074 1165 1119 1195 14.
1129 1163 1196 1198 pag.
1214 1163 1354 1197 139.tom.
1368 1167 1392 1190 1.
1421 1159 1537 1191 Semina
1552 1163 1646 1191 omnia
1659 1166 1712 1200 suo
1728 1167 1847 1202 tempore

975 1201 1153 1236 nascuntur,
1177 1198 1318 1230 animalia
1340 1209 1450 1240 quoque
1473 1206 1592 1241 tempore
1609 1201 1769 1243 praestituto
1783 1205 1848 1242 litos

974 1239 1171 1278 etimzzfoeius.
1194 1237 1299 1270 Foenus
1315 1250 1380 1271 vero
1391 1242 1470 1272 hodie
1478 1243 1629 1280 nascitur,
1640 1244 1719 1275 hodie
1735 1246 1849 1285 incipit.

1018 1280 1080 1311 Sed
1098 1280 1128 1311 ἃ
1145 1279 1209 1311 hoe
1225 1280 1297 1320 quia
1311 1277 1532 1314 difficultatem
1550 1283 1664 1324 recipit
1682 1294 1723 1316 ex
1740 1286 1849 1327 infigni

977 1321 1065 1353 Pauli
1091 1322 1165 1352 loco
1192 1323 1244 1362 qui
1264 1322 1309 1354 est
1331 1323 1362 1354 in
1384 1323 1403 1354 l.
1430 1332 1475 1364 17.
1499 1323 1543 1356 D.
1567 1326 1599 1355 de
1614 1327 1727 1366 usuris,
1753 1328 1850 1359 etiam

978 1363 1054 1404 quid
1080 1363 1120 1395 tle
1143 1372 1183 1394 eo
1207 1363 1284 1395 mihi
1310 1364 1455 1396 videatur
1472 1388 1482 1404 ,
1513 1366 1654 1398 breviter
1678 1366 1851 1408 subjiciam.

976 1404 1074 1435 verba
1099 1404 1196 1436 Pauli.
1238 1404 1312 1436 Cum
1335 1407 1455 1447 quidam
1477 1407 1594 1447 caviffet
1609 1431 1619 1447 ,
1649 1408 1676 1445 fe
1694 1410 1849 1450 quotanm'i⁴

975 1448 1149 1487 quz‘ncunces
1173 1446 1278 1483 usuras
1302 1445 1531 1487 praeftaturum:
1563 1448 1599 1483 &³
1615 1449 1671 1488 ,fi
1695 1460 1750 1492 quo
1772 1461 1849 1483 anno

977 1497 1034 1518 non
1043 1486 1189 1527 solvisset,
1214 1493 1284 1519 tunc
1300 1491 1388 1519 totius
1397 1490 1529 1528 pecunie
1544 1499 1581 1521 ex
1595 1492 1641 1521 die
1656 1502 1715 1533 qua
1732 1499 1851 1524 mutua-

978 1535 1026 1559 tus
1048 1526 1105 1568 est,
1117 1527 1438 1568 Jemffl'esfhlztturzmu
1463 1530 1500 1564 δ’
1523 1533 1642 1563 redditis
1665 1539 1716 1571 per
1738 1533 1849 1574 aliquot

978 1579 1068 1601 annos
1085 1570 1199 1608 usuris,
1223 1579 1290 1601 mox
1298 1568 1450 1611 stipulatio
1474 1571 1617 1612 commzffa
1641 1573 1723 1613 effet:
1745 1573 1852 1605 Divus

978 1611 1104 1643 Marcus
1121 1610 1280 1642 Forzzmmo
1296 1613 1339 1643 ita
1355 1611 1505 1654 rescripsit.
1530 1612 1682 1651 Proefidem
1692 1616 1852 1655 provinciae

977 1653 1027 1684 adi
1042 1675 1052 1691 ‚
1075 1653 1125 1693 qui
1135 1649 1370 1693 stipulationem,
1394 1655 1428 1685 de
1452 1655 1536 1696 cujus
1559 1656 1712 1696 iniquitate
1734 1654 1851 1698 questus

977 1704 1025 1732 es,
1050 1696 1087 1724 ad
1109 1695 1222 1725 modum
1239 1692 1326 1735 justae
1351 1694 1510 1727 exustionis
1533 1698 1594 1728 redi
1615 1702 1651 1728 et.
1694 1697 1767 1729 Haec
1784 1708 1851 1730 con-

971 1733 1088 1776 stitutio
1110 1734 1267 1774 adfinitum
1284 1737 1397 1768 modum
1419 1738 1539 1769 excedit.
1615 1739 1665 1770 uid
1687 1748 1749 1780 ergo
1766 1738 1783 1770 ,9
1808 1738 1852 1778 fio

980 1777 1163 1815 temperanda
1183 1785 1227 1806 res
1250 1774 1309 1816 est,
1330 1783 1364 1808 uc
1379 1779 1563 1817 infuturum
1583 1783 1734 1812 duntaxat
1755 1790 1791 1812 ex
1806 1782 1852 1812 [lie

979 1817 1139 1857 ceffationis
1169 1819 1275 1855 creycac
1305 1819 1405 1857 uliam.
1456 1819 1653 1854 Fortunatus
1677 1822 1776 1863 (nam
1810 1823 1856 1854 ad·

980 1858 1066 1889 hunc
1090 1856 1275 1897 rescriptum
1293 1858 1368 1899 est)
1390 1869 1407 1890 a
1430 1863 1591 1893 creditore
1606 1869 1746 1895 mutuam
1762 1873 1852 1895 acce-

981 1900 1029 1939 pit
1045 1898 1231 1938 pecuniam3
1256 1900 1285 1930 ἃ
1301 1901 1404 1939 cavit,
1428 1901 1460 1933 id
1478 1901 1541 1941 est,
1560 1903 1763 1944 stipulatione
1779 1914 1852 1945 pro-

981 1939 1080 1978 misit,
1105 1938 1134 1971 se
1159 1941 1329 1980 quotannis
1360 1942 1387 1972 ei
1412 1942 1620 1983 praestiturum
1653 1947 1850 1986 quincunces

981 1981 1105 2019 usuras;
1129 1981 1178 2019 &‚
1202 1980 1223 2012 fi
1247 1991 1312 2021 quo
1336 1992 1418 2014 anno
1443 1994 1508 2016 non
1535 1985 1690 2026 solvisset,
1714 1995 1789 2018 tunc
1806 1986 1852 2018 so-

981 2023 1120 2054 luturum
1143 2021 1173 2053 se
1198 2024 1296 2055 totius
1322 2030 1465 2063 pecuniae
1491 2024 1625 2058 semisses
1651 2037 1691 2059 ex
1714 2029 1766 2059 die
1789 2037 1850 2069 qua.

980 2071 1141 2095 mutuatus
1166 2062 1253 2095 effer.
1278 2066 1301 2095 is
1330 2064 1539 2106 Fortunatus,
1563 2077 1636 2100 cum
1663 2069 1767 2101 usuras
1793 2079 1851 2110 per

979 2106 1102 2146 aliquot
1127 2114 1227 2136 annos
1253 2105 1410 2138 solviffet:
1441 2109 1557 2140 deinde
1585 2110 1724 2143 cessavit.
1749 2112 1851 2143 credi-

981 2155 1032 2177 tor
1056 2147 1136 2187 petit
1161 2147 1258 2178 totius
1283 2149 1427 2188 pecuniae
1451 2149 1586 2182 semiss'es
1607 2174 1616 2190 ,
1649 2161 1713 2184 non
1737 2162 1776 2184 ex
1800 2153 1852 2184 die

980 2197 1099 2226 rnorae3
1123 2186 1175 2218 sed
1192 2197 1233 2219 ex
1249 2188 1300 2219 die
1317 2192 1517 2223 contractus:
1542 2191 1620 2223 sicut
1647 2194 1851 2234 stipulatione

981 2237 1048 2259 erat
1065 2229 1341 2269 comprehensum.
1366 2241 1403 2262 ea
1426 2242 1474 2263 res
1499 2241 1572 2265 cum
1593 2235 1669 2265 dura
1689 2236 1851 2267 videretur

982 2270 1179 2308 Fortunato;
1202 2271 1328 2311 questus
1354 2272 1399 2303 est
1425 2274 1465 2305 de
1482 2273 1555 2314 ejus
1577 2276 1744 2316 iniquitate
1766 2277 1852 2316 apud

982 2311 1062 2351 Imp.
1086 2311 1243 2343 Marcum.
1267 2313 1291 2345 is
1315 2310 1493 2354 Imperator
1509 2315 1551 2347 fic
1572 2316 1738 2357 rescripsit.
1771 2318 1853 2349 Prae-

975 2352 1066 2391 fidem.
1081 2354 1236 2393 provinciae
1251 2355 1300 2385 adi
1311 2378 1320 2393 ,
1343 2356 1394 2396 qui
1407 2353 1625 2396 stipulationem
1640 2359 1772 2400 cle-cujus
1793 2360 1850 2390 im·-

981 2395 1093 2435 quitate
1109 2391 1224 2434 questus
1239 2404 1286 2434 es,
1309 2397 1346 2427 ad
1369 2398 1482 2428 modum
1499 2396 1582 2438 justae
1603 2398 1761 2430 exustionis
1777 2401 1852 2431 redi·

979 2441 1038 2476 get.
1058 2434 1099 2466 sic
1117 2436 1304 2474 Imperator.
1328 2437 1519 2470 AtPaulus?
1534 2438 1852 2482 ait‚Haecconfiitutio

982 2475 1138 2516 adfinitum
1152 2477 1264 2507 modum
1280 2479 1398 2509 excedit.
1422 2480 1464 2510 ita
1483 2478 1655 2512 Florentiae
1674 2482 1797 2523 legitur.
1819 2483 1852 2515 in

982 2518 1048 2548 aliis
1066 2517 1151 2549 libris
1174 2516 1235 2554 est,
1258 2520 1295 2549 ad
1312 2519 1463 2558 infinitum
1479 2522 1610 2559 modum3
1634 2521 1686 2554 sed
1703 2525 1853 2556 servanda

982 2559 1166 2590 Florentina
1185 2558 1292 2590 lectio.
1319 2558 1420 2592 sensus
1442 2569 1568 2602 autem3
1590 2562 1672 2595 Haec
1690 2564 1732 2596 D.
1749 2565 1853 2605 Marci

984 2599 1180 2631 Constitutio
1206 2601 1336 2631 excedit
1367 2602 1498 2635 modum
1521 2627 1531 2642 ‚
1569 2605 1719 2638 cautione
1741 2607 1853 2638 adfini·

985 2649 1072 2673 turn:
1096 2640 1159 2684 sive
1176 2640 1244 2671 haec
1268 2641 1465 2675 Constiturio
1482 2645 1647 2685 judicem,
1672 2648 1712 2680 de
1732 2649 1854 2679 cautio-

984 2693 1025 2714 ne
1037 2683 1267 2723 J'udicaturum‚
1279 2693 1342 2715 non
1360 2684 1522 2728 adstringit
1539 2687 1577 2719 ad
1594 2688 1853 2721 observationem

984 2724 1089 2761 modi,
1113 2732 1150 2754 ea
1176 2722 1318 2756 adfiniti:
1342 2724 1393 2758 sed
1419 2727 1449 2757 ei
1474 2730 1651 2768 permittit,
1673 2731 1748 2771 juris
1772 2732 1853 2770 rigo-

986 2775 1052 2797 rem
1069 2766 1171 2803 aliqua
1187 2766 1336 2805 aequitate
1351 2775 1573 2809 attemperare.
1618 2771 1718 2811 Igitur
1733 2782 1773 2804 eo
1793 2763 1852 2803 Re-

984 2807 1102 2847 scripto
1120 2805 1156 2837 fit
1172 2805 1294 2838 Praefidi
1311 2808 1395 2840 circa
1411 2812 1593 2844 cautionem
1605 2815 1743 2853 potestas
1760 2821 1852 2854 quam

986 2856 1059 2879 ante
1083 2857 1149 2878 non
1179 2847 1326 2880 habebat.
1349 2860 1419 2882 narn
1436 2875 1446 2890 ,
1478 2862 1550 2884 cum
1576 2855 1661 2893 prius
1688 2862 1853 2886 teneretur

987 2888 1109 2920 servare
1124 2889 1279 2935 cautionis
1296 2893 1446 2932 modum3
1462 2893 1492 2926 in
1511 2903 1576 2937 quo
1595 2895 1672 2927 nihil
1689 2894 1853 2936 eratquod

988 2931 1104 2971 regulis
1125 2931 1200 2971 juris
1225 2931 1480 2972 improbaretur:
1512 2945 1624 2967 contra
1641 2936 1745 2977 potest
1769 2943 1853 2966 nunc

988 2972 1027 3003 ab
1050 2972 1114 3003 hoc
1137 2972 1306 3012 recedere;
1331 2975 1463 3008 volente
1489 2976 1638 3016 Principe
1655 3001 1663 3014 ‚
1688 2986 1759 3008 eum
1787 2985 1853 3007 non

986 3013 1051 3053 J'us,
1076 3012 1128 3045 sed
1142 3014 1345 3055 aequitatem‚
1368 3016 1465 3057 sequi.
1489 3026 1553 3058 quo
1571 3018 1663 3058 pasto
1678 3018 1694 3048 ἱ)
1718 3026 1781 3048 non
1800 3017 1855 3048 de·

989 3053 1058 3085 finit
1075 3054 1288 3095 Constitutio;
1311 3057 1365 3089 sed
1382 3059 1506 3090 Paulus.
1531 3059 1626 3090 verba
1642 3058 1746 3090 Pauli:
1771 3057 1854 3104 Quid

989 3095 1077 3138 ergo?
1091 3096 1135 3134 fic
1157 3099 1340 3138 temperanda
1358 3109 1402 3130 res
1417 3102 1489 3137 erit,
1513 3107 1546 3130 uc
1570 3100 1756 3138 infuturum
1779 3106 1855 3134 dun·

989 3143 1072 3169 taxat
1085 3147 1121 3169 ex
1137 3138 1183 3169 die
1200 3139 1357 3179 ceffationis
1380 3141 1484 3180 crescat
1505 3141 1603 3180 uflna.
1648 3140 1761 3173 Paulus
1787 3153 1855 3176 rem

989 3177 1031 3212 fic
1045 3179 1292 3222 interpretatur,
1316 3189 1351 3214 ut
1367 3180 1526 3254 usugarum
1550 3179 1714 3216 semiffiurn
1732 3183 1857 3226 stipula:

1463 3230 1481 3253 c
1503 3231 1520 3252 τ».
1809 3229 1856 3259 tio
