2036 3495
584 126 648 166 An
681 129 771 164 Lm.
800 126 864 163 IV.
897 120 997 162 ΤΠ.
1026 128 1090 165 IV.
1124 124 1364 167 Demirorrbur.

1821 135 1864 178 ‘aii

72 230 101 270 §.
130 229 182 260 alt.
209 228 228 258 Ζ.
245 235 274 266 4.
291 227 309 258 l.
327 237 354 266 5·
383 226 409 255 h.
430 229 451 254 r.
476 223 541 254 lato
566 218 715 252 Praetoris
734 218 897 256 sermone,
919 216 951 249 ἃ
992 220 1086 253 fonte
1106 221 1167 254 est:
1192 222 1280 262 quod
1297 223 1327 254 in
1346 222 1502 264 integrum
1524 222 1725 257 restitutione
1742 213 1867 263 adjuva-2

73 278 160 301 certa
180 269 312 309 paritate
331 267 469 298 rationis.
540 305 545 310 ι
669 302 673 306 ᾗ
831 300 836 305 ἱ

114 309 188 343 Non
212 310 307 341 ioitur
324 308 440 345 refert,
464 304 565 346 qualis
582 301 619 334 fit
634 309 758 346 minor,
784 308 836 346 qui
859 300 947 331 laesus

73 351 210 392 postulet
224 334 358 382 ssestitui.
383 347 489 392 Quid,
505 345 526 377 fi
544 346 754 390 intervenerit
772 350 839 380 ejus
859 349 947 372 tutor

73 402 126 425 aut
143 401 270 424 curator
287 391 303 422 ἱ)
332 390 427 421 Scio:
452 396 515 419 non
541 394 582 416 ait
601 384 743 430 Praetor,
768 382 856 421 quod
874 391 946 413 cum

73 443 182 466 tutore
198 441 251 465 aut
276 440 423 462 curatore
439 428 559 471 gestum
584 435 661 456 erit:
688 426 741 455 sed
760 426 846 463 quod
872 432 944 454 cum

70 477 196 508 minore
212 473 331 516 gestum
349 473 418 503 erit.
461 469 549 511 Quid
568 476 672 498 tamen
693 465 813 502 refert,
840 473 944 496 utrum

71 517 108 549 fit
125 516 243 556 aliquid
267 523 338 546 cum
362 514 484 545 minore
501 509 621 551 gestum
645 508 881 548 imprudenter,
905 515 943 537 an

72 567 145 589 curn
165 559 229 597 ejus
248 564 354 587 tutore
370 561 421 585 aut
436 559 602 584 curatore:
625 554 711 581 certa
730 548 878 579 Praetoris
899 556 944 578 ra-

72 601 184 637 tione;
206 607 245 629 ne
264 597 367 628 minor
385 604 441 635 per
456 592 578 624 causam
595 591 695 622 aetatis
716 590 854 634 laedat'un
883 590 943 634 Ac-

69 641 176 678 cedit,
200 641 284 679 quod
303 645 366 668 non
386 635 559 676 perdendi,
584 633 635 664 sed
650 632 796 674 juvandi,
814 639 943 674 minoris

69 681 158 713 causa
177 688 264 712 tutor
281 678 309 709 &
332 686 459 709 curator
474 683 686 715 comparatur.
719 673 855 717 proinde
873 670 894 702 fi
911 680 941 701 in

68 724 223 763 integrum
243 719 399 752 restitutio
418 726 563 759 petatur,
580 716 668 755 quod
689 714 727 745 ab
745 722 779 744 iis
795 711 861 743 laesa
879 711 940 742 ess'e

69 765 184 795 dicitur
206 771 255 793 res
279 761 429 798 minoris,
454 759 509 790 etii
535 758 622 790 nullo
640 756 733 786 dolo:
757 763 821 799 non
843 753 940 798 debet

67 804 298 836 restitutionem
317 802 472 841 impedire
484 824 492 839 ,
513 800 601 840 quod
619 803 760 828 errarunt
777 795 820 825 illi
837 803 889 841 qui
908 803 939 824 e-

65 845 113 885 jus
132 846 220 876 bono
237 845 300 875 dati
318 852 419 875 erant.
463 842 525 875 Sed
542 840 690 885 praeclare
717 835 938 883 Modestinus,

66 886 182 924 Nulla,
205 884 294 924 infit,
315 886 389 925 juris
408 885 489 915 ratio
515 889 568 913 aut
585 886 743 926 aequitatis
761 878 940 917 benignitas

65 929 204 967 patitur,
221 935 255 958 ut
272 936 340 966 quae
357 925 519 957 salubriter
536 933 595 967 pro
617 922 753 966 utilitate
773 919 939 962 bominum

65 970 313 1002 introducuntur
330 992 340 1006 ,
371 977 406 998 ea
437 976 495 998 nos
525 967 652 996 duriore
675 967 939 1004 interpretatione

66 1009 326 1050 contraipsorum
343 1009 550 1040 commodum
567 1004 782 1051 producamus
798 1004 836 1032 ad
855 1001 938 1046 leve-

66 1052 194 1083 ritatem
210 1051 228 1082 l.
245 1060 293 1091 25.
308 1051 348 1081 D.
368 1052 400 1081 cle
417 1050 536 1091 legibus.
557 1044 767 1091 Igitur-&liic
786 1050 939 1089 convenit

67 1092 171 1125 Edisti
198 1092 358 1123 sententiae
375 1115 384 1131 ,
416 1094 573 1122 minorem
598 1086 736 1125 restitui,
760 1084 814 1115 etii
838 1083 940 1130 ‘verba

67 1144 133 1166 non
147 1134 316 1175 patiantur.
332 1135 353 1164 l.
372 1143 398 1164 2.
415 1132 451 1167 ὃ)
469 1142 498 1172 3.
520 1132 552 1161 C.
570 1130 603 1160 δι’
619 1133 675 1159 tut.
692 1127 738 1158 vel
755 1135 814 1156 cur.
833 1130 939 1155 zncerv.

67 1176 87 1207 l.
108 1184 157 1211 29.
175 1175 193 1206 l.
210 1184 259 1216 47.
276 1175 294 1206 l.
313 1184 361 1213 49.
377 1175 404 1205 h.
423 1180 444 1205 t.
467 1174 535 1204 Sic:
558 1171 580 1202 fi
604 1169 744 1200 creditor
764 1166 799 1197 fit
817 1166 941 1196 secutus

68 1216 235 1257 personam
253 1217 364 1256 pupilli
384 1223 436 1246 aut
453 1213 595 1245 minoris.
628 1220 700 1241 nam
719 1208 738 1251 si
757 1216 939 1238 curatorum

68 1257 232 1299 personam
250 1257 391 1295 secutus,
416 1265 488 1286 cum
506 1253 576 1293 ipfis
591 1251 792 1283 contractum
808 1248 938 1293 habuit,

68 1301 98 1331 dt
114 1299 153 1330 ab
165 1298 235 1339 ipsis
250 1298 412 1338 stipulatus
429 1297 491 1335 est,
510 1295 592 1326 nulla
609 1301 690 1332 opus
709 1289 754 1321 est
769 1289 939 1334 restitutio-

65 1350 126 1379 ne,
150 1341 221 1379 quia
244 1339 390 1370 adversus
417 1338 574 1370 minorem
591 1334 707 1381 nullam
724 1331 819 1361 habet
838 1330 936 1361 aelio-

65 1391 139 1413 nem
156 1381 176 1411 l.
192 1391 223 1418 4.
243 1381 276 1411 C.
294 1381 321 1410 d.
341 1386 362 1410 t.
389 1380 421 1410 Sz'
436 1384 492 1410 tat.
509 1377 555 1408 vel
570 1385 632 1407 cur.
649 1380 757 1405 znterv.

110 1422 230 1454 Finiam
248 1422 328 1452 hanc
342 1428 483 1462 partem3
498 1418 520 1450 fi
537 1418 711 1454 addidero,
726 1411 814 1461 quod
830 1421 937 1458 respu-

66 1464 150 1496 blica
167 1472 297 1504 quoque
313 1461 393 1495 solet
407 1471 466 1503 pro
483 1461 607 1492 minore
621 1458 752 1505 baberi,
772 1455 802 1485 ὅ(
819 1454 888 1484 laeia
904 1463 935 1484 in

66 1506 224 1546 integrum
248 1503 387 1542 restitui,
411 1502 561 1542 exemplo
586 1508 725 1545 minoris·
740 1499 760 1529 l.
777 1505 806 1534 4.
827 1495 858 1542 C.
886 1494 936 1526 Ex

67 1547 145 1588 quib.
157 1549 233 1585 caus.
243 1545 370 1587 major.l.
380 1556 409 1586 3.
420 1544 452 1576 C.
465 1544 563 1586 dejar.
574 1540 693 1582 reipubl.
704 1539 752 1584 ffl'e
764 1546 815 1569 XI.
828 1541 874 1568 tzt.
887 1545 935 1573 29.

109 1586 268 1618 Hactenus
283 1586 424 1624 ostendi,
443 1585 514 1626 quis
527 1584 563 1615 fit
578 1584 682 1615 minor
697 1590 748 1612 cui
764 1578 935 1610 aPraetore

68 1627 251 1668 indulgetur
266 1629 296 1658 in
308 1628 464 1668 integrum
480 1625 646 1657 restitutiO.
670 1623 811 1666 Sequens
829 1621 934 1664 dispu-

70 1669 152 1699 tatio
169 1668 333 1706 ostendet,
349 1667 432 1698 hanc
449 1668 576 1698 demum
595 1666 659 1697 dari
679 1665 828 1709 docenti,
845 1662 874 1692 ie
893 1662 937 1692 lu-

72 1710 164 1741 brico
181 1710 281 1740 aetatis
298 1710 327 1740 s&
343 1709 512 1749 fragilitate
527 1707 647 1738 consilii
664 1705 726 1737 effe
743 1712 937 1749 circumven-

70 1759 139 1782 tum
150 1761 157 1782 :
168 1761 207 1782 eo
222 1751 310 1791 quod
325 1750 443 1790 aliquid
457 1748 494 1781 fit
509 1757 581 1780 cum
591 1757 632 1779 eo
648 1747 780 1789 gestum.
803 1744 844 1776 fic
854 1754 938 1792 enim

68 1793 184 1824 sonant
202 1791 306 1824 Edicti
322 1792 429 1822 verba.
475 1791 563 1835 Quod
580 1799 644 1820 cum
661 1790 767 1820 minore
783 1796 870 1828 quam
891 1796 939 1817 vz-

67 1835 149 1875 gimi
164 1836 291 1875 quinque
313 1834 398 1864 annis
413 1839 486 1863 natu
501 1829 609 1873 gestum
625 1830 676 1872 effe
692 1832 816 1861 dicetur:
841 1829 869 1859 <Sc
888 1828 939 1859 ad·

71 1875 173 1913 ditur,
194 1874 248 1906 Uti
258 1884 374 1916 quaque
383 1884 427 1905 res
442 1875 514 1910 erit,
530 1875 770 1904 animadvertam.
787 1870 939 1910 Ulpianus

95 1925 169 1948 orro
187 1916 206 1948 l.
229 1925 273 1952 ιο.
297 1916 338 1947 D.
357 1917 390 1946 de
405 1916 482 1946 verb.
493 1914 598 1957 figaif.
630 1914 690 1952 ait,
713 1909 831 1953 Geslam
847 1920 864 1941 a
882 1911 939 1942 La·

70 1925 178 1988 geone
198 1958 328 1998 quidem
350 1955 474 1988 definiri
498 1966 563 1987 rem
590 1956 654 1987 fine
675 1956 780 1986 verbis
802 1952 939 1994 gestam:

68 2006 218 2030 caeterum
242 2006 334 2038 putat
351 2021 361 2037 ,
391 1999 421 2029 in
448 1997 613 2038 proposito
645 1997 736 2028 latius
765 2003 874 2035 patere
899 2004 940 2026 ex

67 2049 176 2072 mente
188 2040 342 2072 Praetoris.
361 2039 399 2070 ab
417 2049 517 2079 eaque
536 2038 625 2070 causa
640 2038 700 2081 inl.
712 2047 738 2084 ἶ.
750 2037 777 2068 h.
789 2042 808 2066 t.
827 2040 940 2084 (quam

70 2090 143 2112 cum
156 2082 183 2112 d.
201 2082 219 2113 l.
244 2091 289 2118 19.
322 2081 447 2121 optime
466 2081 634 2121 conjunxit
652 2080 818 2116 Labittus,
842 2078 941 2109 Przmo

68 2121 163 2153 Indic.
188 2123 260 2160 usu:
283 2132 356 2154 cum
381 2131 513 2162 utraque
537 2122 572 2153 sit
590 2131 629 2152 ex
648 2121 702 2153 lib.
724 2129 776 2152 xt.
802 2120 852 2151 Ad
868 2119 940 2166 udi-

71 2162 175 2203 ctum)
202 2162 354 2201 Gestum,
378 2164 501 2204 inquit,
524 2162 565 2194 fic
591 2164 782 2204 accipimus,
805 2161 940 2206 qualiter

71 2204 224 2242 qualiter:
243 2205 307 2245 pari
325 2205 466 2243 ratione,
489 2204 553 2236 five
569 2205 697 2236 laedatur
715 2205 817 2236 minor
834 2203 942 2235 iecun-

70 2247 144 2276 dum
169 2246 255 2277 verbi
280 2247 528 2285 proprietatem,
552 2245 615 2277 five
641 2253 754 2284 praeter
780 2253 859 2275 eam.
889 2244 941 2276 sed

66 2287 205 2328 primuni
228 2287 271 2317 ait
296 2285 450 2327 Ulpianus
473 2288 501 2318 d.
524 2287 544 2318 b.
568 2297 595 2327 7.
620 2285 701 2328 Geflz'
725 2287 941 2327 appellatione

69 2328 229 2359 contineri
254 2327 443 2360 contractam.
468 2328 541 2368 quia
564 2330 676 2369 procul
701 2329 798 2360 dubio
822 2329 941 2367 aliquid

67 2367 123 2400 illo
146 2369 264 2410 geritur
289 2379 362 2401 cum
387 2370 531 2402 minore:
555 2370 584 2402 &
600 2370 666 2401 sunt
691 2371 720 2401 in
740 2370 768 2411 §.
791 2379 813 2400 ι.
834 2379 939 2401 exem-

68 2410 137 2450 pla:
161 2410 180 2441 fi
204 2412 299 2449 emit,
322 2410 342 2442 fi
371 2411 531 2449 vendidit,
555 2411 576 2442 fi
595 2412 779 2442 societatem
798 2412 896 2448 coiit,
919 2410 939 2443 fi

67 2452 209 2483 mutuam
228 2453 394 2492 pecuniam
419 2453 566 2492 accepit,
592 2453 621 2484 ἀ
646 2462 758 2493 captus
775 2452 829 2485 est.
853 2453 938 2484 idem

67 2488 110 2523 ‹l'e
125 2493 413 2525 interventionibus
428 2495 545 2525 dicitur
563 2494 680 2525 ibidem
697 2494 724 2535 §.
746 2504 765 2536 3
794 2494 823 2525 &
839 2495 878 2525 de
892 2494 939 2533 Ju-

73 2533 162 2564 diciis
179 2534 207 2576 §.
223 2545 252 2573 4.
270 2535 382 2574 quibus
400 2535 482 2575 quafi
499 2536 698 2567 contrahitur
716 2536 733 2566 l.
746 2546 773 2577 3.
793 2536 821 2577 §.
838 2544 881 2566 11.
894 2536 936 2566 D.

72 2573 105 2603 de
120 2575 247 2613 peculi03
270 2576 299 2606 δι
322 2577 353 2606 in
371 2579 448 2608 dote
472 2577 491 2608 l.
508 2586 536 2613 9.
553 2577 582 2618 §.
604 2586 627 2608 1.
662 2577 741 2609 lllud
758 2577 939 2608 obscurius:

73 2614 160 2654 quod
178 2613 350 2656 Ulpianus,
365 2619 392 2648 d.
408 2617 427 2648 l.
447 2627 474 2657 7.
494 2620 599 2657 addit,
618 2617 750 2649 Gestum
768 2619 886 2656 videri,
905 2618 934 2650 fi<

72 2664 114 2686 ve
137 2656 334 2688 contractum
362 2657 397 2688 fit
416 2680 425 2696 ,
448 2657 512 2695 five
534 2661 604 2701 qzcid
630 2661 711 2691 <iliaci
735 2662 854 2700 contigit
873 2671 882 2691 .-
905 2661 936 2692 id

71 2695 133 2734 est,
159 2697 234 2735 ‘lUid
251 2698 352 2735 aliud,
368 2706 480 2737 praeter
494 2701 701 2733 contratrum.
724 2701 777 2732 Est
795 2711 873 2732 vero
892 2709 934 2732 ta-

69 2737 121 2776 le3
145 2736 165 2768 fi
191 2736 254 2776 ipse
277 2739 355 2783 quid
374 2740 438 2781 egit
462 2741 564 2773 minor
582 2765 591 2781 ,
621 2752 686 2782 quo
709 2751 843 2774 noceret
869 2742 937 2774 fibi.

69 2777 152 2815 Fac,
176 2786 231 2817 per
255 2778 408 2811 luxuriam
433 2782 567 2821 perdidit
592 2785 759 2822 pecuniam
783 2793 875 2824 quam
897 2793 938 2815 ex

72 2819 227 2851 debitoris
243 2818 400 2851 solutione
417 2824 541 2861 accepit
558 2822 621 2854 fine
636 2825 789 2857 curatoris
807 2825 938 2856 consen-

70 2861 116 2893 su·
159 2859 236 2891 Erat
261 2860 419 2891 dubitatio
442 2870 573 2902 propter
590 2864 692 2896 editu
710 2867 825 2904 verba,
850 2866 939 2910 Quod

71 2911 138 2933 cum
151 2899 377 2942 minoregestam
393 2904 463 2934 erit.-
480 2904 593 2942 quibus
610 2915 673 2936 non
690 2910 845 2939 convenit
863 2917 939 2949 prae-

69 2943 141 2975 sens
158 2942 264 2974 casus:
286 2943 316 2974 in
330 2952 394 2983 quo
414 2942 489 2975 nihil
506 2945 550 2975 est
566 2945 686 2986 gestum
704 2957 775 2979 cum
794 2949 938 2988 minore3

71 2983 127 3016 etfi
152 2984 297 3023 pecuniae
319 2984 502 3024 perditione
519 2985 635 3026 aliquid
654 2987 698 3019 est
715 2999 730 3019 a
747 2990 872 3021 minore
886 2999 939 3030 ge-

67 3026 162 3067 ssum.
193 3025 315 3057 Placuit
333 3032 457 3064 tamen,
481 3027 530 3058 vel
547 3028 577 3058 in
597 3029 653 3058 hac
671 3028 773 3069 specie
790 3030 938 3062 Praetoris

69 3075 211 3101 mentem
231 3066 402 3098 verborum
421 3066 582 3099 subtilitati
600 3070 769 3110 praeferre3
793 3072 822 3104 ὅ(
841 3071 941 3104 mino-

71 3110 96 3140 ri
107 3131 117 3147 ,
133 3108 154 3139 (i
169 3108 352 3147 pecuniam,
371 3109 399 3140 ei
417 3118 433 3139 a
450 3109 597 3140 debitore
613 3110 675 3142 fine
691 3115 847 3144 curatoris
863 3122 940 3144 con-

68 3149 155 3181 sensu
171 3148 324 3188 solutam,
341 3150 426 3181 malo
443 3159 532 3182 more
551 3150 707 3191 perdidit,
725 3154 856 3193 perinde
873 3154 941 3185 sub·

68 3191 200 3229 venire;
222 3200 258 3222 ac
272 3190 293 3222 ss
309 3190 427 3231 aliquid
443 3201 514 3224 cum
533 3201 574 3223 eo
590 3194 712 3233 gestum
731 3194 818 3226 effer,
842 3195 883 3227 fic
898 3197 938 3228 ad

67 3231 272 3305 τεῬωξιυτὶΙοΙΓε
291 3231 443 3274 Ulpianus
463 3236 490 3267 d.
506 3234 523 3267 l.
537 3242 566 3274 7.
583 3235 650 3276 §.2.
667 3236 695 3269 h.
712 3241 734 3269 t.
751 3235 801 3279 Ab
818 3238 937 3273 eodem

992 262 1175 302 turminor,
1192 265 1212 295 ss
1226 273 1346 295 temere
1365 263 1393 295 sc
1405 264 1609 297 immiscuerit
1626 267 1793 297 hereditati
1813 268 1867 306 p'a-

991 308 1047 336 tris
1065 305 1241 343 damnosae,
1264 315 1317 336 aut
1337 308 1478 337 eictranci
1498 306 1707 339 hereditatem
1732 309 1864 339 damnos-

991 345 1051 377 sam
1070 347 1181 377 adierit
1196 347 1314 388 l.57.§.
1331 357 1354 378 1.
1368 347 1409 378 D.
1428 349 1460 378 ale
1469 350 1534 389 adq.
1547 350 1639 380 berea.
1660 349 1715 382 etii
1732 358 1792 381 nec
1809 349 1863 380 liic

988 386 1024 419 fit
1042 388 1213 427 quidquam
1232 398 1303 419 cum
1323 389 1446 420 minore
1462 391 1600 430 gestum:
1621 391 1671 422 sed
1690 392 1729 422 ab
1745 392 1799 423 illo
1811 392 1865 422 ali-

989 429 1077 468 quid.
1100 430 1130 459 in
1154 430 1271 460 summa
1289 431 1372 461 enim
1393 431 1467 469 quid
1485 432 1637 464 interest?
1663 433 1750 464 Idem
1771 441 1863 472 pute·

988 479 1076 501 mus:
1093 469 1113 500 fi
1130 479 1183 501 aut
1199 471 1335 511 legatum
1354 472 1550 512 repudiavit,
1569 482 1622 504 aut
1638 473 1862 506 hereditatem.

988 510 1032 542 est
1050 511 1133 543 enim
1154 512 1182 543 ὅ(
1202 512 1254 543 hic
1270 512 1387 552 aliquid
1406 514 1444 544 ab
1461 514 1622 548 i110.niliil
1638 525 1710 547 cum
1723 516 1795 554 illo,
1808 524 1863 556 ge-

987 552 1078 584 stum.
1103 561 1206 584 tamen
1225 553 1473 585 subveniendum
1492 555 1535 586 est
1551 556 1607 595 l.7.
1627 557 1655 598 §.
1673 566 1700 597 7.
1718 558 1744 587 h.
1764 563 1786 588 t.
1807 557 1862 589 De

988 594 1110 626 delictis
1128 596 1310 626 videamus:
1335 604 1371 626 an
1389 597 1439 627 vel
1460 597 1510 628 illa
1529 595 1582 628 sub
1604 596 1693 638 gesto
1712 599 1861 630 contine-

986 636 1104 667 antur?
1128 635 1226 676 prima
1249 636 1400 677 inspectio
1416 637 1478 675 est,
1502 638 1578 677 qnid
1593 639 1667 678 juris
1684 638 1736 677 fit,
1760 640 1780 671 fi
1804 640 1862 672 mi-

986 687 1046 708 nor
1061 686 1100 708 ex
1120 678 1236 709 delisto
1253 677 1340 708 attor
1356 678 1389 709 fit
1401 702 1408 716 ,
1429 678 1457 710 &
1475 680 1550 719 quid
1566 680 1731 713 omiserit?
1754 682 1862 720 placet

984 726 1089 749 autem
1108 741 1117 756 ,
1151 721 1237 759 quod
1261 717 1496 760 Tryphoninus
1516 721 1535 752 l.
1559 731 1610 762 37.
1632 722 1660 752 h.
1687 728 1708 752 t.
1733 721 1860 761 scribit,

984 760 1133 790 auxilium
1152 762 1181 791 in
1206 759 1363 801 integrum
1387 761 1595 793 restitutionis
1612 764 1860 795 executionibus

984 809 1148 839 poenarum
1167 810 1308 842 paratum
1328 811 1391 833 non
1410 802 1491 841 effe,
1512 803 1652 844 ideoque
1674 804 1859 844 injuriarum

979 841 1132 881 judicium
1152 842 1245 873 semel
1262 842 1405 874 omissum
1417 868 1426 883 ,
1445 845 1547 884 repeti
1564 855 1628 877 non
1646 845 1744 886 posse.
1768 847 1797 878 &
1813 847 1860 878 est

983 884 1104 922 optima
1130 883 1229 915 ratio:
1254 885 1342 924 quod
1367 885 1715 928 injuriarumJudicium
1735 896 1862 920 tantum

983 925 1088 964 pergit
1103 926 1142 955 ad
1155 925 1328 956 ultionem:
1345 934 1416 956 cum
1435 925 1560 959 Praetor
1577 938 1641 960 non
1661 930 1698 960 ad
1717 929 1799 961 hanc
1815 930 1861 962 in·

984 965 1115 1004 tendat;
1139 964 1189 996 sed
1215 969 1252 996 ad
1275 965 1555 1000 conservationem
1583 970 1786 1010 patrimonii,
1808 972 1858 1012 ju-

983 1005 1079 1037 venili
1102 1005 1257 1038 facilitate
1283 1007 1422 1046 perituri.
1455 1009 1552 1041 altera
1577 1011 1731 1052 inspectio
1751 1013 1813 1044 est:
1838 1012 1861 1045 ss

984 1048 1048 1087 ipl'e
1066 1047 1236 1086 deliquerit
1253 1051 1368 1080 minor.
1393 1050 1436 1080 ait
1455 1059 1532 1082 vero
1550 1051 1733 1093 Ulpianusl.
1743 1064 1772 1091 9.
1788 1054 1857 1095 §.2³

983 1089 1010 1119 h.
1031 1095 1052 1120 t.
1076 1090 1190 1121 minori
1208 1091 1239 1121 in
1257 1090 1379 1121 delictis
1394 1100 1458 1122 non
1475 1093 1623 1126 succurri.
1669 1094 1859 1136 Trvphoni-

984 1140 1042 1162 nus
1059 1132 1086 1161 a.
1104 1131 1123 1162 l.
1140 1140 1189 1172 37.
1210 1131 1237 1173 §.
1257 1141 1282 1162 1.
1307 1133 1369 1170 ait,
1394 1142 1433 1163 ne
1449 1136 1562 1166 mereri
1580 1131 1731 1175 quidem}
1748 1138 1859 1178 utique

984 1172 1013 1202 in
1034 1172 1258 1203 atrocioribus.
1279 1182 1339 1213 qua
1356 1175 1506 1206 ratione?
1522 1177 1690 1216 nimirum,
1707 1180 1777 1218 quia
1794 1188 1861 1209 ma-

983 1213 1084 1244 lorum
1104 1223 1207 1245 mores
1225 1214 1388 1247 infirmitas
1403 1217 1498 1247 animi
1518 1226 1583 1248 non
1601 1219 1729 1251 excusat
1743 1221 1761 1250 l.
1779 1229 1803 1251 1.
1823 1220 1857 1252 C.

983 1256 1016 1285 Si
1033 1256 1143 1291 advers.
1164 1255 1256 1286 deli&
1275 1258 1371 1296 quid,
1389 1257 1407 1287 si
1425 1257 1574 1290 deliCtum
1592 1269 1655 1290 non
1673 1271 1712 1291 ex
1730 1262 1857 1298 animo,

985 1296 1036 1326 sed
1060 1305 1149 1339 extra
1175 1298 1288 1328 venit?
1312 1299 1408 1329 noxia
1437 1307 1501 1330 non
1531 1302 1772 1341 committitur,
1803 1302 1859 1334 etsi

982 1347 1087 1376 poenae
1113 1338 1202 1369 causa
1230 1340 1372 1377 pecuniae
1390 1340 1540 1372 damnum
1559 1342 1720 1384 irrogatur
1737 1345 1763 1374 ci.
1784 1344 1802 1374 l.
1827 1353 1855 1376 1.

980 1378 1028 1409 Ex
1044 1380 1150 1410 animo
1169 1382 1256 1410 venit
1279 1381 1392 1419 dolus,
1416 1381 1536 1414 furtum
1550 1407 1558 1421 ,
1583 1385 1773 1417 adulterium
1791 1386 1818 1417 d.
1835 1385 1858 1416 l.

980 1430 1008 1456 9.
1027 1420 1054 1462 §.
1077 1431 1102 1451 2.
1123 1420 1158 1455 ὣς
1172 1423 1199 1452 d.
1219 1422 1237 1453 l.
1253 1431 1301 1462 37.
1319 1422 1347 1463 §.
1371 1431 1394 1453 1.
1419 1423 1549 1463 injuria,
1571 1425 1622 1456 seu
1639 1429 1857 1460 contumeliai

980 1471 1073 1502 quam
1102 1461 1256 1502 Ulpianus
1280 1465 1306 1494 ci.
1333 1464 1350 1493 b.
1373 1473 1401 1500 9.
1426 1463 1455 1505 §.
1474 1475 1502 1496 2.
1529 1466 1609 1497 dixit
1625 1469 1764 1498 damnum
1780 1470 1860 1510 inju-

978 1504 1042 1540 ria,
1071 1504 1165 1544 paulo
1186 1503 1381 1536 insolentius.
1426 1505 1524 1537 Extra
1551 1509 1640 1539 venit
1656 1511 1743 1549 quod
1762 1512 1861 1552 magis

979 1554 1018 1576 ex
1037 1545 1249 1585 imprudentia
1267 1555 1361 1586 quam
1386 1556 1425 1578 ex
1451 1548 1539 1580 malis
1556 1550 1720 1588 moribus,
1744 1552 1775 1582 id
1795 1553 1861 1591 eil,

979 1586 1145 1627 proposito
1164 1589 1192 1618 <St
1210 1588 1374 1618 voluntate
1391 1589 1616 1628 delinquendi,
1637 1591 1862 1631 proficiscitur.

982 1637 1086 1668 pone:
1103 1636 1204 1659 mater
1221 1629 1326 1660 minor
1344 1629 1450 1661 liberis
1470 1631 1689 1671 impuberibus
1704 1636 1764 1674 (ex
1782 1643 1863 1675 prae-

981 1669 1101 1709 scripto
1126 1667 1168 1700 D.
1188 1670 1296 1701 Severi
1323 1671 1410 1711 quod
1436 1672 1526 1704 estin
1544 1674 1562 1703 l.
1581 1683 1607 1704 2.
1627 1673 1655 1715 ἕ.
1673 1684 1702 1705 2.
1723 1675 1766 1707 l).
1795 1674 1862 1720 Qui

977 1717 1035 1752 pet.
1054 1711 1132 1751 rat.)
1150 1718 1213 1742 non
1235 1711 1325 1752 petiit
1343 1721 1477 1744 tutores.
1505 1713 1578 1746 licet
1595 1716 1738 1754 constet,
1756 1717 1787 1749 in
1805 1724 1862 1749 de-

982 1751 1061 1783 lictis
1078 1753 1239 1784 neminem
1259 1761 1352 1785 aetate
1372 1755 1530 1787 excusari:
1553 1757 1644 1787 matri
1665 1765 1770 1790 tamen
1790 1766 1863 1799 quae

981 1792 1052 1825 filiis
1069 1802 1209 1826 tutorem
1226 1804 1289 1826 non
1302 1795 1413 1835 petiit,
1429 1796 1555 1828 lubrico
1571 1800 1671 1829 aetatis
1688 1799 1789 1840 lapsa,
1806 1811 1863 1833 eo-

982 1844 1049 1867 rum
1060 1835 1285 1868 succeffionem
1298 1836 1427 1868 minime
1438 1838 1585 1880 denegari
1596 1841 1771 1873 convenit:
1785 1851 1863 1875 cum

983 1876 1094 1908 hocin
1118 1877 1287 1917 maioribus
1309 1877 1461 1910 matribus
1487 1887 1609 1912 tantum
1632 1882 1778 1915 obtineat
1794 1886 1812 1915 l.
1828 1894 1862 1917 2.

984 1918 1020 1949 C.
1037 1918 1071 1949 Si
1087 1920 1202 1958 advers.
1220 1919 1314 1951 delier.
1360 1918 1504 1960 Oportet
1527 1923 1621 1963 igitur
1643 1923 1735 1964 (narn
1751 1934 1791 1956 eo
1811 1935 1862 1958 re·-

983 1959 1066 2001 deo)
1082 1960 1199 2000 aliquid
1216 1970 1287 1992 cum
1304 1961 1449 2000 minore,
1470 1963 1520 1995 vel
1532 1973 1548 1994 a
1567 1962 1710 2003 minore,
1730 1965 1792 1997 effe
1806 1976 1862 2008 ge-

982 2001 1081 2040 stum3
1099 2010 1132 2032 ut
1151 2011 1192 2033 ex
1209 2002 1273 2033 hoc
1292 2001 1407 2034 Edicto
1423 2002 1612 2036 restituatur.
1636 2007 1721 2046 quod
1737 2007 1757 2038 fi
1774 2007 1862 2041 laesus

982 2043 1021 2073 ab
1038 2043 1146 2084 aliquo
1161 2044 1197 2074 fit
1215 2046 1337 2081 minor3
1354 2043 1500 2085 cumipse
1517 2045 1594 2078 nihil
1612 2048 1722 2087 gcffit3
1739 2044 1870 2081 ceffant'

983 2084 1133 2116 Praetoris
1151 2093 1266 2126 partes.
1284 2084 1336 2116 sed
1353 2086 1440 2124 quod
1458 2096 1522 2118 non
1540 2089 1644 2128 potest
1656 2088 1798 2130 Praetor3
1812 2101 1862 2122 re-

984 2125 1135 2208 ducet§in
1161 2125 1325 2197 pristinum
1351 2125 1463 2159 statum
1485 2128 1650 2170 Princeps.
1674 2134 1861 2173 exemplum

982 2168 1002 2199 l.
1023 2176 1069 2198 11.
1111 2177 1164 2199 .2.
1187 2177 1209 2198 J.
1227 2174 1248 2199 t.

1023 2208 1170 2249 Tempus
1187 2208 1250 2247 est,
1274 2216 1308 2240 ut
1329 2210 1369 2241 de
1384 2210 1445 2250 ipsa
1463 2211 1493 2243 in
1513 2211 1670 2253 integrum
1688 2214 1861 2247 restitutio-

985 2259 1043 2288 ne,
1064 2250 1195 2290 ejusque
1211 2249 1334 2290 forma,
1351 2252 1380 2282 ἃ
1398 2261 1468 2292 quae
1479 2253 1507 2284 ei
1527 2254 1753 2293 consequentia
1771 2256 1862 2297 sunt,-

985 2291 1162 2322 tractemus.
1194 2290 1269 2323 Huc
1285 2292 1425 2332 spectant
1443 2294 1605 2334 sequentia
1621 2295 1726 2327 Edisti
1747 2298 1860 2330 verba:

989 2332 1044 2362 Uti
1059 2342 1175 2373 auraque
1191 2343 1234 2363 res
1251 2336 1323 2372 erit,
1348 2335 1589 2367 animadvertam.
1630 2335 1773 2369 Obscura
1790 2338 1861 2372 sunt

984 2373 1053 2404 haec
1071 2376 1178 2406 verba.
1205 2374 1256 2406 sed
1278 2375 1401 2415 dicam,
1426 2377 1503 2416 quid
1519 2377 1595 2408 mihi
1615 2376 1783 2411 succurrat.
1815 2381 1860 2413 A-

982 2415 1193 2446 nimadvertere
1214 2415 1277 2455 est,
1295 2416 1431 2449 animum
1448 2419 1486 2449 ad
1503 2425 1568 2449 rem
1587 2427 1728 2457 vertere,
1744 2422 1775 2453 id
1792 2422 1858 2462 est,

982 2466 1049 2487 rem
1073 2456 1179 2487 animo
1203 2457 1409 2498 cognoscere.
1435 2468 1471 2489 ea
1487 2468 1586 2499 porro
1605 2461 1768 2502 cognitio,
1793 2463 1858 2496 sive

981 2497 1232 2537 animadverfio,
1249 2501 1322 2539 quia
1339 2509 1404 2530 non
1423 2500 1480 2530 alia
1503 2501 1592 2532 causa
1611 2501 1678 2533 fita
1698 2503 1860 2544 Praetore,

982 2547 1075 2578 quam
1086 2541 1299 2577 utdecernat3
1316 2549 1352 2571 an
1364 2541 1533 2580 miramur,
1549 2544 1857 2579 animadversionem·

983 2580 1035 2610 hic
1053 2589 1110 2620 pro
1126 2581 1228 2611 mixto
1245 2580 1401 2621 imperio,
1420 2581 1471 2613 seu
1485 2585 1771 2624 totojurisdicundi
1788 2589 1860 2620 offi-

982 2622 1055 2659 cio,
1072 2623 1172 2662 accipi
1190 2631 1205 2652 a
1223 2622 1371 2654 Praetore.
1397 2622 1434 2654 fit
1450 2624 1514 2656 hoc
1530 2625 1559 2656 in
1577 2625 1693 2658 Edicto
1711 2627 1763 2659 De
1778 2630 1858 2661 alea·

982 2663 1123 2701 toribus,
1150 2663 1180 2693 &
1197 2662 1311 2694 Edicto
1331 2663 1382 2695 De
1401 2665 1537 2705 injuriis,
1566 2667 1696 2700 auctore
1715 2668 1858 2710 Ulpiano

981 2704 1222 2745 l.1.pr.&§.3.
1242 2704 1284 2735 D.
1302 2706 1334 2736 de
1350 2706 1463 2738 aleator.
1481 2707 1544 2742 &L
1562 2718 1604 2749 15.
1617 2709 1645 2751 ὃ,
1658 2720 1705 2751 25.
1719 2710 1791 2752 &§.
1804 2716 1854 2746 28.

981 2744 1024 2776 D.
1043 2746 1077 2775 cle
1091 2745 1183 2785 injur.
1206 2746 1301 2785 quid,
1317 2746 1337 2777 fi
1355 2749 1418 2788 pari
1435 2751 1534 2781 modo
1551 2750 1685 2789 dicitur,
1710 2753 1856 2792 Cognitio-

981 2795 1045 2816 nem
1074 2787 1245 2825 impetrare
1265 2787 1284 2818 l.
1303 2798 1352 2829 39.
1380 2789 1419 2820 D.
1440 2792 1473 2821 de
1491 2791 1625 2823 evifflon.
1646 2792 1683 2826 ὅ)
1698 2793 1716 2823 l.
1733 2803 1760 2833 3.
1802 2818 1806 2822 ,
1824 2801 1854 2828 9.

982 2827 1038 2857 Lm.
1055 2836 1114 2867 pro
1130 2828 1299 2867 impetrare
1318 2829 1551 2864 restitutionem
1566 2843 1608 2864 ex
1625 2834 1757 2864 decreto
1799 2842 1855 2863 rae-

983 2869 1080 2906 toris,
1096 2868 1184 2899 causa
1199 2871 1353 2910 cognita?
1376 2871 1539 2906 Promittit
1556 2874 1652 2915 igitur
1670 2875 1808 2911 Praetor,
1824 2883 1855 2904 a·

981 2909 1234 2949 nimadvertere,
1250 2911 1280 2942 id
1302 2912 1364 2952 est,
1387 2915 1474 2946 caula
1491 2916 1637 2956 cognita,
1655 2915 1855 2954 decernere,

982 2950 1045 2982 ssve
1067 2951 1114 2988 jus
1131 2950 1255 2988 dicere;
1277 2952 1298 2984 fi
1321 2954 1396 2993 quid
1414 2965 1486 2988 curn
1503 2965 1625 2988 minore
1641 2954 1762 2994 gestum
1781 2956 1855 2988 erit.-

985 3000 1050 3032 quo
1066 2992 1189 3024 modo?
1209 2993 1264 3025 Uti
1280 3004 1396 3037 quoeque
1414 3007 1458 3029 res
1473 2999 1536 3028 erit.
1553 2997 1605 3027 Sic
1622 2995 1764 3035 loquitur
1774 2997 1856 3029 Prae·

985 3040 1046 3064 tor.
1070 3033 1114 3065 est
1132 3043 1208 3066 vero
1225 3035 1289 3075 ejus
1307 3037 1427 3070 sensus:
1453 3037 1552 3080 Quod
1569 3045 1639 3067 cum
1657 3037 1783 3069 minore
1798 3048 1856 3080 ge-

983 3074 1062 3107 stum
1086 3076 1163 3114 erit,
1187 3077 1398 3118 cognoscam3
1422 3089 1458 3110 ac
1483 3079 1503 3110 si
1525 3087 1565 3108 eo
1590 3077 1676 3110 laesus
1693 3079 1753 3110 erit
1768 3078 1856 3112 infir-

983 3117 1094 3148 mitate
1109 3117 1251 3156 confini,
1276 3128 1372 3159 prout
1387 3120 1462 3151 mihi
1479 3127 1604 3158 aequum
1622 3118 1651 3150 &
1669 3120 1788 3153 bonurn
1808 3122 1855 3153 vi-

983 3157 1125 3197 debitur,
1142 3159 1322 3192 decernam.
1350 3162 1376 3193 Is
1393 3160 1502 3191 sensus.
1528 3159 1672 3191 Paulusl.
1686 3171 1736 3201 24.
1751 3162 1779 3204 ς.
1797 3162 1852 3197 alc.

979 3199 1007 3230 h.
1027 3205 1048 3232 t.
1073 3200 1115 3232 fic
1132 3201 1304 3240 exprimit:
1327 3202 1379 3233 Ex
1402 3202 1451 3231 hoc
1465 3199 1568 3231 Edisto
1584 3201 1667 3234 nulla
1686 3205 1805 3245 propria
1821 3213 1859 3235 aa

984 3239 1036 3274 &io
1061 3242 1225 3314 ‘nezi-antio
1245 3243 1456 3283 proficiscitur.-
1478 3248 1569 3274 totum
1591 3247 1667 3278 enim
1688 3247 1737 3277 hoc
1751 3248 1858 3288 pendes

1158 3292 1174 3314 2
1817 3292 1856 3319 a&
