2036 3495
137 91 207 137 276
636 82 669 115 G
702 91 723 114 E
753 89 776 113 R
810 88 831 113 Δ
857 87 880 113 R
912 84 936 113 D
969 87 983 112 1

144 181 278 221 pignora
294 177 417 210 ali0sve
432 170 662 205 interceffionis
686 169 822 200 modos:
846 165 1019 212 eit-quibus

145 213 228 253 aetio
246 222 277 251 in
295 219 460 251 foemirias,
483 221 536 243 aut
553 213 592 242 ab
608 211 656 242 his
673 210 807 250 petitio,
832 209 895 239 dari
915 207 1019 248 poflit.

146 262 224 295 Non
251 260 312 292 alio
339 255 470 290 consilio
495 252 645 293 Ulpianus
669 253 688 283 l.
708 261 735 282 2.
751 250 780 292 §.
797 259 826 289 4.
845 249 881 284 ξύ)
897 259 927 289 5.
945 248 972 279 h.
998 254 1021 279 t.

146 302 282 337 Omnis,
307 299 427 339 inquit,
445 293 577 326 omnino
594 293 748 334 obligatio
764 290 1021 323 senatusconsul-

148 353 184 376 to
211 341 377 380 Vellejano
401 335 703 376 comprehenditur:
724 333 789 365 sive
810 332 935 369 verbis,
959 330 1022 362 five

147 395 201 423 re,
224 383 286 413 sive
303 386 498 421 quocunque
516 375 576 408 alio
592 374 758 407 contractu
778 372 1021 405 intercesserint.

149 426 211 457 Sed
237 422 290 454 etsi
317 420 428 453 mulier
451 417 598 449 defensor
615 417 745 457 alicujus
763 413 927 453 extiterit;
951 423 1023 454 pro-

150 466 202 499 cul
221 464 318 496 dubio
336 460 517 493 intercedit.
542 457 667 498 suscipit
684 459 769 489 enirn
787 457 920 488 alienam
944 455 1024 486 obli·

150 508 335 548 gationem:
360 501 478 542 quippe
503 510 574 532 cum
602 509 642 531 ex
669 499 728 530 hac
752 508 786 530 re
812 497 921 528 subeat
947 506 1025 527 con-

150 539 405 579 }leinnationem.
450 541 533 574 Haec
559 550 642 572 nunc
669 541 823 571 breviter.
846 539 934 579 plura
953 537 1026 568 dedi

150 590 198 620 lib.
220 598 245 620 1.
266 586 386 622 Observ.
405 594 430 615 c.
448 584 500 615 ult.
525 583 641 623 quibus
657 589 761 613 utatur
777 581 872 619 licet,
891 579 941 610 cui
960 587 1026 609 tan-

153 631 176 662 ti
199 638 270 661 mea
288 628 434 658 videatur
449 625 623 666 diligentia.

194 670 325 702 interim
352 675 483 709 apparet
501 690 510 704 ,
537 665 738 696 -foerninarum
770 662 1027 694 intercessionem

150 713 218 744 hoc
234 707 517 743 Senatuscoiisulto
542 706 695 737 inhiberi:
718 714 819 744 eaque
838 712 871 735 ut
887 703 940 742 sit,
963 703 1029 733 duo

154 752 282 795 requiri.
307 760 404 784 unum
424 749 488 787 est,
513 755 547 779 ut
565 748 677 779 mulier
700 747 824 787 obliget
849 745 878 776 se
904 745 956 776 vel
981 753 1030 775 res

152 795 239 826 suas:
264 795 416 830 alterum,
441 796 475 821 iit
496 789 544 827 se,
568 797 658 820 resve
675 787 758 825 suas,
781 786 906 828 obliget
926 795 983 826 pro
1002 794 1029 815 a·

153 838 210 869 lio.
236 836 370 876 primum
395 839 529 873 oportet
555 839 622 861 eam
645 829 789 870 obligari.
813 837 904 866 nam,
927 827 949 859 si
979 835 1030 866 pe-

153 879 280 909 cuniam
305 873 479 906 exsolverit
504 881 563 912 pro
589 869 674 909 aliis,
699 879 772 901 cum
798 870 938 910 obligata
964 876 1030 900 non

155 918 249 956 esset,
274 914 496 948 intercessione
520 912 678 950 cessante,
702 911 854 952 repetitio
879 910 962 942 nulla
986 908 1031 940 est

154 961 176 992 1.
199 969 224 992 i.
245 960 275 990 C.
298 959 325 988 b.
349 963 370 988 t.
399 956 486 987 ldcm
505 955 534 986 in
555 953 734 986 remissione
752 952 894 993 pignoris
916 952 934 982 l.
952 956 979 985 8.
1003 951 1031 981 h.

154 1009 176 1034 t.
200 999 368 1037 Similiter,
391 997 411 1029 si
428 998 502 1028 dum
525 994 617 1027 Titio
644 996 798 1026 donatum
828 994 913 1027 vult,
943 1002 960 1022 a
981 1000 1033 1023 me

156 1043 283 1083 accepit
303 1048 445 1072 mutuam
470 1037 636 1079 pecuniam
649 1060 658 1075 ,
683 1037 712 1067 &
739 1045 808 1067 eam
827 1033 919 1065 Titio
936 1034 1032 1064 dona-

157 1084 275 1121 vit,ait
293 1078 594 1122 Ulpianus,cessare
611 1076 941 1109 Senatusconsultum.
971 1074 1034 1105 Sed

159 1126 189 1157 ὅ(
207 1125 227 1157 si
244 1123 301 1156 tibi
318 1125 492 1160 donatura,
517 1118 667 1152 creditori
685 1126 741 1150 tuo
759 1127 907 1149 nummos
923 1124 1031 1147 nume-

155 1167 297 1203 raverit,
322 1173 388 1196 non
412 1162 632 1196 intercedere,·
658 1160 687 1191 ἃ
713 1168 771 1200 pro
797 1158 918 1190 ratione
945 1156 1033 1201 addit

156 1207 311 1248 Ulpianus
327 1230 337 1243 ,
371 1205 521 1236 Senatum
562 1200 696 1233 voluisse
733 1200 879 1240 obligatae
910 1197 1033 1230 mulieri

156 1250 358 1285 succurrere,
381 1256 446 1278 non
469 1245 612 1276 donanti.
636 1252 691 1279 ac,
715 1252 755 1273 ne
783 1243 831 1272 cui
850 1242 914 1271 boc
932 1239 1032 1270 absur-

157 1292 234 1322 dum
254 1289 416 1326 videatur,
440 1293 592 1327 praeterea
617 1284 775 1321 causatur,
800 1283 886 1322 quod
911 1280 1035 1312 facilius

158 1333 190 1364 se
214 1329 326 1363 mulier
350 1330 490 1370 obligat,
515 1336 607 1367 quam
638 1327 735 1356 donat
768 1325 786 1355 b.
802 1334 830 1362 4.
857 1323 885 1364 §.
908 1331 933 1354 ι.
967 1322 994 1352 b.
1011 1328 1034 1352 t.

158 1373 310 1405 nimirum
327 1371 357 1402 in
376 1370 552 1402 donatione
571 1367 615 1398 est
633 1367 765 1406 praesens
786 1364 980 1405 periculum,
1004 1363 1034 1394 δι

158 1424 254 1446 urens
270 1413 383 1445 statim.
407 1412 438 1443 id
463 1418 498 1441 ut
522 1409 661 1440 sentiunt
689 1408 857 1444 mulieres,
879 1405 921 1436 ita
950 1407 1035 1435 ultro

160 1456 216 1488 sibi
235 1462 371 1491 cavent,
395 1462 434 1483 ne
452 1459 573 1482 temere
586 1449 705 1489 Jattenc
722 1449 826 1485 suum,
849 1448 887 1478 ad
905 1445 1034 1487 praesen-

160 1498 205 1528 tia
229 1496 299 1528 satis
325 1495 510 1535 prudentes.
534 1498 566 1522 at
587 1500 628 1521 ex
655 1488 901 1529 obligationibus
927 1487 1035 1528 postea

158 1540 323 1576 surrepens
347 1535 476 1565 demum
501 1533 648 1564 damnum
666 1554 675 1569 ,
712 1531 743 1562 iii
775 1529 938 1571 praesentia
970 1537 1034 1560 non

161 1585 309 1620 apparet:
332 1583 456 1607 tantum
477 1573 507 1605 in
524 1572 666 1605 futurum
684 1574 861 1613 prominet3
885 1580 922 1602 ac
938 1579 1034 1610 quan-

160 1628 198 1651 to
221 1618 315 1650 serius
340 1617 523 1648 observatur
540 1638 549 1654 ,
583 1622 673 1646 tanto
699 1613 858 1645 difficilius
889 1613 1035 1643 evitatur.

159 1662 246 1694 bene
272 1660 367 1700 igitur
391 1658 524 1689 Senatus
545 1656 572 1686 ei
601 1654 739 1686 occurrit
758 1655 836 1694 parti
854 1663 922 1695 quae
941 1662 1035 1693 prop·

161 1710 212 1734 ter
237 1702 405 1733 mulierum
431 1696 684 1730 imbecillitatem
710 1695 829 1727 auxilio
845 1695 1038 1736 potiffimum

161 1743 337 1784 indigebat.
361 1750 393 1772 at
415 1741 468 1772 ubi
497 1747 606 1770 natura
628 1738 687 1770 illis
713 1737 887 1768 sufficiebat
904 1737 933 1768 ὅ(
952 1744 1038 1766 tena-

164 1787 245 1817 citas
266 1784 375 1815 sexus:
392 1783 469 1823 quid
486 1787 641 1820 eratopus
658 1779 791 1810 Senatus
809 1775 1039 1819 providentia?

164 1827 261 1859 solitis
280 1823 552 1865 Legislatoribus‚
567 1822 614 1861 J'us
629 1822 666 1852 ad
686 1830 722 1851 ea
734 1821 836 1860 potius
846 1827 954 1860 aptare
970 1827 1039 1858 quae

165 1868 195 1900 ἂ
212 1867 401 1907 frequenter
420 1865 449 1897 δι
464 1864 578 1901 facile,
602 1872 696 1904 quam
713 1871 782 1902 quae
798 1870 947 1902 perraro,
970 1868 1040 1890 eve-

164 1910 259 1943 niunt
283 1908 302 1940 l.
324 1918 353 1949 3.
370 1916 399 1947 4.
414 1917 444 1948 5.
462 1905 498 1941 &³
514 1910 542 1937 6.
564 1904 602 1935 D.
629 1905 662 1935 de
683 1904 804 1944 legibus.
836 1902 879 1933 Et
905 1902 1042 1933 extitere

165 1951 243 1983 olim
263 1949 370 1982 similia
382 1955 427 1989 pr.
447 1945 520 1986 Inst.
539 1945 628 1989 QJzib.
651 1945 737 1976 alien.
755 1944 802 1975 lz'c.
819 1944 866 1975 vec
880 1953 947 1975 non.
964 1943 1043 1974 item

163 2000 209 2035 pr.
233 1990 305 2032 Inft.
325 1990 372 2021 De
388 1990 442 2031 leg.
458 1989 524 2027 Fas.
544 1990 617 2020 Can.
640 1987 700 2018 toll.

207 2032 252 2065 Ut
269 2033 364 2074 igitur
380 2031 580 2062 intercedere
597 2029 743 2060 videatur
759 2027 874 2059 mulier
887 2050 895 2064 ,
912 2026 1045 2067 obligari

168 2075 286 2107 debet:
310 2073 361 2105 sed
378 2082 436 2114 pro
447 2073 520 2104 alio.
537 2080 609 2103 nam
626 2070 648 2102 fi
661 2070 746 2101 suum
755 2067 921 2110 negotium
939 2075 1044 2108 gerat,

166 2127 233 2149 non
251 2115 377 2147 videtur
392 2114 682 2145 intercedereznec
702 2111 746 2143 est
763 2110 791 2142 ei
810 2110 942 2141 Senatus
959 2107 1044 2140 auxi-

168 2158 223 2191 lio.
253 2157 330 2198 quin
347 2154 538 2196 Papinianus
555 2154 573 2185 1.
588 2163 637 2194 95.
654 2153 683 2194 §.
702 2163 730 2184 2.
750 2151 791 2183 D.
808 2153 841 2182 de
855 2151 1047 2188 solutionibus

168 2199 392 2236 inconditum,
415 2196 536 2237 inquit,
553 2195 598 2227 est
620 2194 787 2226 subvenire
803 2193 887 2224 sexui
906 2191 1045 2223 mulieris

170 2251 241 2282 quae
258 2241 313 2273 suo
330 2238 461 2271 nomine
486 2237 694 2278 periclitatur.
718 2234 787 2266 fac:
809 2234 922 2266 mulier
947 2242 1043 2274 pecu-

171 2284 255 2315 niam
273 2281 324 2314 alii
349 2280 527 2318 creditura,
551 2287 619 2310 eain
646 2285 806 2317 tamquam
829 2276 860 2306 in
887 2275 954 2307 usus
972 2275 1043 2305 suos

171 2325 308 2364 accepit.
331 2332 396 2354 non
416 2321 461 2353 est
485 2317 768 2352 Senatusconsulto
786 2318 882 2350 locus.
905 2316 1043 2357 primurn

172 2368 246 2405 quia
261 2373 357 2396 nemo
373 2361 514 2404 alioquin
535 2360 708 2393 contrahet
722 2369 795 2391 cum
814 2358 973 2396 foeminis,
990 2357 1042 2388 ubi

171 2405 274 2447 potest
297 2405 451 2447 ignorari,
474 2404 550 2444 quid
572 2402 687 2434 atturae
712 2401 770 2433 sint
795 2401 816 2431 l.
843 2409 888 2431 11.
905 2399 932 2430 b.
949 2404 969 2430 t.
989 2399 1043 2430 de-

175 2447 251 2479 inde
267 2447 416 2478 auxilium
435 2447 550 2477 meruit
568 2444 735 2476 mulierum
754 2442 939 2478 infirmitas;
964 2440 1048 2471 calli-

174 2489 256 2520 ditas
271 2497 335 2519 non
354 2487 467 2520 meruit
484 2487 504 2519 l.
520 2496 570 2527 30.
589 2486 616 2516 h.
632 2491 652 2515 t.
669 2484 700 2516 Si
716 2493 822 2515 tamen
838 2483 977 2514 creditor
994 2481 1049 2512 sci-

172 2529 276 2567 verit,
299 2538 355 2567 pro
377 2530 438 2560 alio
456 2526 711 2559 intercessuram:
736 2525 840 2556 adbuc
864 2524 997 2555 nocebit
1014 2523 1043 2554 ei

175 2571 343 2609 exceptio:
367 2570 496 2601 [insitire
515 2569 652 2609 Ulpiano
670 2568 689 2599 l.
710 2577 754 2599 12.
768 2567 801 2597 C.
818 2567 845 2597 h.
861 2572 882 2596 t.
899 2566 1048 2604 Aliquem

175 2611 351 2644 confundat
370 2611 500 2651 sequens
520 2609 716 2641 Diocletiani
737 2609 766 2639 &
784 2607 970 2638 Maximiani
990 2605 1048 2637 Re·

173 2653 327 2694 scriptum
344 2651 363 2682 l.
385 2661 430 2691 13.
449 2653 481 2682 C.
500 2653 528 2683 h.
546 2657 566 2682 t.
589 2651 622 2682 Si
644 2651 782 2689 foenebrz's
793 2649 937 2690 pecunia,
956 2648 1049 2688 juxta

171 2695 262 2736 fidem
276 2694 357 2731 veri,
380 2702 398 2723 α
413 2694 547 2723 creditore
569 2694 620 2723 tibi
644 2693 713 2723 data
730 2690 788 2731 est:
801 2689 867 2731 five
882 2695 942 2720 tota
957 2698 1048 2729 quan-

177 2738 248 2768 titas
262 2731 473 2774 faenoris,five
483 2740 551 2772 pars
572 2734 634 2775 ejus
651 2735 683 2765 in
697 2736 779 2767 ulum
789 2731 888 2762 mariti
897 2728 1051 2771 proceffiffe

176 2781 376 2820 proponatur,
400 2775 506 2805 decreto
521 2781 636 2812 potrum
653 2785 710 2806 non
728 2774 883 2816 adjuvaris
892 2783 901 2801 .·
910 2772 973 2802 licet
991 2780 1037 2801 cre

179 2821 255 2851 ditor
272 2816 389 2855 causam
405 2814 566 2846 contrastus
580 2826 637 2847 non
651 2817 840 2857 ignoraverit.
857 2814 920 2845 Sed
931 2821 965 2843 tu
983 2812 1049 2844 noli

179 2859 293 2902 dispari
316 2859 348 2890 in
373 2856 462 2888 causa
485 2856 569 2887 idern
591 2858 638 2894 ius
662 2859 807 2888 statuere.
831 2865 901 2895 quae
924 2857 954 2885 in
978 2854 998 2885 h
1028 2855 1048 2886 l.

177 2898 465 2940 occurritspecies,
478 2898 516 2928 ad
533 2897 699 2941 mulierum
716 2896 970 2929 intercessionem
990 2905 1052 2936 qua

181 2945 223 2976 de
240 2941 343 2975 nostra
358 2940 403 2972 est
424 2940 596 2979 disputatio
609 2961 617 2974 ‚
640 2947 702 2969 non
714 2939 841 2978 spectat.
858 2939 955 2978 magis
974 2946 1049 2968 con-

181 2987 265 3017 tinet
286 2983 506 3015 liberalitatem
525 2979 638 3010 marito
662 2988 679 3008 a
696 2980 826 3022 muliere
843 2978 968 3010 factam.
985 2987 1051 3009 non

182 3028 246 3058 alio
263 3026 385 3057 ducunt
403 3023 517 3054 verba:
539 3022 568 3051 in
588 3020 635 3051 liis
655 3020 768 3051 dicitur
782 3019 937 3051 foenebris
957 3029 1050 3060 pecu-

182 3067 233 3099 nia
249 3067 372 3098 mulieri
387 3075 403 3096 a
421 3063 582 3096 creditore
599 3062 687 3099 data,
711 3062 742 3091 in
758 3061 842 3090 usum
859 3061 960 3092 mariti
979 3070 1036 3101 pro

183 3107 310 3140 cessisse.
342 3116 403 3138 non
428 3105 545 3138 dicitur
568 3102 697 3140 mulier,
730 3109 801 3132 cum
831 3101 958 3144 maritus
982 3111 1050 3133 eam

180 3151 351 3191 pecuniam
368 3147 446 3179 esset
467 3153 676 3186 accepturuS,
699 3141 919 3179 intervenisse,
944 3150 977 3172 ut
1000 3142 1054 3174 fibi

180 3192 286 3234 potius
308 3190 435 3225 daretur
458 3187 578 3223 foenori
593 3209 605 3227 ,
637 3193 733 3228 atque
756 3181 823 3226 ipsa-
842 3181 959 3220 deinde
985 3192 1055 3220 eain

1048 75 1087 111 N
1122 86 1143 111 0
1177 87 1199 111 ο
1232 86 1256 112 n
1288 87 1309 112 τ
1367 77 1395 113 C
1428 87 1449 111 o
1482 87 1508 112 rt
1542 87 1580 114 it.

1062 165 1181 214 foenori
1207 167 1297 214 daret
1320 169 1444 199 marito.
1466 167 1561 209 igitur
1583 166 1738 209 obligavit
1762 165 1792 199 se
1810 169 1937 208 quidem

1064 210 1214 240 creditori
1244 210 1376 248 mulier,
1401 218 1536 249 accepta
1562 208 1698 249 pecunia
1725 207 1880 241 foenebri:
1907 218 1939 242 at

1064 259 1124 291 pro
1152 250 1274 281 marito
1307 250 1335 282 se
1360 250 1512 281 creditori
1545 260 1610 282 non
1635 249 1801 292 obligavit.
1832 251 1940 292 estque

1065 289 1327 337 error-Francisci
1351 291 1507 323 Hotman.
1526 291 1563 323 V.
1583 291 1640 323 Cr..
1660 292 1707 323 lib.
1725 295 1753 323 6.
1773 291 1895 331 Obfhrv.
1909 303 1935 325 c.

1066 342 1095 364 2.
1114 331 1339 372 existimanti8‚
1364 335 1394 364 in
1420 335 1446 364 d.
1464 334 1483 364 l.
1508 342 1554 374 13.
1582 342 1639 373 pro
1666 335 1730 364 licet
1746 332 1806 364 effe
1822 343 1942 373 ponen-

1066 374 1160 412 dum,
1183 373 1253 420 nist:
1284 373 1423 415 alioquin
1450 383 1465 405 a
1487 375 1556 415 jure
1580 375 1743 406 discedere
1767 374 1941 415 Imperato-

1069 414 1324 460 rest-dicentes,
1348 417 1379 447 iu
1397 416 1559 456 proposito
1577 417 1663 456 parvi
1682 416 1821 455 referre,
1838 425 1941 449 utrum

1069 456 1212 500 creditor
1230 455 1355 488 sciverit
1380 457 1502 489 causam
1529 457 1731 493 contractus,
1755 467 1793 488 an
1817 458 1943 497 ignora-

1070 504 1162 544 verit.
1186 505 1257 527 narn
1275 497 1360 543 recte
1378 507 1488 537 putant
1515 499 1579 537 illi,
1604 499 1756 530 creditori
1782 498 1944 539 sufficere,

1071 539 1127 578 ipsi
1144 538 1262 584 nullam
1279 538 1447 570 innotuisse
1465 540 1603 573 mulieris
1622 540 1895 572 interceffionem:
1910 541 1944 572 li-

1071 588 1125 610 cet
1142 580 1338 610 intellexerit
1364 580 1579 614 donationem.
1611 582 1747 614 multum
1781 581 1865 613 enim
1897 580 1944 613 iti-

1073 620 1195 658 terest,
1227 628 1302 651 num
1338 619 1449 666 hane,
1487 631 1524 653 an
1558 623 1643 656 illam
1663 647 1673 661 ,
1711 623 1824 654 mulier
1854 632 1946 654 exer-

1072 671 1153 693 ceat.
1169 662 1270 692 altero
1287 660 1356 691 casu
1367 661 1599 695 facitadversus
1609 664 1946 696 Senatusconsultum:

1073 704 1176 734 altero
1203 712 1266 734 non
1290 701 1388 741 facit,
1412 711 1445 733 ut
1470 705 1500 734 in
1530 705 1548 735 l.
1567 715 1596 743 4.
1622 705 1650 745 §.
1669 715 1693 736 1.
1711 705 1747 739 &²
1763 705 1783 738 l.
1802 714 1849 737 21.
1871 707 1901 736 h.
1920 711 1944 737 t.

1074 743 1153 776 Non
1172 743 1340 788 majus'hic
1356 745 1533 784 periculum
1555 755 1572 776 a
1596 745 1741 778 Scaevola
1762 747 1781 778 l.
1800 752 1848 781 28.
1869 747 1899 788 §.
1921 755 1948 778 1.

1074 788 1101 817 b.
1120 792 1140 816 t.
1167 785 1211 817 est
1227 794 1312 816 enim
1329 785 1372 816 ibi
1389 785 1603 818 observandus
1621 797 1690 818 mos
1706 788 1858 819 Scaevolae
1886 787 1949 818 frc-

1074 836 1176 868 quens
1201 827 1229 858 ἂ
1255 825 1445 859 familiaris:
1477 828 1564 867 quod
1589 827 1749 859 consultus
1775 831 1815 860 de
1837 828 1948 867 facto,

1074 878 1139 901 non
1158 870 1197 899 de
1213 878 1252 898 eo
1267 866 1459 908 respondet,
1483 869 1534 899 sed
1551 870 1591 900 de
1604 869 1688 908 jure:
1712 868 1788 901 facti
1804 869 1949 911 quaestio·

1075 920 1115 942 ne
1132 909 1250 953 Judicis
1268 909 1402 940 examini
1422 910 1537 941 relicta.

1116 950 1172 982 Est
1195 952 1289 990 igitur
1312 949 1481 992 diligenter
1506 951 1844 990 animadvertendum,
1877 960 1950 984 cum

1078 992 1118 1023 de
1145 992 1283 1023 mulieris
1304 990 1525 1024 intercessione
1542 993 1708 1033 quaeritur,
1732 994 1807 1034 quid
1826 994 1949 1034 egerit;

1077 1032 1194 1078 idest,
1219 1041 1322 1064 utrum
1355 1033 1481 1074 gesserit
1508 1035 1673 1075 negotium
1703 1035 1886 1076 proprium,
1910 1044 1950 1066 an

1077 1075 1224 1121 alienum.
1250 1074 1355 1114 potest
1384 1075 1467 1106 enim
1492 1077 1532 1107 de
1555 1085 1596 1106 eo
1629 1075 1710 1116 saepe
1737 1076 1884 1107 dubitari.
1909 1074 1952 1107 sie

1077 1125 1108 1162 in
1130 1116 1150 1148 l.
1169 1120 1197 1149 8.
1224 1115 1254 1156 ἕ.
1274 1125 1298 1147 1.
1324 1116 1351 1160 o.
1376 1121 1396 1147 t.
1423 1124 1511 1148 tutor
1542 1118 1572 1148 in
1597 1118 1735 1149 animum
1762 1118 1950 1156 induxerat,

1078 1155 1250 1188 distrahere
1268 1157 1376 1197 pupilli
1396 1159 1530 1198 praedia,
1555 1167 1691 1200 urgente
1717 1159 1783 1199 ejus
1801 1168 1863 1190 aere
1878 1159 1952 1189 alie-

1077 1208 1130 1230 no.
1155 1206 1255 1229 mater
1271 1200 1359 1229 venit
1375 1200 1413 1230 ad
1431 1207 1591 1231 tutorem:
1616 1210 1732 1242 rogans
1745 1225 1753 1236 ,
1776 1209 1817 1231 ne
1835 1200 1953 1230 vende-

1078 1248 1137 1271 ret.
1164 1248 1236 1270 cum
1261 1239 1396 1271 haereret
1413 1248 1519 1279 tutor;
1543 1249 1643 1272 mater
1665 1243 1692 1273 ei
1712 1240 1890 1281 repromisit
1908 1241 1954 1272 in-

1078 1282 1300 1327 demnitatem.
1321 1279 1407 1326 finita
1425 1283 1542 1314 deinde
1560 1283 1677 1321 tutela,
1702 1283 1841 1324 pupillus
1867 1289 1969 1316 tuto-.

1078 1332 1144 1354 rem
1162 1329 1316 1353 convenit
1332 1322 1458 1353 achone
1485 1324 1595 1355 tutelae
1617 1324 1696 1355 male
1713 1323 1951 1355 administratae.

1079 1371 1167 1395 tutor
1185 1363 1266 1394 redit
1282 1363 1320 1393 ad
1339 1371 1482 1395 matrem.
1505 1374 1541 1395 ea
1569 1365 1598 1395 se
1622 1373 1730 1396 tuetur
1753 1365 1953 1404 exceptione

1077 1404 1357 1438 Senatusconsulti.
1382 1414 1419 1436 an
1443 1405 1556 1438 rec‘te‘?
1579 1406 1711 1446 quaestio
1737 1407 1890 1444 vertitur;
1913 1415 1956 1437 an

1077 1446 1187 1492 cautio
1201 1445 1421 1478 indemnitatis
1441 1446 1537 1478 faciat
1562 1447 1830 1479 intercessionem.
1855 1453 1954 1487 negat

1078 1487 1287 1531 Papinianus:
1310 1487 1338 1517 ἀ
1357 1486 1525 1527 praefatur,
1549 1489 1639 1528 quod
1655 1489 1766 1519 mulier
1783 1487 1814 1519 in
1836 1487 1865 1518 se
1884 1497 1955 1519 non

1077 1527 1210 1568 suscepit
1226 1528 1357 1559 alienam
1374 1528 1605 1569 obligationem
1622 1540 1630 1560 :
1653 1528 1705 1560 sed
1722 1528 1786 1568 ipsa
1808 1529 1889 1559 hanc
1904 1528 1956 1559 fe-

1079 1570 1134 1601 cit.
1160 1578 1191 1600 at
1215 1569 1371 1613 obligavit
1396 1569 1426 1600 se
1452 1578 1510 1609 pro
1532 1570 1604 1602 alio.
1636 1579 1700 1601 non
1725 1570 1768 1600 ita
1789 1569 1843 1600 est.
1874 1569 1957 1600 obli-

1079 1611 1167 1653 gavit
1186 1609 1215 1641 se
1232 1617 1342 1641 tutori.
1368 1610 1398 1642 ἃ
1418 1610 1437 1642 si
1456 1611 1516 1642 illi:
1540 1620 1603 1642 non
1623 1619 1680 1650 pro
1698 1611 1763 1642 iilo.
1786 1619 1851 1641 non
1870 1611 1957 1642 enim

1080 1651 1186 1694 potest
1209 1650 1240 1682 se
1257 1652 1326 1692 quis
1355 1651 1458 1683 eidem
1487 1661 1545 1691 pro
1564 1653 1679 1683 eodem
1699 1652 1842 1692 obligare
1866 1651 1884 1682 l.
1906 1660 1957 1688 19.

1081 1695 1110 1726 h.
1129 1699 1150 1724 t.
1175 1693 1193 1724 l.
1220 1703 1269 1732 7¹·
1295 1693 1342 1724 D.
1362 1695 1395 1724 de
1414 1692 1600 1735 fidejzzſjorz'b.
1624 1693 1787 1734 postremo
1812 1702 1870 1733 pro
1892 1693 1957 1724 alio

1082 1735 1241 1780 obligatur
1257 1734 1384 1766 demum
1404 1736 1456 1774 qui
1475 1745 1533 1775 pro
1552 1736 1615 1767 alio
1633 1737 1662 1766 se
1678 1736 1728 1766 alii
1748 1734 1880 1775 obligat.
1905 1733 1959 1765 Sic

1083 1777 1281 1817 Papinianus.
1305 1785 1367 1807 nec
1396 1777 1486 1808 aliter
1510 1776 1599 1808 simili
1624 1776 1655 1808 in
1680 1777 1768 1807 causa
1790 1776 1958 1807 Africanus

1082 1819 1102 1850 l.
1126 1827 1171 1854 19.
1195 1819 1224 1849 b.
1248 1823 1270 1849 t.
1293 1818 1396 1857 addo,
1420 1818 1601 1850 Alexander
1625 1817 1731 1859 priore
1758 1818 1862 1858 specie
1888 1817 1907 1847 l.
1925 1819 1957 1848 6.

1086 1861 1118 1891 C.
1140 1861 1168 1891 b.
1193 1865 1225 1903 t..
1241 1868 1312 1905 nam
1345 1859 1391 1890 est
1417 1860 1544 1900 duplex.
1569 1859 1655 1901 prior
1681 1859 1745 1890 huc
1771 1859 1844 1890 exit.
1888 1857 1960 1889 Ma-

1087 1909 1136 1933 ter
1152 1900 1263 1941 pupilli
1282 1909 1374 1941 rogat
1391 1908 1550 1932 tutorem:
1577 1910 1610 1932 ut
1626 1911 1682 1942 pcr
1699 1909 1770 1931 eum
1790 1899 1844 1932 fibi
1864 1900 1961 1931 liccat

1088 1944 1221 1974 tutelam
1251 1941 1475 1974 administrare.
1499 1952 1555 1981 ac,
1580 1953 1619 1974 ne
1646 1950 1734 1973 tutor
1750 1942 1961 1982 periculuma

1089 1984 1212 2025 pupillo
1231 1992 1408 2023 metueret,
1431 1985 1458 2015 ei
1477 1985 1718 2016 indemnitatem
1741 1982 1885 2024 promisit
1907 1983 1960 2012 da-

1089 2028 1127 2057 tis
1144 2024 1383 2065 fidejufl‘oribus.
1408 2032 1508 2056 mater
1524 2026 1603 2057 male
1623 2025 1712 2066 gessit
1737 2024 1879 2055 tutelam.
1905 2023 1962 2063 igi-

1089 2075 1139 2098 tur
1155 2065 1243 2098 finita
1261 2067 1377 2105 tutela,
1394 2074 1572 2098 conventus
1588 2076 1603 2097 a
1623 2066 1745 2106 pupillo
1762 2073 1849 2096 tutor
1866 2064 1961 2095 attio-

1089 2118 1128 2140 ne
1145 2108 1253 2139 tutelae
1267 2131 1276 2146 ,
1301 2116 1433 2139 matrem
1458 2111 1576 2148 repetit
1598 2108 1722 2139 afflone
1746 2116 1786 2138 ex
1802 2106 1961 2146 stipulatu.

1089 2152 1132 2180 ait
1150 2149 1344 2189 Imperator,
1368 2158 1435 2180 eam
1454 2150 1539 2180 retie
1562 2149 1681 2189 repeti:
1705 2147 1777 2189 quia
1800 2156 1863 2178 non
1890 2147 1962 2177 alie-

1089 2200 1164 2222 num
1188 2191 1349 2231 negotium
1373 2191 1481 2231 geffit,
1514 2190 1566 2222 sed
1590 2189 1831 2230 quodammodo
1863 2187 1962 2219 suum.

1090 2232 1171 2264 Haec
1186 2234 1273 2273 prior
1291 2231 1419 2273 species.
1443 2232 1553 2264 Altera
1572 2233 1641 2263 talis
1665 2230 1719 2263 est.
1744 2229 1855 2270 aliquis
1873 2237 1962 2260 tutor

1087 2275 1196 2312 datus,
1208 2273 1337 2304 volebat
1348 2273 1404 2304 sea
1424 2273 1521 2305 tutela
1530 2272 1679 2305 excusare
1689 2282 1730 2304 ex
1739 2272 1827 2303 causa
1837 2271 1962 2310 autpri-

1086 2315 1214 2356 vilegio.
1236 2314 1345 2356 pupilli
1361 2323 1462 2346 mater
1478 2324 1549 2346 eum
1560 2313 1722 2353 obsecrat,
1734 2323 1773 2345 ne
1784 2312 1899 2343 faciat:
1914 2311 1960 2343 id-

1087 2366 1149 2398 que
1167 2364 1200 2388 ut
1220 2356 1342 2388 facilius
1366 2355 1536 2397 impetret3
1560 2357 1656 2387 tutori
1674 2361 1769 2386 cavet
1784 2355 1824 2386 de
1841 2353 1962 2383 indem-

1093 2400 1210 2437 nitate,
1233 2397 1254 2430 fi
1273 2398 1348 2437 quid
1374 2407 1433 2438 pro
1453 2398 1574 2438 pupillo
1592 2396 1784 2438 erogaverit.
1830 2394 1884 2425 Ait
1901 2393 1962 2425 Im-

1093 2448 1241 2481 perator,
1271 2447 1423 2477 matrem,
1448 2449 1464 2469 a
1487 2447 1593 2470 tutore
1616 2443 1807 2469 conventam
1825 2459 1834 2474 ,
1867 2433 1962 2465 Sena-

1094 2479 1293 2512 tusconsulto
1314 2480 1431 2520 juvari:
1454 2490 1538 2519 non,
1564 2479 1648 2519 quod
1671 2478 1700 2508 se
1722 2477 1820 2508 tutori
1844 2476 1964 2517 obliga·

1093 2522 1157 2554 vit:
1181 2522 1233 2553 sed
1259 2522 1329 2562 quia
1354 2521 1382 2552 se
1412 2521 1510 2552 tutori
1546 2520 1699 2561 obligavit
1726 2527 1785 2559 pro
1820 2517 1963 2559 pupillo;

1092 2573 1199 2604 eoque
1216 2561 1417 2594 interceffiffe
1432 2562 1629 2602 intelligitur.

1135 2604 1234 2645 Igitur
1251 2613 1283 2635 ut
1300 2604 1409 2634 mulier
1426 2601 1709 2634 Senatuscorisulto
1728 2600 1896 2642 adjuvetur
1911 2599 1964 2631 atl-

1093 2647 1199 2678 versus
1222 2645 1476 2676 interceffionem
1496 2667 1505 2682 ,
1560 2651 1692 2684 oportet
1724 2651 1792 2673 eam
1818 2652 1876 2682 pro
1901 2641 1963 2672 alio

1093 2687 1237 2728 obligari.
1261 2687 1290 2717 ἀ
1318 2695 1422 2717 tamen
1446 2685 1553 2716 evenit
1578 2684 1768 2725 aliquando,
1792 2692 1826 2714 nt
1843 2680 1964 2714 etiarnsi

1093 2730 1225 2760 alienam
1243 2726 1385 2766 suscipiat
1403 2726 1650 2768 obligationem,
1675 2726 1736 2756 hoc
1754 2724 1966 2756 senatuscon-

1094 2770 1175 2802 sulto
1200 2779 1264 2800 non
1294 2769 1465 2808 adjuvetur.
1493 2769 1522 2800 id
1547 2766 1599 2798 fit:
1623 2777 1695 2799 cum
1714 2767 1811 2807 prima
1835 2765 1967 2806 quidem

1093 2812 1178 2843 facie
1201 2811 1353 2848 alienam,
1377 2819 1410 2840 re
1435 2819 1510 2841 vera
1539 2817 1643 2841 autem
1670 2809 1751 2839 suam
1772 2830 1781 2846 ,
1824 2806 1898 2837 susci
1927 2807 1962 2836 it.

1095 2860 1205 2884 extant
1223 2854 1288 2891 ejus
1304 2851 1430 2892 generis
1450 2851 1625 2891 exemplal.
1641 2859 1684 2891 13.
1701 2850 1718 2880 l,
1741 2858 1789 2887 24.
1803 2847 1888 2882 D&
1910 2871 1916 2878 .
1934 2856 1965 2878 2.

1095 2895 1128 2926 C.
1149 2895 1174 2926 h.
1185 2900 1206 2924 t.
1230 2895 1281 2924 sed
1300 2902 1365 2924 non
1383 2892 1450 2924 sunt
1466 2892 1618 2930 obscura,
1635 2900 1695 2922 nec
1713 2898 1808 2931 egent
1825 2889 1965 2930 explica-

1095 2938 1183 2967 tione
1194 2958 1204 2973 ,
1215 2942 1338 2965 tantum
1349 2935 1489 2966 notanda
1500 2933 1657 2965 distinctio
1668 2932 1807 2964 Africani
1818 2931 1837 2962 l.
1852 2940 1895 2969 17.
1905 2931 1932 2959 b.
1943 2934 1965 2959 t.

1136 2977 1237 3009 Porro
1261 2975 1282 3008 fi
1306 2975 1448 3015 constet,
1471 2975 1631 3006 foeminam
1655 2983 1714 3014 pro
1743 2973 1804 3004 alio
1826 2972 1968 3013 interve·

1094 3018 1187 3057 niss'e,
1219 3027 1283 3048 non
1309 3016 1438 3049 interest
1463 3016 1596 3048 Senatus
1613 3039 1622 3054 ‚
1647 3024 1717 3055 quae
1749 3016 1964 3045 intervenerit.

1094 3060 1140 3092 est
1156 3059 1240 3090 enim
1259 3059 1415 3099 generalis
1431 3058 1552 3096 sermo,
1571 3057 1657 3102 Quod
1674 3058 1711 3087 ad
1720 3050 1911 3095 fidejuffiones
1927 3050 1966 3085 δ’

1095 3103 1190 3132 mutui
1204 3102 1333 3132 dationes
1348 3102 1449 3141 quibus
1459 3108 1511 3140 pro
1527 3099 1594 3130 aliis
1611 3096 1812 3136 intercefferim
1822 3093 1968 3132 foeminae,

1093 3144 1228 3183 pertinet.
1274 3141 1512 3182 Cujuscumque
1542 3141 1639 3181 igitur
1668 3138 1726 3169 fint
1750 3134 1966 3181 conditionis,

1096 3185 1183 3224 loci,
1203 3191 1257 3217 aut
1271 3183 1388 3223 status,
1409 3183 1553 3220 foeminae
1571 3189 1642 3222 quae
1655 3187 1719 3220 pro
1729 3176 1797 3210 aliis
1812 3182 1969 3248 inffr-ces-

1859 3222 1969 3253 erint,
