2036 3495
586 83 831 120 A'Mrca

87 162 225 198 Domini
235 159 490 203 ssynkcrshoekii
503 182 511 199 ,
522 159 549 190 δε
563 160 640 192 tanti
652 169 721 191 mea
733 159 876 190 videatur
886 170 964 202 ope'·

88 215 132 238 ra.
148 213 219 237 nam
244 203 265 235 fi
287 213 344 244 pro
361 211 452 234 certo
476 200 681 239 conficiatur,
709 202 788 240 patri
813 200 963 242 Principe

88 245 254 280 Hadriano
279 245 420 276 nondum
447 246 630 284 ademptum
655 242 748 273 fuisse
761 243 810 282 Jus
827 245 961 275 necandi

88 288 164 320 filii:
190 285 293 318 decisa
312 286 443 327 qnaestio
470 285 531 322 est,
555 285 584 316 &
602 283 769 316 confutata
788 283 961 325 sententia,

87 330 139 361 cui
156 327 316 361 fii-mandre
328 328 383 359 Vir
394 326 604 367 Amplissimus
620 327 731 367 ingens
746 323 800 356 fibi
811 335 850 357 ex
862 327 889 357 d.
901 326 920 356 l.
930 337 960 366 5.

89 371 262 412 pollicetur
271 370 368 401 robur
379 378 451 399 cum
467 368 503 399 fit
518 368 648 400 nullum.
674 367 831 398 Constitui
849 369 961 408 igitur,

89 413 176 452 quod
192 421 232 443 ex
250 420 285 442 ea
303 419 361 451 pro
381 409 410 441 se
423 410 593 450 produxit,
610 409 791 440 examinare
808 408 861 439 hic
878 409 962 442 illicz

87 452 231 492 sperans,
252 461 292 483 ne
308 451 410 483 invito
427 451 556 491 quidem
574 459 615 481 eo
631 450 682 481 cui
701 449 764 481 fine
781 450 879 481 dubio
895 459 962 490 pcr-

88 495 183 532 inde,
209 503 242 524 ut
258 494 350 525 nobis
375 492 418 523 est
446 490 664 531 propositum,
688 492 753 522 veri
770 492 962 523 demonstra-

87 537 178 567 tione
203 534 347 574 adjurare
371 533 578 572 rcmpulicam
595 533 763 564 literar-iam
781 534 865 564 bona
886 532 960 565 fide,

89 577 189 617 Igitur
206 576 363 607 Dominus
382 574 449 605 Van
467 573 702 615 Bynkerslioek
719 575 961 615 d.c.1v.p.164.

90 618 282 658 probaturus
297 616 384 656 quod
403 615 587 656 proposuit,
602 617 663 656 jam
680 616 735 646 sub
754 615 916 648 Hadriano
932 617 961 648 ὅτ.

85 667 160 690 ante
178 659 294 690 nullum
313 658 392 696 patri
413 656 504 688 fuisse
519 657 567 697 jus
584 658 717 689 necandi
733 656 805 697 filii;
821 661 882 696 ait,
898 658 963 689 hoc

86 710 128 731 cx
144 709 185 730 eo
201 700 348 740 intelligi,
363 699 450 738 quod
462 698 540 730 nihil
557 699 685 738 punitur
695 707 810 739 praeter
825 699 961 731 vetitum

87 742 308 779 illicitumque.
324 740 363 770 ab
380 739 543 771 Hadriano
559 748 665 772 autem
681 742 711 772 in
722 742 748 772 d.
759 740 817 781 l.5.
835 741 963 781 punitus

88 781 189 813 scrtnr
207 790 296 821 pater
312 782 560 821 deportatione,
580 791 651 821 quae
668 781 712 814 est
730 782 886 813 ordinaria
904 781 963 813 Le·

86 824 134 864 gis
152 822 311 854 Cornelia:
329 824 369 853 de
387 822 500 854 sicariis
520 832 635 863 poena,
660 833 700 854 eo
713 824 798 864 quod
819 825 848 854 in
866 832 960 854 vena-

88 866 178 895 tione
197 872 366 895 necaverat
383 863 480 896 filium
498 865 551 905 qui
567 874 737 896 novercam
753 865 960 896 adulterabat.

86 905 148 937 fuit
164 907 259 946 igitur
276 907 356 945 patri
375 913 522 945 tempore
542 905 695 938 Hadriani
713 906 908 947 prohibitum
927 906 960 936 il-

85 947 293 987 licitumque,
312 945 410 978 filium
429 947 515 978 suum
532 947 725 979 interficere.
757 946 833 978 Hoc
849 947 901 978 ubi
918 946 961 978 di-

87 987 445 1029 xitVirAmpliffimus;
462 988 636 1030 subjungit,
655 988 685 1020 sc
702 989 822 1026 mirari,
839 998 895 1019 eos
908 987 960 1028 qui

87 1030 262 1062 liberorum
286 1031 405 1061 caea'em
430 1030 535 1061 adbuc
556 1031 636 1071 patri
662 1030 715 1061 sub
741 1030 907 1062 Hadriano
931 1029 960 1060 δε,

87 1071 240 1111 deinceps
250 1071 416 1112 indulgent
427 1095 435 1110 ‚
453 1079 563 1111 putare
573 1095 583 1111 ,
601 1073 652 1103 vel
662 1073 692 1102 id
704 1071 792 1112 posse
805 1071 867 1101 hoc
880 1070 963 1101 obti-

87 1113 155 1144 neri
173 1119 381 1153 argumento:
400 1114 487 1152 quod
503 1122 544 1144 ex
560 1113 717 1144 contraria
729 1112 883 1143 Marciani
899 1110 964 1142 sen-

89 1158 232 1185 tentiam
249 1155 307 1186 att.
318 1166 348 1195 5.
362 1155 488 1186 elicitur
503 1155 667 1186 nimirum:
686 1155 773 1193 quod
784 1153 964 1185 Hadrianus

88 1196 206 1226 dicitur
224 1204 344 1235 patrem
361 1205 425 1227 non
445 1195 505 1226 hac
521 1205 562 1227 ex
581 1195 669 1226 causa
686 1194 859 1236 punivisse,
875 1194 962 1234 quod

86 1235 187 1268 filium
201 1237 341 1275 occidit;
360 1237 411 1267 sed
429 1237 517 1276 quod
532 1238 562 1267 in
580 1237 772 1274 venatione,
790 1236 818 1267 ἃ
836 1243 869 1266 ut
885 1244 963 1266 mox

86 1278 245 1318 sequitur,
269 1279 401 1309 latronis
423 1278 537 1319 magis,
561 1287 653 1317 quam
672 1278 768 1318 patris
782 1278 850 1316 jure
867 1277 962 1308 inter-

87 1318 180 1350 fecit.
202 1320 343 1357 indeque
360 1318 582 1358 videturposse
593 1319 720 1359 colligi,
737 1319 764 1349 ei
782 1318 897 1349 l'alvum
913 1317 961 1348 su-

88 1367 192 1391 turum
219 1359 309 1391 fuiffe
329 1360 378 1400 jus
402 1360 535 1391 necandi
560 1360 636 1399 filii:
658 1359 677 1391 si
703 1369 767 1391 non
791 1358 897 1390 fuisset
918 1359 962 1390 illi

86 1411 178 1433 more
199 1401 331 1432 latronis
354 1400 513 1432 insidiatus
531 1410 587 1439 per
601 1400 803 1432 occasionem
820 1401 963 1433 venatio-

86 1443 145 1474 nis.
177 1442 284 1483 Atque
299 1442 363 1473 hoc
379 1451 451 1474 cum
469 1443 512 1474 ait
530 1442 588 1474 Vir
602 1442 834 1484 Arnpbffimus,
851 1451 914 1483 ego
933 1442 960 1472 ei

86 1484 182 1516 facile
198 1483 383 1515 consentio:
409 1484 438 1515 δε
455 1493 563 1525 aeque,
588 1483 649 1515 effe
666 1485 697 1515 ld
714 1483 827 1516 doctos
843 1493 901 1515 eos
916 1484 961 1514 vi-

88 1535 142 1557 ros
161 1525 314 1557 veriffime
331 1524 511 1557 arbitratos.
536 1525 618 1557 Cum
638 1535 717 1556 vero
730 1530 842 1556 contra
857 1525 962 1566 pergit

88 1566 131 1599 fic
155 1566 263 1598 dicere
278 1589 289 1605 ,
318 1566 374 1597 Sed
394 1572 447 1597 aut
469 1575 518 1608 ego
535 1567 627 1608 fallor
643 1590 652 1605 ,
683 1574 736 1598 aut
752 1576 844 1598 omnes
860 1566 962 1605 aliific

89 1607 283 1640 ,Marcianum
307 1609 525 1648 interpretantes
541 1608 714 1647 falluntur,
738 1608 798 1639 hac
813 1616 902 1648 parte
916 1607 962 1640 illi

89 1647 353 1680 consentiendum
371 1649 460 1681 nullo
477 1651 576 1681 modo
591 1657 683 1690 pute.
710 1648 817 1681 Litem
835 1649 963 1680 dirimet

87 1689 175 1721 casus
191 1699 208 1720 a
229 1689 394 1721 Marciano
413 1692 440 1721 ci.
457 1690 475 1722 l.
491 1701 521 1730 5.
540 1689 732 1731 propositus.
755 1691 781 1722 is
795 1690 881 1722 casus
898 1690 962 1722 est:

89 1731 128 1763 In
143 1732 297 1762 venatione
308 1731 505 1770 jilz‘tcnzsztzcm
529 1733 645 1773 quidam
668 1737 822 1763 necaverat
841 1734 893 1773 qui
913 1741 964 1763 tzo-

88 1781 204 1803 vercam
218 1772 417 1804 adulterabat:
433 1773 465 1804 id
481 1772 544 1812 est,
561 1775 615 1814 qui
633 1773 754 1805 solebat
767 1774 964 1813 adulterare,

88 1812 147 1846 nisi
163 1813 251 1845 malis
269 1813 376 1854 legere
403 1823 464 1846 nec
490 1815 617 1855 inepte,
641 1815 830 1847 adulteranti.
876 1814 966 1857 Quid

88 1855 191 1895 juris?
206 1853 284 1886 Duo
300 1855 477 1887 considerat
486 1855 545 1887 Vir
560 1856 788 1897 Amplissimus:
804 1856 890 1897 prius
901 1856 965 1895 est,

89 1907 129 1928 an
146 1897 246 1928 videri
264 1896 356 1937 poffit
372 1905 461 1937 pater
473 1897 541 1929 usus
556 1898 625 1938 jure
635 1899 738 1929 mariti
755 1908 796 1929 ex
812 1897 900 1938 Lege
914 1897 966 1938 Ju-

91 1938 157 1970 lia‘?
180 1937 231 1969 sed
248 1937 378 1970 frustra:
395 1948 466 1970 nam
478 1937 548 1970 Lex
563 1940 615 1970 illa
626 1940 741 1971 marito
759 1947 882 1971 tantum
898 1948 966 1980 per-

90 1979 209 2018 mittit,
233 1979 408 2011 adulterum
426 1980 512 2011 domi
537 1979 595 2011 suae
624 1980 855 2021 deprehensum
880 1981 967 2012 occi*-

90 2022 185 2059 dere3
209 2029 270 2052 nec
287 2021 331 2052 ibi
353 2022 530 2060 quemlibet
547 2022 567 2053 l.
587 2031 636 2054 22.
653 2022 682 2064 §.
702 2031 730 2062 4.
755 2022 797 2053 D.
825 2023 875 2054 Ad
890 2022 965 2063 Leg.

88 2061 154 2102 Jul.
175 2063 207 2092 de
229 2062 322 2093 adult.
346 2063 398 2093 sed
423 2064 586 2094 dumtaxat
601 2064 701 2102 viles,
724 2067 928 2095 enumeratos
944 2064 964 2094 l.

90 2113 140 2141 24.
165 2101 207 2134 D.
234 2105 261 2134 tt.
289 2109 311 2133 t.
334 2104 422 2143 quod
444 2105 483 2135 ad
500 2105 732 2144 expediendam
747 2106 776 2136 d.
792 2105 811 2136 l.
828 2116 859 2146 5.
887 2104 965 2135 nihil

88 2143 228 2176 confert.
260 2145 367 2176 Altera
384 2145 447 2185 ejus
464 2145 675 2178 consideratio
689 2146 756 2185 est3
771 2149 809 2178 an
826 2151 916 2187 pater
933 2145 966 2177 fi-

89 2185 165 2217 lium
191 2185 276 2217 reete
300 2187 457 2218 occiderit
483 2187 553 2227 jure
579 2188 688 2228 patriae
705 2188 898 2228 potestatis?
921 2187 966 2218 Et

90 2226 155 2258 hoc
179 2235 272 2267 negat
296 2226 385 2258 causa
410 2238 500 2268 teque
525 2238 604 2260 vana
624 2240 631 2261 :
664 2231 751 2270 quod
774 2230 823 2270 jus
846 2229 964 2269 patris,

88 2269 195 2308 quoad
219 2267 409 2308 potestatem
434 2270 601 2302 occidendi
618 2270 673 2302 filii
692 2278 759 2302 rum
775 2272 962 2302 decoxerat.

87 2310 192 2349 addit,
217 2319 281 2341 non
307 2311 406 2352 magis
430 2320 524 2349 vere,
547 2311 609 2343 effe
625 2312 664 2343 ab
685 2312 746 2342 hac
765 2311 903 2350 faetum,
927 2319 963 2342 ut

86 2350 143 2382 filii
162 2352 265 2382 caedcs
283 2352 312 2382 in
334 2352 499 2392 proposito
517 2353 677 2384 atrocitati
696 2353 907 2391 tribueretur,
932 2353 963 2383 ἃ

88 2401 147 2432 pro
164 2392 333 2424 latrocinio
351 2402 568 2432 reputaretur:
592 2394 688 2433 idque
704 2395 829 2435 liquere
851 2403 892 2425 ex
915 2394 963 2426 his

89 2433 146 2465 stt.
159 2445 188 2474 5.
206 2434 331 2466 verbis:
356 2435 437 2466 Nam
450 2439 549 2475 patria
560 2435 685 2476 potestas
700 2437 849 2476 inpietate
865 2436 961 2474 debet,

88 2477 310 2507 nonfcttrocitate
323 2474 477 2516 confistere.
517 2476 569 2508 Sic
586 2477 888 2519 Bynkershoekius:
910 2476 963 2508 sed

88 2524 194 2548 utrum
214 2525 317 2555 erret,
340 2526 377 2548 an
396 2520 499 2557 ludat,
523 2518 644 2551 nescio.
667 2519 802 2558 primurn
815 2542 825 2556 ‚
840 2518 893 2550 ubi
912 2527 965 2558 ap·

88 2565 197 2597 paret,
219 2559 358 2589 ablatum
384 2561 462 2599 patri
490 2568 563 2591 ante
585 2559 783 2592 Hadrianum
806 2559 899 2591 fuisse
914 2560 963 2598 jus

89 2599 222 2630 necandi
241 2599 322 2631 filii?
347 2602 422 2639 quid
438 2602 467 2632 ni
487 2602 584 2642 igitur
603 2609 771 2642 putemus,
792 2599 964 2633 obtinuiss‘e

88 2639 178 2677 quod
203 2649 268 2671 non
291 2640 468 2672 ostenditur
484 2643 665 2674 mutatum?
689 2643 732 2674 At
747 2652 808 2674 nec
826 2642 963 2673 Marcia-

88 2689 149 2711 nus
165 2680 194 2710 d.
210 2680 230 2711 l.
247 2691 276 2719 5.
293 2683 419 2720 patitur
434 2684 520 2714 credi
536 2684 629 2715 aliud.
653 2693 725 2715 nam
745 2684 767 2715 fi
787 2684 844 2716 filii
860 2684 964 2715 caedes

90 2720 251 2761 prohibita
267 2729 363 2761 atque
378 2723 488 2754 illicita
506 2732 573 2755 erat
588 2730 662 2755 ante
673 2725 889 2763 Hadrianum
906 2733 964 2764 po-

91 2768 214 2793 teratne
231 2761 346 2793 deinde
364 2764 431 2794 ullo
447 2765 558 2796 colore
575 2767 691 2807 ambigi
709 2774 763 2798 aut
783 2767 822 2797 ab
834 2765 965 2797 Hadria-

90 2812 134 2834 no
159 2811 212 2833 aut
230 2812 246 2832 a
262 2802 448 2843 Marcian03
471 2813 575 2837 utrum
594 2815 684 2847 pater
701 2809 755 2847 qui
774 2807 896 2846 filium,
919 2806 964 2837 ob

92 2843 299 2875 adulteratam
318 2853 490 2876 novercam
507 2846 537 2877 in
556 2848 964 2886 venationeinterfecerat,

91 2894 108 2916 a
125 2895 219 2925 poena
235 2883 498 2925 LegisCorneliae
514 2887 592 2918 esset
607 2888 686 2920 liber
699 2890 766 2929 jure
782 2889 892 2930 patriae
906 2897 965 2929 po·

92 2925 238 2959 testatis?
263 2927 349 2965 atqui
367 2933 435 2958 erat
452 2928 590 2967 nullum,
608 2936 764 2969 quatenus
777 2931 814 2961 ad
831 2930 964 2962 caedem.

89 2967 191 3009 Igitur
211 2969 368 3010 amove-ris
386 2977 503 3008 unum,
519 2971 676 3001 amoveris
694 2973 877 3012 utrumque.
903 2971 965 3002 Sed

91 3010 167 3047 quid
185 3009 365 3040 haeremus‘?
383 3010 433 3039 ubi
452 3018 483 3040 tu
496 3033 504 3046 ‚
521 3010 579 3041 Vir
596 3010 787 3050 Clariffime,
803 3014 830 3044 d.
848 3013 899 3043 loc.
924 3018 965 3043 ex

95 3050 253 3082 Collatione
278 3050 391 3091 Legum
417 3050 615 3089 Moliritaru'n'i
633 3052 670 3085 ἐπ’)
684 3052 885 3084 Romanarum
903 3052 964 3084 Tit.

96 3101 153 3123 1v.¹¹
166 3099 284 3125 ,contra
300 3093 531 3124 evidentillime
549 3092 765 3124 demonstrasti
782 3094 965 3125 testimonio

94 3131 256 3172 Papiniani
283 3134 370 3173 cujus
395 3133 439 3164 est
466 3135 560 3165 etiam
590 3135 608 3165 l:
628 3144 675 3166 ρο.
693 3134 728 3169 [5⁹
746 3134 766 3166 l.
782 3144 832 3166 22.
849 3135 892 3166 D.
916 3135 967 3166 Aa

96 3173 170 3216 Leg.
188 3173 255 3213 Jul.
273 3175 309 3205 de
323 3174 451 3206 adulter.
472 3177 520 3207 vcl
545 3185 585 3206 co
602 3175 757 3215 florente,
782 3177 861 3216 patri
879 3179 965 3208 com-

94 3213 218 3256 petiisse
232 3212 348 3248 necem
366 3216 439 3248 filim
457 3226 497 3249 cx
515 3216 604 3258 Lege
622 3216 740 3259 Regia,
757 3216 822 3250 five
837 3217 963 3251 Romuli

896 82 1370 122 RaseoNsro.

993 209 1073 233 vtum
1098 201 1282 235 testimonio
1307 202 1470 245 Papiniani
1492 214 1530 237 ac
1552 205 1730 249 Marciani,
1752 208 1818 248 ipse
1835 218 1881 240 vi-

1815 101 1886 140 493

1006 165 1097 191 certo
1112 158 1192 200 jure.
1216 158 1360 194 Revero
1375 160 1418 194 fic
1432 160 1612 197 indubitata
1626 164 1700 199 curn
1715 165 1882 208 moribus,

1005 243 1087 275 derit
1103 241 1161 274 Vir
1175 243 1407 285 Ampliffimu33
1430 255 1469 278 an
1485 248 1630 281 decuerit
1647 259 1720 282 eum
1736 251 1881 292 captiun-

1005 285 1083 316 culis
1100 284 1281 324 hujusmodi
1305 287 1449 319 inanibus
1466 290 1575 321 conari
1592 291 1687 323 nobis
1702 299 1878 333 extorque·

1004 336 1057 365 re,
1081 331 1226 371 punitum
1241 328 1273 359 in
1289 329 1318 360 d.
1334 329 1354 360 l.
1368 339 1399 369 5.
1416 330 1455 361 ab
1471 329 1636 364 Hadriano
1651 329 1714 365 effe
1732 340 1852 375 patrem
1865 356 1876 373 ,

1005 366 1163 413 ob'silium
1181 377 1198 398 a
1217 368 1247 400 se
1265 370 1388 410 privata
1405 371 1596 405 auctoritate
1608 372 1672 406 sine
1694 375 1805 415 Judice
1822 384 1878 407 oc-

1005 409 1121 441 cisumt
1144 418 1246 449 eaque
1271 421 1312 443 ex
1335 412 1426 443 causa
1449 412 1512 445 esse
1528 423 1601 447 eum
1618 416 1649 447 in
1664 416 1692 448 cl.
1714 416 1734 447 l.
1761 417 1877 452 latroni

1006 459 1225 490 comparatum
1240 475 1250 490 ‚
1282 454 1311 484 &
1335 455 1457 486 caedem
1482 457 1652 488 atrocitate
1674 457 1876 490 aestimatam:

1006 500 1066 522 nec
1082 491 1204 532 flagitio
1221 502 1276 533 per
1292 496 1504 527 venationem.
1518 498 1595 536 quid
1612 497 1738 530 saevitiae
1753 499 1815 531 ess'e
1831 499 1878 530 su-

1004 534 1224 573 peradditum3
1240 534 1295 567 etsi
1311 538 1492 569 venationis
1509 538 1538 568 in
1556 538 1632 571 facti
1649 539 1753 580 specie
1769 541 1878 572 memi-

1005 578 1088 606 nerit
1105 574 1299 608 Marcianus.
1327 576 1440 620 Longe
1455 579 1544 611 aliter
1562 579 1591 611 se
1606 589 1655 612 res
1672 582 1787 613 habet:
1811 590 1877 613 ete-

1007 616 1070 647 nim
1089 614 1142 647 filii
1159 618 1262 649 caedes
1279 628 1340 659 qua
1356 621 1478 660 caedes,
1501 621 1582 660 patri
1599 622 1685 653 licita
1702 631 1792 654 certo
1806 624 1877 662 Jure

1007 664 1074 688 tum
1093 659 1267 698 temporis,
1284 669 1389 700 neque
1407 663 1609 695 atrocitatem
1626 663 1753 702 habuit,
1771 673 1877 704 neque

1006 699 1209 731 latrocinium
1230 699 1312 740 fuit;
1335 702 1388 733 sed
1412 711 1582 744 utrumque
1607 705 1719 736 vitium
1733 706 1771 736 ab
1788 706 1876 736 occi-

1006 740 1101 771 dendi
1126 742 1226 772 modo
1252 744 1377 783 accepit
1396 754 1403 775 :
1427 745 1579 777 videlicet
1600 753 1734 786 propter
1755 746 1878 777 insidias

1005 781 1073 827 filio
1098 791 1116 812 a
1140 789 1229 821 patre
1254 783 1382 817 structas
1404 793 1563 826 praetextu
1589 788 1769 819 venationis
1784 788 1814 818 in
1832 786 1878 819 lil-

1005 832 1072 860 vrs,
1091 831 1128 853 ac
1144 823 1303 862 quaefitam
1320 826 1362 857 ibi
1380 836 1470 859 more
1487 828 1644 860 latronum
1661 829 1876 860 solitudinem.

1005 863 1086 894 Rem
1106 863 1206 908 hane,
1230 873 1264 895 ut
1288 866 1441 907 dignum,
1465 868 1714 908 jurisconsulto,
1736 873 1766 901 in
1789 870 1877 901 fatto

1004 911 1171 935 annotavit
1194 905 1394 940 Marcianus:
1418 918 1478 940 nec
1501 910 1546 941 cst
1570 912 1659 942 causa
1674 934 1683 950 ,
1707 921 1764 942 cur
1787 912 1878 943 aliter

1004 945 1117 976 sentiat
1141 944 1301 978 Dominus
1322 948 1391 980 Van
1411 949 1655 990 Bynkershoek.
1702 952 1784 984 Nam
1802 953 1876 992 quid

1004 987 1134 1030 addam,
1152 988 1240 1027 quod
1256 990 1287 1018 in
1303 989 1331 1019 d.
1350 989 1370 1020 l.
1381 1001 1411 1029 5.
1428 991 1610 1025 Marcianus
1626 1004 1690 1025 non
1709 995 1811 1026 minus
1822 995 1878 1025 ob-

1005 1027 1160 1066 ser-vavrt,
1181 1027 1335 1069 singulare
1351 1030 1413 1062 ess'e
1429 1031 1496 1063 hoc
1509 1033 1661 1066 Hadriani
1680 1035 1856 1067 Decretum
1868 1058 1879 1075 ‚

1005 1070 1145 1109 ideoque
1169 1078 1234 1101 non
1259 1071 1449 1104 trahendum
1471 1075 1510 1105 ad
1526 1075 1787 1117 consequentiam
1806 1086 1880 1117 pro·

1006 1110 1099 1142 bibiti
1119 1110 1272 1142 sublative
1282 1114 1476 1152 generaliter
1488 1116 1561 1155 juris
1577 1119 1710 1149 necandi
1728 1117 1794 1149 filii.
1825 1118 1880 1149 Vi-

1007 1152 1078 1183 disti
1095 1159 1129 1183 tu
1147 1161 1276 1193 quoque
1293 1154 1358 1185 hoc
1373 1155 1402 1187 cl.
1419 1155 1476 1187 loco
1493 1180 1502 1195 ,
1528 1156 1585 1188 Vir
1601 1157 1793 1198 Clariffimc,
1816 1166 1880 1191 tam

1006 1203 1102 1232 vere,
1117 1201 1211 1233 quam
1228 1194 1408 1235 ingeniose:
1425 1197 1524 1229 latere
1538 1206 1642 1230 autern
1654 1199 1880 1240 Bynkerslioe·

1006 1234 1061 1265 kio
1077 1244 1144 1266 uon
1161 1235 1292 1273 debuit,
1309 1246 1373 1268 non
1392 1238 1520 1279 vulgare
1536 1237 1628 1270 fuisse
1644 1242 1741 1280 patris
1757 1241 1878 1273 crimen

1005 1275 1094 1317 Lege
1110 1275 1260 1308 Cornelia
1276 1277 1419 1311 illicitum
1434 1280 1718 1322 prohibitumque:
1736 1281 1778 1313 sic
1795 1283 1881 1314 enim

1005 1327 1055 1348 res
1076 1316 1184 1349 fuisset
1200 1319 1366 1351 ordinariae
1384 1322 1580 1362 cognitionis
1604 1323 1765 1362 Praefidis‚
1789 1323 1880 1355 verbi

1004 1359 1121 1400 gratia,
1146 1359 1290 1392 habentis
1314 1360 1409 1403 Legis
1433 1363 1526 1395 clarae
1549 1372 1587 1395 ac
1605 1371 1702 1396 certae
1717 1366 1888 1396 executio-.

1005 1410 1089 1431 nem.
1118 1400 1214 1432 Nunc
1229 1403 1380 1435 atrocitas
1396 1413 1481 1436 nova
1495 1413 1592 1446 atque
1609 1406 1768 1446 inaudita,
1793 1415 1883 1448 egre-

1005 1442 1150 1474 diebatur
1165 1444 1297 1474 modum
1308 1444 1362 1476 fini
1374 1443 1468 1487 Legis
1485 1448 1753 1480 convenientem:
1770 1448 1813 1479 ita
1828 1457 1883 1479 ne-

1005 1482 1131 1514 cessaria
1154 1492 1221 1515 erat
1237 1484 1393 1526 Principis
1412 1487 1575 1527 majestas,
1600 1488 1698 1520 libera
1713 1489 1881 1530 &legibus

1005 1525 1116 1556 soluta.
1161 1524 1243 1557 Nam
1263 1535 1370 1567 pater,
1393 1527 1566 1560 secundum
1583 1529 1686 1570 Leges
1706 1529 1883 1562 Romuli&

1005 1566 1191 1598 Duodecim
1214 1566 1430 1608 Tabularum,
1453 1570 1485 1601 in
1507 1569 1608 1602 filium
1626 1570 1746 1602 habens
1761 1572 1810 1611 J’us
1825 1580 1883 1602 ne-

1005 1608 1050 1639 cis
1062 1630 1072 1647 ,
1090 1617 1163 1639 cum
1182 1609 1325 1640 adulterii
1338 1611 1369 1642 in
1386 1620 1561 1643 novercam
1577 1612 1779 1644 manifestum
1797 1612 1883 1644 occi-

1006 1650 1073 1682 dit:
1090 1659 1154 1681 non
1174 1651 1213 1681 de
1229 1650 1360 1682 consilio
1378 1653 1553 1684 amicorum
1564 1677 1573 1691 ‚
1589 1657 1656 1686 non
1672 1654 1769 1686 etia-tn
1783 1653 1884 1694 impe-

1007 1700 1041 1722 tu
1057 1692 1178 1722 doloris
1194 1692 1225 1722 in
1243 1694 1441 1725 continenti:
1458 1694 1509 1726 sed
1527 1695 1713 1727 diffimulata
1727 1695 1771 1727 ira
1785 1701 1881 1736 atque

1006 1733 1139 1773 injuria,
1161 1734 1294 1773 peflimo
1319 1737 1471 1774 exemplo
1488 1744 1499 1772 ,¹
1521 1736 1660 1767 instituta
1688 1736 1882 1776 venatione,

1007 1774 1090 1814 quasi
1101 1775 1152 1806 illa
1167 1773 1197 1805 se
1205 1774 1370 1816 filiumque
1379 1777 1615 1816 oblectaturus,
1632 1778 1772 1819 denique
1787 1782 1884 1810 occa-

1008 1815 1114 1854 sione,
1133 1824 1296 1856 tempore,
1317 1818 1412 1857 loco,
1432 1818 1470 1850 ad
1487 1819 1708 1851 crudelitatem
1726 1826 1883 1861 opportu-

1009 1866 1073 1893 n0,
1090 1857 1120 1888 in
1136 1857 1242 1889 silvam
1258 1867 1294 1888 ae
1311 1857 1513 1892 solitudinem
1528 1861 1716 1900 abductum,
1732 1870 1794 1893 nec
1803 1861 1882 1901 qui'd

1007 1898 1080 1930 mali
1104 1897 1333 1939 suspicantem,
1356 1901 1522 1933 interfecit
1544 1903 1574 1933 in
1596 1912 1720 1935 rnorem
1737 1900 1883 1935 latronis.

1007 1939 1085 1973 Hoc
1095 1949 1159 1972 non
1176 1949 1243 1971 erat
1258 1942 1385 1981 pietatis
1402 1951 1495 1983 quam
1509 1942 1615 1975 Lexin
1631 1953 1722 1983 patre
1737 1944 1884 1985 praesum·

1009 1980 1130 2022 pserat‚
1146 1991 1219 2013 cum
1241 1984 1270 2013 ei
1287 1984 1375 2015 daret
1388 1984 1436 2024 jus
1456 1985 1561 2017 necis:
1583 1985 1635 2017 sed
1649 1990 1717 2017 erat
1731 1987 1881 2017 atrocitzn

1010 2024 1067 2060 tis,
1091 2023 1142 2055 vel
1166 2024 1247 2063 patri
1271 2022 1359 2065 Lege
1382 2034 1500 2057 naturae
1521 2027 1716 2065 interdiCtae;
1741 2028 1881 2067 ided'q'ue

1009 2064 1066 2096 etsi
1088 2063 1212 2106 Legum
1237 2064 1410 2097 subtilitate
1437 2066 1565 2106 poterat
1589 2069 1720 2107 imp'une
1735 2069 1881 2101 admitti:

1009 2106 1120 2138 debuit
1145 2115 1203 2145 pro
1228 2107 1401 2138 latrocinio
1418 2117 1514 2149 poena
1530 2108 1626 2151 Legis
1644 2109 1805 2142 Corneliae
1822 2114 1880 2151 pu-

1007 2148 1076 2178 niri.
1121 2147 1149 2179 A
1173 2148 1265 2186 quo?
1287 2157 1304 2178 a
1322 2148 1480 2190 Principe.
1511 2159 1549 2182 an
1567 2160 1584 2182 a
1600 2150 1786 2192 Magistratu
1806 2156 1884 2192 quo-

1008 2198 1089 2229 que,
1106 2189 1257 2226 Praeside,
1276 2189 1364 2220 verbi
1379 2191 1506 2231 gratia?
1525 2199 1602 2224 non.
1628 2193 1725 2234 Atqui
1737 2200 1804 2224 erat
1821 2202 1881 2223 eae-

1008 2232 1064 2261 des
1082 2238 1175 2260 atrox
1194 2229 1224 2260 &
1239 2239 1256 2260 a
1271 2231 1368 2270 patris
1383 2232 1502 2269 pietate
1519 2234 1684 2265 recedens.
1712 2234 1776 2266 Sed
1792 2241 1882 2274 pater

1008 2271 1148 2311 Legibus
1164 2270 1294 2302 Romuli
1312 2271 1342 2303 u&
1360 2271 1544 2306 Duodecim
1559 2274 1755 2307 Tabularum
1773 2276 1804 2305 in
1821 2274 1881 2307 fili>-

1007 2322 1060 2343 um
1084 2312 1220 2343 habebat
1239 2312 1288 2352 jus
1310 2314 1397 2345 necis
1420 2314 1485 2346 sine
1508 2315 1618 2347 fine&
1637 2317 1754 2348 modo:
1778 2315 1881 2356 iistiue

1008 2353 1143 2393 Legibus
1158 2353 1319 2386 adstrictus
1334 2360 1402 2386 erat
1416 2355 1629 2397 Magistratus.
1653 2356 1782 2389 Utinam
1798 2356 1887 2396 lianc

1006 2394 1162 2426 Marciani
1177 2394 1434 2429 observationem
1444 2398 1527 2429 duc‘e
1544 2405 1576 2429 te
1587 2422 1596 2436 ‚
1616 2397 1673 2429 Vir
1685 2398 1879 2437 Clariffiisse‘,

1006 2436 1130 2468 secutus
1152 2435 1230 2468 esset
1253 2434 1417 2469 Dominus
1439 2437 1599 2471 Senator!
1624 2440 1772 2480 ignorare
1795 2441 1881 2472 enim

1006 2485 1073 2509 non
1088 2477 1219 2517 debuit,
1233 2478 1381 2510 intereffe
1398 2479 1481 2511 inter
1497 2480 1701 2521 Magistratus
1718 2482 1748 2513 &
1763 2481 1885 2513 Princi-

1006 2519 1055 2559 pis
1081 2520 1320 2560 cognitionem:
1343 2521 1474 2552 alteram
1499 2521 1623 2564 legibus
1647 2522 1782 2563 servire3
1805 2521 1899 2555 alte-⁹

1006 2569 1072 2592 ram
1095 2560 1134 2590 ab
1161 2561 1222 2592 illis
1236 2561 1367 2593 liberam
1386 2561 1466 2593 esse:
1487 2562 1767 2605 ideoquepatr‘em
1782 2565 1881 2596 altera

1008 2600 1148 2633 debuisse
1156 2601 1275 2633 absolvi
1285 2613 1296 2641 3
1309 2603 1405 2634 altera
1413 2603 1550 2643 potuisse
1558 2606 1784 2638 condemnari:
1795 2607 1882 2638 Mara

1007 2644 1134 2674 cinnum
1159 2650 1265 2674 autem
1289 2644 1321 2674 in
1338 2644 1366 2675 d.
1383 2644 1402 2675 l.
1420 2655 1450 2686 5.
1475 2648 1540 2677 non
1561 2645 1652 2678 ffliffe
1670 2647 1710 2679 de
1726 2647 1879 2687 Pr'aeside,

1006 2683 1061 2715 sed
1076 2684 1116 2717 de
1131 2683 1300 2725 Principe,
1323 2685 1484 2718 locutu'mz
1507 2688 1634 2728 quando
1654 2688 1695 2720 sic
1710 2690 1772 2728 ait,
1798 2689 1881 2721 Cum

1008 2726 1040 2756 in
1058 2726 1230 2757 venatione
1246 2725 1346 2758 filium
1360 2726 1449 2760 suum
1473 2729 1599 2769 qnidam
1614 2734 1803 2770 necaverat,
1827 2730 1881 2770 qui

1007 2775 1181 2798 novercam
1201 2767 1415 2801 adulterabat:
1438 2778 1502 2801 non
1524 2770 1627 2803 fertur
1647 2772 1761 2814 aliquis
1778 2771 1881 2811 Magi-

1007 2807 1138 2846 stratus,
1161 2807 1213 2846 sed
1237 2807 1340 2841 fertur
1363 2808 1469 2842 Divus
1491 2810 1670 2846 Hadrianus
1693 2815 1723 2845 in
1750 2812 1881 2844 insulam

1008 2858 1081 2880 eum
1104 2849 1293 2890 deportasse.
1323 2859 1418 2891 quam
1442 2852 1602 2886 obrem?
1625 2855 1808 2886 Marcianus
1824 2861 1881 2893 pu-

1008 2895 1072 2922 tat:
1097 2891 1186 2932 quod
1213 2898 1248 2922 ut
1268 2892 1368 2933 patria
1383 2893 1523 2935 p'o'testas
1547 2896 1815 2935 complecteretur
1830 2893 1880 2932 jus

1008 2932 1114 2963 necis:
1137 2931 1190 2963 hic
1207 2933 1411 2973 patet-'filium
1425 2935 1526 2978 mag‘is
1542 2937 1690 2974 latronis,
1716 2943 1809 2975 quam
1827 2942 1880 2974 pa-

1007 2973 1063 3003 tris
1080 2973 1149 3013 jure
1162 2973 1341 3008 interfecit:
1358 2978 1579 3017 patria'antem
1598 2976 1757 3017 potestas,
1773 2981 1808 3006 ut
1822 2983 1879 3015 pu-

1009 3014 1096 3044 tabat
1118 3013 1288 3057 Princeps]
1311 3018 1376 3050 non
1400 3018 1496 3061 ipsam
1522 3019 1666 3059 Legem,
1689 3015 1741 3047 scd
1759 3016 1825 3061 eius
1843 3015 1878 3047 fi-

1008 3056 1081 3086 nem
1104 3053 1299 3098 secutussin
1323 3060 1444 3101 pietate
1467 3060 1589 3098 debet,
1618 3067 1684 3090 non
1706 3056 1877 3090 atrocitate

1009 3096 1188 3130 consistere.
1859 3100 1861 3103 ’

1047 3137 1207 3172 Hactenus
1225 3139 1367 3182 Epistola
1387 3142 1491 3175 Amici
1508 3141 1621 3172 eruditi
1641 3141 1671 3172 ἂ
1688 3138 1774 3181 digni
1791 3139 1880 3181 cujus

1007 3179 1154 3212 laudabili
1179 3181 1283 3215 studio
1307 3183 1591 3224 Jurisprudentiam
1614 3182 1694 3214 intra
1719 3183 1877 3225 sincerita-

1007 3223 1072 3255 tem
1086 3223 1264 3262 retinendi,
1287 3225 1404 3257 merito
1421 3225 1487 3263 (ἠως
1515 3223 1644 3255 nomine
1659 3224 1778 3265 gratias
1789 3229 1879 3268 agam

1112 3263 1147 3306 Q
1161 3273 1181 3305 q
1197 3274 1217 3306 <1
1241 3275 1259 3305 3
1779 3272 1878 3295 maxi·
