2036 3495
171 92 243 132 506

168 177 361 212 secraretur‚
384 175 423 205 ab
439 180 545 212 eoque
566 167 691 202 studiosi
711 169 845 208 juvenes
869 166 1044 207 Papiniani-

170 219 226 250 stae
242 218 338 249 tertio
354 216 498 246 laborum
508 221 592 243 anno
601 208 861 249 appellarentur?
881 207 956 248 Ejus
967 217 1045 248 quo-

171 269 234 300 que
256 258 382 289 auditor
414 254 578 285 Domitius
604 250 779 290 Ulpianus,
802 249 974 281 Alexandri
990 249 1044 278 Se-

172 300 238 331 veri
257 307 363 334 tutor,
387 294 541 329 Asseffor,
567 291 739 324 Praefectus
754 291 931 327 Praetorio,
957 290 1044 329 cujus

170 341 265 372 etiam
285 340 314 369 in
332 337 509 373 conviviis,
526 343 556 365 i’n
569 333 706 370 balneis,
726 333 757 363 iri
775 332 1045 363 ambulationibus

170 380 285 412 eruditi
305 379 484 416 sermones,
508 377 537 407 &
557 373 681 406 eximiae
704 373 877 404 verborum
901 373 1045 404 oblerva·

173 423 279 453 tiones
304 420 470 451 laudantur
487 442 496 456 ‚
520 426 629 448 nonne
653 416 715 446 late
740 423 877 455 patentis
901 414 1046 454 imperii,

171 461 345 494 monstrosa
362 459 564 501 Heliogabali
581 457 741 497 nequitia,
759 455 925 494 socordia,
949 455 1046 495 turpi-

171 504 282 534 tudine
294 512 357 534 non
376 501 510 533 labentis
523 524 531 536 ,
549 499 599 530 scd
617 498 805 537 prae'cipitis,
823 497 948 538 pondus
965 497 1047 527 lusti-

171 545 256 583 nuit,
277 545 305 576 &
323 551 464 575 veterem
491 541 685 580 disciplinam
710 548 827 580 magno
844 539 972 576 animo,
994 546 1046 577 pa-

171 585 440 626 rique-sapientia
465 583 591 624 optimo
616 581 748 622 publico
772 579 933 611 restituit?
957 587 1047 609 certe

171 628 356 660 Alexander
366 636 406 657 eo
416 631 503 666 quod
516 623 643 662 Ulpiani
655 621 787 653 consilio
798 629 958 659 uteretur,
971 619 1048 651 fuis-

171 669 203 700 se
220 668 356 701 summus
374 668 552 706 Imperator
563 672 757 696 memoratur
791 662 853 694 Sed
870 671 954 702 ego,
971 671 1049 702 quo-

171 711 231 742 ties
247 718 301 742 aut
319 710 374 740 viri
391 709 473 740 illius
488 716 540 739 aut
558 713 750 737 caeterorum
763 703 954 745 Fragmenta
970 703 1050 744 legi,

172 752 250 792 quid
264 752 399 792 primum
412 773 421 787 ,
441 750 516 789 quid
533 747 747 788 postremum,
765 747 841 786 quid
861 745 949 786 plus,
974 745 1049 784 quid

172 794 277 826 minus
294 793 482 830 admirarer,
501 800 563 821 tion
583 790 702 821 inveni.
727 787 909 828 quaerebam
926 787 957 817 in
978 787 1048 818 stilo

172 835 385 876 elegantiam,
408 832 663 872 simplicitatem,
687 828 902 869 dignitatem?
927 828 969 859 uii
994 837 1049 866 po-

171 883 255 908 terat
271 876 462 915 elegantius,
478 873 667 914 simplicius,
683 871 807 913 gravius
818 869 937 901 haberi.
955 868 1046 900 setta-

171 918 227 949 bar
256 918 287 949 in
318 915 559 956 interpretando
579 937 588 952 ‚
618 912 874 954 disputandoque
899 909 1048 942 subtilita—

171 967 258 998 tem,
277 958 475 998 prudentiam
487 980 496 995 ,
513 955 695 988 industriam
707 977 716 993 ,
732 954 979 991 humanitatem,
996 962 1047 982 ve-

169 1001 354 1033 recundiam
368 1000 385 1031 ¹?
407 999 521 1030 dubius
544 1006 629 1030 eram
647 1005 708 1035 qua
730 997 849 1026 virtute
866 1003 903 1025 ac
918 994 1049 1025 faculta-

172 1049 205 1073 te
224 1042 302 1073 tanti
321 1041 401 1079 viri,
418 1048 468 1071 tot
479 1039 617 1081 negotiis
632 1037 778 1076 impliciti
795 1036 985 1078 potissimum
998 1045 1047 1065 va-

171 1085 286 1116 lerent.
305 1084 387 1114 adeo
407 1091 471 1114 non
486 1081 608 1121 judicio
625 1079 784 1115 doctrina,
810 1086 915 1117 neque
934 1076 1048 1108 doctri-

169 1135 218 1157 nae
240 1124 356 1165 justitia
380 1132 434 1154 aut
456 1121 676 1164 providentia,
700 1128 804 1159 neque
828 1119 876 1149 his
900 1118 1049 1150 omnibus

169 1166 324 1198 modestia
337 1189 346 1203 ‚
365 1175 460 1203 cura,
479 1173 515 1195 ac
533 1163 695 1204 diligentia
714 1161 860 1192 cedebat.
885 1159 1046 1200 postremo

170 1208 248 1249 quid
272 1207 478 1244 dissimulem,
503 1205 603 1237 Videri
629 1203 705 1234 mihi
730 1204 770 1234 de
795 1202 880 1233 coelo
898 1200 1047 1232 demissos

169 1250 222 1290 qui
249 1249 368 1289 publici
393 1248 573 1288 privatique
590 1245 670 1286 Juris
687 1244 854 1282 custodes,
878 1252 915 1274 an
940 1242 1048 1274 condi-

172 1299 260 1322 tores
279 1289 406 1321 essent?

214 1331 407 1371 Simpliciter
427 1332 561 1370 loquor,
578 1338 642 1359 non
660 1326 795 1368 jactandi
813 1324 919 1362 causa,
940 1333 1047 1365 neque

170 1383 237 1415 quo
255 1373 379 1404 laudem
398 1373 483 1403 viros
501 1370 736 1402 laudatiffirnos.
761 1368 829 1399 sunt
845 1368 888 1398 illi
906 1366 955 1396 sua
971 1375 1046 1397 con-

170 1415 251 1446 tenti
268 1413 361 1445 sama.
392 1422 461 1444 mea
479 1420 544 1443 non
562 1419 659 1451 egent
674 1409 967 1441 commendatione.
991 1416 1044 1438 vo·

168 1456 212 1488 lui
242 1464 363 1486 tantum
381 1455 521 1485 indicate
539 1459 687 1483 tenorem
705 1451 878 1490 diseiplinae
897 1458 958 1489 qua
976 1448 1047 1489 post

171 1505 221 1529 tot
244 1496 367 1533 secula,
392 1504 465 1525 cum
491 1502 596 1532 neque
621 1492 666 1524 est
681 1493 818 1533 pretium
835 1491 1046 1528 adulationis,

169 1539 199 1570 ὅ(
216 1537 312 1568 cessat
329 1536 456 1567 invidia:
473 1534 561 1565 causa
573 1557 582 1572 ,
598 1533 759 1565 servarunt
775 1532 934 1574 sapientiae
950 1540 1046 1572 atque

169 1579 357 1610 eruditionis
374 1577 518 1618 gloriam.
542 1586 559 1607 a
578 1585 639 1616 qua
657 1575 724 1605 haec
742 1583 818 1605 aetas
835 1583 929 1614 quam
951 1574 1046 1613 longe

169 1619 278 1651 abest!
297 1627 399 1650 utrum
426 1626 549 1656 rerum,
574 1627 612 1648 an
635 1616 744 1648 nostro
762 1615 869 1647 vitio?
892 1616 980 1656 piget
1001 1615 1044 1646 di-

169 1670 261 1693 cere:
277 1659 322 1692 est
340 1668 446 1692 tamen
463 1659 645 1690 dicendum.
668 1666 784 1698 quotus
804 1658 889 1688 enim
907 1658 1044 1697 quisque

168 1705 207 1734 ad
232 1701 368 1734 Civilem
397 1701 599 1733 Prudentiam
625 1700 688 1731 hoc
713 1707 803 1730 tenet
828 1699 914 1734 iter,
938 1707 992 1729 aut
1015 1697 1045 1728 se

166 1745 233 1776 hoc
251 1744 392 1784 impetu,
419 1742 448 1774 &
467 1741 701 1783 perseverantia
726 1739 865 1771 movet?
889 1738 975 1770 Olim
993 1739 1045 1770 illa

167 1786 222 1818 ubi
247 1785 392 1816 omnium
419 1784 523 1815 oculis
547 1792 644 1823 atque
659 1782 770 1813 animis
788 1782 916 1822 angusta
936 1781 964 1812 ὅ(
978 1790 1045 1811 rma-

166 1825 283 1869 gnifica
305 1826 514 1863 occurrebat=3
537 1824 566 1855 &
585 1824 752 1856 videbatui·
769 1824 874 1862 domi3
899 1822 988 1853 velut
1005 1831 1046 1853 ex

170 1869 325 1906 oraculo,
349 1867 559 1908 respondeum
583 1867 613 1897 in
636 1865 712 1897 foro
737 1874 809 1896 cum
832 1864 1045 1896 admiratione

168 1909 267 1949 stare3
291 1910 321 1941 in
337 1910 462 1950 judiciis
485 1916 538 1939 aut
561 1906 771 1939 tribunalibus
795 1915 868 1937 cum
890 1906 1045 1946 dignitate

168 1952 310 1983 adlidere
327 1960 380 1982 aut
396 1949 633 1991 praefitiere31s&
649 1949 679 1979 in
701 1948 812 1988 Populi
831 1947 990 1985 comitiis,
1013 1947 1044 1978 in

168 1994 283 2024 Senatu
297 1993 353 2031 siu
372 1989 716 2032 Principumconciliis
734 1996 851 2029 quanta
861 1997 935 2019 cum
952 1989 1045 2028 maje-

167 2033 247 2066 state
268 2044 331 2065 non
347 2035 410 2074 J'am
428 2037 467 2064 de
485 2033 575 2064 unius
592 2032 751 2069 hominis,
775 2030 957 2070 municipii,
974 2039 1045 2068 pro-

169 2077 280 2106 vinciae
305 2075 414 2114 causa,
438 2074 490 2106 sed
512 2074 673 2105 de‘totius
687 2072 810 2112 imperii
829 2072 894 2110 jure
911 2071 1044 2110 publico

168 2126 205 2148 ac
220 2117 345 2156 privato
357 2140 367 2155 ,
383 2117 414 2147 id
432 2115 496 2153 est,
513 2117 553 2146 de
570 2115 697 2146 humani
715 2112 838 2154 generis
858 2111 955 2144 salute
970 2121 1044 2143 cen-

166 2158 254 2190 sere:
280 2160 438 2197 optimum
465 2166 628 2198 quemque
645 2165 682 2186 ac
701 2155 811 2196 gloria:
828 2155 966 2186 maxime
983 2153 1045 2184 iiuss

166 2200 301 2232 diosum'
317 2199 356 2229 ad
382 2199 422 2228 sui
449 2198 690 2229 venerationem
707 2195 924 2229 accendebat:
950 2195 978 2226 ei
996 2194 1043 2226 fu-

167 2250 237 2273 tura
256 2244 320 2272 non'
341 2240 443 2271 mitius
460 2247 671 2276 ornamentO,
686 2247 781 2278 quam
799 2238 953 2276 maiorum
971 2237 1045 2268 ima-

166 2284 256 2324 gines
279 2283 309 2313 &
332 2282 457 2312 curules
475 2280 552 2321 gesti
569 2280 775 2321 magistratus.
824 2277 919 2309 Nunc
935 2277 1042 2310 defor-

166 2325 245 2362 mis,
261 2325 373 2364 inops,
390 2323 492 2361 nuda,
511 2323 537 2353 dt
552 2323 823 2362 pannisannisque
840 2318 960 2358 obsita,
977 2329 1043 2351 non

167 2373 310 2396 veterem
331 2364 537 2404 dignitatem,
562 2372 626 2394 non
644 2364 874 2404 ingenuitatem
891 2360 962 2393 satis
978 2370 1044 2392 tue-

168 2414 237 2439 tur:
262 2406 357 2447 magis
378 2408 417 2436 ad
437 2405 638 2446 quotidianas
664 2412 811 2444 capturas
834 2402 1044 2443 prostituitur.

166 2449 315 2479 miramur
338 2447 447 2487 igitur,
469 2456 564 2486 oeque
589 2446 681 2478 bonis
706 2453 803 2485 atque
822 2444 945 2485 ignavis
969 2445 1044 2476 vile·

165 2488 272 2528 scere;
296 2497 484 2528 tantumque
503 2488 626 2527 plebeia
643 2487 822 2518 humilitate
839 2484 985 2517 censeri?

175 2540 183 2544 ·
212 2530 275 2560 Seu
289 2537 353 2570 ‘ego
366 2553 375 2568 ,
401 2531 424 2560 A
439 2532 483 2567 A,
502 2528 662 2560 h'an‘cresse
679 2528 818 2567 conjicio
834 2527 956 2559 causam
972 2536 1044 2558 cor-

166 2572 537 2611 rupdae'junsprudetitiae
548 2571 678 2611 primam
690 2578 725 2600 ac
736 2569 926 2609 praecipuam
937 2579 944 2599 :
957 2568 1044 2609 quod

165 2612 273 2654 p'affim
292 2614 467 2649 credimus,
487 2612 548 2643 effe
565 2611 762 2653 ignobilem3
782 2609 1043 2648 &jurisconsulti

168 2652 356 2694 amplissimo
372 2656 504 2685 nomine
518 2663 582 2685 non
602 2652 798 2693 designamus
817 2652 905 2683 illum
923 2651 1043 2682 divina-

166 2698 234 2728 rum
253 2695 523 2734 humanarumque
538 2702 642 2726 rerum
660 2695 829 2735 sapientem
840 2715 850 2731 ,
861 2693 890 2724 &
906 2693 1043 2733 publicis

166 2736 364 2779 privatisque
398 2737 534 2775 negotiis
565 2737 712 2777 gerendis
741 2735 851 2766 utilem
877 2743 974 2774 atque
994 2743 1043 2765 ac-

166 2778 429 2814 eommh'da'tum3
452 2775 504 2807 sed
527 2776 717 2809 causidicum
743 2776 851 2808 nescio
872 2784 969 2816 quem
986 2775 1042 2807 fibi

166 2829 208 2852 ex
232 2817 365 2851 obscura
392 2818 420 2847 ὅ(
449 2818 535 2847 tenui
553 2817 684 2849 scientia
703 2827 768 2849 non
785 2819 963 2855 honorem,
986 2816 1040 2848 sed

166 2860 339 2903 praesertim
365 2859 489 2898 exiguae
514 2859 767 2891 emolumentum
792 2860 949 2890 mercedis
966 2868 1039 2898 pro-

165 2902 353 2945 ponentem.
379 2901 432 2940 qui
455 2898 496 2930 fic
523 2899 724 2937 imbuuntur,
747 2900 905 2939 possintne
931 2901 961 2931 hi
984 2900 1040 2932 fibi

165 2944 370 2986 permittere:
394 2950 434 2972 ne
450 2941 489 2971 ad
505 2939 787 2979 jurisprudentiam
808 2941 891 2982 quafi
911 2943 950 2973 ad
967 2941 1040 2973 arti-

165 2985 273 3017 ficium
299 2983 460 3014 sordidum
476 2989 572 3021 atque
593 2981 743 3013 illiberale
760 2983 940 3015 accedant?
964 2991 1040 3014 utve

166 3036 236 3059 caim
261 3024 351 3056 velut
373 3023 509 3065 publicae
533 3022 563 3053 &
588 3031 647 3061 pro
666 3023 833 3054 hominum
854 3026 987 3066 ingeniis
1002 3033 1040 3055 ac

164 3067 347 3108 temporum
373 3064 591 3097 occafionibus
613 3064 771 3094 mutabilis
794 3065 823 3096 δι
841 3069 934 3097 variae
953 3067 1036 3098 utili-

165 3111 237 3141 tatis
253 3107 497 3148 intelligentiam
509 3128 518 3144 ,
537 3112 572 3136 ut
587 3106 702 3143 decet,
721 3114 776 3144 per
791 3114 918 3144 aetates,
942 3117 1038 3147 atque

164 3148 364 3183 ifrcrtmenta
391 3147 605 3189 distinguant:
638 3155 730 3185 quam
761 3147 923 3177 intuentur
949 3151 1038 3180 velut

163 3193 302 3226 imbrem
324 3191 364 3223 de
389 3190 476 3223 coelo
500 3188 617 3224 eodem
639 3186 802 3228 delapsum
819 3187 961 3227 impetu,
984 3197 1038 3222 aut

758 82 1070 116 GERARDI
1117 77 1351 114 Noonr

1089 173 1248 208 tamquam
1267 167 1402 208 fungum
1419 176 1437 198 e
1456 174 1539 198 tei-ra
1554 174 1662 199 natum
1680 170 1823 209 proxima
1840 171 1962 204 noste?

1089 208 1164 239 hine
1180 217 1254 240 ante
1268 233 1278 247 ‚
1302 218 1394 248 quam
1413 208 1548 240 audituri
1568 209 1682 247 Populi
1705 210 1837 243 Romani
1856 213 1961 254 leges,

1087 251 1226 281 animum
1243 250 1273 281 ὅ(
1302 250 1409 290 pectus
1427 250 1582 289 impleant
1603 250 1711 281 studiis
1734 251 1893 291 sapientia:
1917 263 1962 285 at-

1088 299 1149 330 que
1167 291 1369 323 humanitatis
1381 315 1390 330 ‚
1414 299 1468 322 aut
1492 291 1603 331 peritia
1617 292 1692 331 juris
1708 302 1825 324 naturae
1843 295 1872 326 ἀ
1886 305 1963 335 gen-

1089 331 1194 363 tium?
1219 333 1292 364 hine
1315 335 1345 364 iti
1364 331 1608 374 cognoscendos
1637 331 1731 365 Urbis
1757 344 1861 365 mores
1875 346 1964 368 vete-

1090 382 1158 411 res,
1182 375 1399 412 recentiores,
1420 374 1586 414 publicos,
1605 375 1765 413 privatos,
1784 385 1879 416 mque
1897 378 1963 409 edi-

1091 412 1241 446 scendum
1268 415 1419 447 sermonis
1447 414 1551 446 Latini
1573 421 1659 447 ulum
1677 425 1715 447 ac
1732 419 1963 457 proprietatem

1092 455 1251 487 tantillum
1269 457 1554 497 oleiimpendant‘?
1572 458 1646 488 hine
1663 457 1691 488 se
1708 467 1886 498 praeparent
1901 459 1962 495 fic:

1092 505 1126 527 ut
1151 497 1269 543 ausint,
1292 500 1332 529 de
1355 498 1416 538 ipsa
1435 498 1576 538 judicare
1599 500 1852 539 Jurisprudentia
1868 501 1885 532 ¹?
1909 510 1964 541 ut,

1091 547 1156 584 non
1171 540 1274 570 dicam
1290 539 1519 578 interpretibus
1536 540 1658 578 tiociis,
1675 541 1831 579 indoctis,
1851 541 1902 573 sed
1921 552 1965 583 ip-

1091 580 1128 610 iis
1146 579 1226 626 Juris
1243 580 1434 612 Architectis
1451 581 1492 612 de
1518 583 1654 613 veritate
1676 590 1809 614 movere
1833 592 1965 615 contro-

1093 622 1224 652 versiam
1241 620 1432 653 sustineant?
1448 631 1513 653 non
1530 621 1660 654 facient.
1678 633 1745 654 imo
1760 630 1967 663 quemadmo-

1094 662 1168 693 dum
1186 663 1224 693 ad
1243 663 1297 693 has
1319 663 1401 693 illoti
1427 672 1522 703 atque
1547 664 1657 695 inculti
1676 668 1852 697 acet-dunt:
1876 668 1918 697 ita
1936 667 1965 698 se

1095 704 1187 735 valde
1203 703 1346 735 eruditos
1363 705 1539 745 beatosque
1557 705 1752 744 existimant,
1769 707 1790 738 si
1809 717 1878 742 oute
1896 708 1966 739 bre-

1092 747 1142 776 via
1168 746 1252 776 Artis
1275 746 1468 785 compendia
1495 746 1548 777 vix
1576 748 1904 789 comprthenderint3
1936 750 1966 781 ἂ·

1093 786 1317 818 definitionum
1335 795 1371 817 ac
1389 787 1596 826 partitionum
1613 789 1839 829 actionumque
1857 790 1968 822 solem-

1091 830 1141 859 nia
1159 837 1297 859 carmina
1313 830 1725 871 memoriaemandaverint3
1742 834 1968 871 Artemquela-

1093 878 1126 900 te
1141 869 1338 910 porrectam,
1362 870 1392 900 in
1409 869 1551 909 angustas
1573 871 1719 912 tabellas,
1742 882 1922 912 paucasque
1938 874 1969 905 ὅς

1092 911 1174 951 saepe
1193 912 1316 951 ineptas
1332 909 1522 950 quaestiones
1545 913 1794 947 coaretaverint:
1819 916 1967 956 imperite

1092 951 1231 984 confufis
1247 953 1386 993 legibus,
1411 953 1619 994 moribusque
1634 956 1739 987 omnis
1754 956 1836 995 ioci,
1861 957 1967 988 omnis

1092 996 1170 1032 aevi,
1194 994 1368 1038 Civilibus,
1392 992 1588 1031 Pontificiis,
1612 994 1742 1035 Patriis‚
1763 998 1879 1029 indolis
1897 998 1967 1028 sub-

1090 1037 1166 1067 inde
1190 1035 1321 1068 diveriae
1343 1043 1398 1066 aut
1423 1044 1603 1067 contrarlae.
1643 1037 1821 1077 Caeterum‚
1845 1039 1866 1070 fi
1891 1039 1969 1078 quid

1092 1078 1181 1109 recto
1203 1078 1312 1109 animo
1335 1076 1447 1108 tendat
1465 1077 1504 1107 ad
1521 1077 1638 1118 ingenii
1656 1079 1792 1111 faniam:
1816 1079 1837 1112 fi
1853 1081 1968 1111 nullius

1091 1119 1271 1151 auctoritati
1288 1119 1389 1149 donet
1406 1117 1502 1149 fidem
1517 1117 1797 1160 Jurisprudentiae:
1821 1121 1841 1153 fi
1856 1121 1967 1153 cunfta

1091 1161 1172 1192 serio
1198 1159 1392 1200 cognoscat,
1417 1162 1644 1201 excutiatque,
1667 1161 1808 1194 adhibita
1835 1172 1899 1203 ope
1922 1163 1967 1194 hi-

1090 1201 1212 1241 storiae,
1238 1203 1268 1232 dt
1292 1210 1473 1241 temporum
1499 1201 1677 1233 discrimine
1697 1227 1706 1240 ,
1729 1203 1818 1234 fimul
1843 1205 1966 1235 ratione

1090 1244 1178 1276 civili
1195 1244 1226 1276 &
1243 1243 1393 1274 naturali:
1410 1242 1432 1273 si
1449 1243 1534 1283 leges
1549 1253 1720 1283 moresque
1732 1244 1894 1277 Romanos
1911 1256 1967 1286 po·

1090 1285 1151 1317 tius
1169 1285 1339 1323 Romanis,
1364 1293 1459 1324 quam
1485 1284 1592 1316 nescio
1611 1286 1726 1325 quibus
1745 1288 1918 1328 peregrinis
1936 1287 1966 1318 ὃς

1089 1327 1229 1359 barbaris
1252 1326 1394 1357 moribus
1412 1335 1448 1356 ac
1466 1326 1571 1358 verbis
1589 1328 1839 1368 interpretetur:
1863 1329 1894 1359 id
1915 1338 1967 1359 ne-

1090 1377 1154 1409 que
1175 1368 1236 1400 ess'e
1257 1367 1326 1407 justi
1354 1368 1488 1408 leporis,
1513 1368 1542 1398 ἃ
1566 1367 1648 1399 infra
1665 1370 1854 1409 gravitatem
1871 1370 1966 1407 ⁴luris-

1089 1409 1226 1442 consulti
1243 1408 1432 1448 confistere,
1456 1418 1492 1439 ac
1515 1410 1621 1448 potius
1644 1414 1681 1442 ad
1700 1411 1833 1451 ineptias
1850 1410 1965 1442 Gram-

1088 1452 1196 1484 matici
1219 1460 1273 1482 aut
1291 1450 1475 1490 Philosophi
1500 1452 1655 1482 accedere
1678 1451 1732 1482 {ibi
1756 1452 1963 1492 persuadeat:

1089 1493 1257 1529 multoque
1282 1492 1381 1533 magis
1404 1492 1572 1523 ridiculum
1597 1494 1716 1531 videri,
1741 1493 1760 1524 si
1786 1503 1879 1533 quam
1898 1494 1964 1524 scri·

1090 1544 1190 1575 pturae
1204 1534 1341 1565 formam
1358 1532 1519 1564 absurdam
1531 1535 1891 1573 atqueinextricabilem
1902 1535 1966 1566 exi-

1089 1584 1141 1617 gat
1159 1576 1196 1607 ad
1215 1573 1737 1615 diligentiammanuscriptorum,
1760 1577 1964 1608 editorumve

1088 1619 1208 1649 dudum
1223 1617 1392 1648 librorum:
1409 1614 1429 1646 fi
1451 1615 1558 1655 (quod
1578 1617 1701 1656 majoris
1717 1618 1792 1649 artis
1810 1626 1905 1658 atque
1921 1619 1966 1649 in·

1088 1660 1212 1691 dustriae
1232 1657 1295 1698 est)
1313 1657 1432 1696 ingenii
1454 1656 1610 1688 felicitate
1623 1659 1729 1689 luxata
1743 1658 1903 1698 restituat,
1921 1659 1965 1691 vi-

1088 1702 1164 1732 tiata
1180 1709 1277 1739 atque
1288 1698 1400 1730 affecta
1417 1699 1583 1740 detergeat
1601 1709 1637 1731 ac
1656 1699 1759 1733 sanet:
1775 1700 1965 1742 siSiglorum

1088 1741 1314 1781 Notarumque
1336 1749 1502 1781 aenigmata
1518 1741 1632 1780 quibus
1649 1750 1800 1782 corrupta
1817 1751 1914 1782 atque
1932 1745 1963 1773 ai
2000 1765 2004 1774 ,

1088 1784 1245 1815 dulterata
1261 1791 1334 1814 ante
1351 1782 1379 1813 ἃ
1391 1781 1460 1822 post
1477 1782 1684 1822 justinianum
1701 1783 1793 1815 fuere
1809 1783 1964 1816 Veterum

1089 1824 1220 1865 scripta.
1245 1825 1426 1854 verecunde
1449 1824 1618 1862 conjiciat:
1647 1824 1667 1855 si
1692 1825 1965 1865 interpunffiones

1089 1876 1166 1906 quas
1175 1867 1346 1906 antiquitas
1364 1865 1521 1904 ignoravit
1533 1889 1541 1902 ,
1558 1866 1721 1897 recentior
1730 1876 1805 1898 cura
1822 1867 1966 1905 invenit,

1088 1907 1304 1939 Librariorum
1329 1905 1475 1937 socordia
1501 1905 1581 1946 saepe
1606 1908 1766 1943 turbavit.
1798 1909 1829 1939 in
1855 1909 1963 1939 locum

1089 1949 1176 1980 suum
1194 1948 1278 1989 quasi
1294 1957 1385 1979 manu
1407 1948 1557 1980 reducat:
1574 1947 1593 1979 fi
1610 1948 1742 1989 glossas,
1760 1949 1789 1980 δι
1805 1950 1907 1984 varias,
1919 1949 1963 1980 le-

1089 1991 1212 2022 {tiones
1232 1999 1301 2030 quae
1324 1989 1438 2020 alicubi
1458 1989 1508 2027 vi,
1534 1990 1634 2027 ciam,
1658 1998 1711 2020 aut
1730 1991 1873 2030 precario
1891 1991 1966 2021 irre-

1089 2032 1228 2072 pserint,
1249 2040 1408 2071 tamquam
1432 2030 1605 2061 interdicto
1621 2031 1661 2061 de
1677 2030 1785 2071 injusta
1802 2030 1966 2072 poffeffio-

1089 2083 1129 2105 ne
1147 2073 1289 2112 dejiciat:
1307 2071 1328 2103 fi
1344 2071 1470 2102 lacunas
1488 2081 1562 2111 quas
1581 2072 1676 2112 longa
1687 2081 1858 2112 aeras,quas
1869 2072 1967 2104 Com-

1088 2115 1259 2155 pilatowm
1276 2112 1443 2150 securitas,
1461 2121 1538 2152 quas
1550 2111 1766 2145 Librariorum
1785 2115 1905 2154 ineptia
1920 2113 1965 2146 fe-

1087 2157 1150 2193 c³it‚'
1167 2165 1208 2186 ex
1225 2154 1532 2195 jurisconsultorum
1550 2153 1765 2195 Fragmends,
1782 2164 1834 2186 aut
1850 2154 1963 2187 Theo-

1088 2197 1216 2233 dosiano
1240 2196 1383 2234 Codice,
1407 2202 1460 2226 aut
1484 2194 1673 2227 Graecorum
1691 2197 1880 2228 auetoritate
1896 2196 1963 2237 sup-

1087 2240 1179 2279 pleat·
1199 2246 1297 2278 atque
1322 2238 1479 2269 adducat:
1504 2236 1522 2268 li
1548 2245 1649 2269 totam
1673 2237 1899 2269 Pandetilmrum
1918 2238 1962 2270 fa-

1087 2281 1205 2311 bricam
1224 2280 1460 2320 contemplatus
1473 2302 1481 2315 ,
1500 2278 1579 2317 Juris
1604 2280 1818 2317 mutationes,
1834 2279 1962 2312 inclinai

1087 2322 1248 2352 tioiiesve
1264 2324 1360 2360 a't'que
1386 2321 1582 2351 incrementa
1600 2320 1728 2361 insignia
1746 2321 1773 2352 ἃ
1794 2322 1961 2361 notabilia,·

1087 2370 1154 2394 tum
1173 2372 1242 2403 quae
1260 2362 1380 2394 restent
1396 2360 1546 2392 festarum
1570 2371 1699 2402 pugnae,
1717 2371 1860 2403 quasque
1877 2370 1962 2394 vetu-
1980 2368 1981 2373 ¹

1087 2403 1147 2436 stas
1162 2403 1399 2444 composuerit,
1424 2402 1589 2434 observet:
1607 2403 1627 2435 ss
1644 2406 1673 2435 in
1691 2406 1738 2435 his
1753 2406 1896 2443 quaedam
1913 2404 1962 2444 Ju-

1087 2446 1129 2476 ris
1148 2446 1284 2486 regulis,
1300 2446 1357 2477 alia
1377 2452 1546 2485 praeceptis
1562 2445 1744 2477 accenseat:
1761 2445 1781 2476 fi
1798 2454 1960 2487 argumen-

1088 2494 1118 2517 ta
1135 2496 1151 2517 a
1171 2487 1331 2518 contrario
1354 2496 1451 2524 atque
1467 2496 1483 2516 a
1500 2485 1730 2525 consequentia
1747 2487 1778 2518 in
1801 2484 1961 2527 plerisque

1087 2528 1316 2560 Pandectarum
1342 2528 1442 2565 locis,
1466 2528 1608 2567 itemque
1625 2530 1656 2559 in
1676 2527 1846 2570 Rescriptis
1865 2527 1959 2559 Codii

1087 2570 1132 2600 cis
1151 2568 1219 2601 fieri
1240 2579 1355 2610 praeter
1372 2569 1511 2600 auctoris
1529 2577 1668 2601 mentem
1681 2594 1689 2608 ‚
1717 2578 1822 2610 eoque
1840 2563 1960 2611 faginea-¹

1087 2612 1126 2642 da
1145 2611 1227 2649 esse,
1250 2613 1437 2642 arbitretur:
1462 2609 1483 2641 fi
1499 2611 1641 2641 inveniat
1661 2612 1740 2642 viam
1761 2620 1820 2651 qua
1841 2611 1958 2652 Leges,

1087 2651 1254 2684 Plebiscita
1271 2676 1280 2691 ,
1312 2651 1588 2683 Senatusconsulta
1606 2676 1615 2690 ‚
1654 2652 1827 2684 Praetorum
1854 2650 1959 2691 Edicta*

1087 2695 1291 2733 concinnari,
1308 2694 1337 2724 dt
1354 2693 1402 2724 his
1421 2692 1575 2724 Veterum
1589 2693 1787 2735 Fragmentis
1807 2703 1865 2734 pro
1875 2696 1958 2724 com-¹

1087 2736 1249 2766 mentariis
1267 2758 1277 2772 ,
1300 2736 1402 2774 qualia
1428 2736 1524 2766 multa
1548 2735 1638 2766 fuere
1656 2759 1666 2774 ,
1691 2733 1757 2766 fido
1783 2731 1958 2775 Inscriptioss

1086 2786 1161 2809 num
1181 2777 1303 2808 indicio
1328 2777 1452 2816 aptari3
1476 2776 1571 2807 dubia
1598 2776 1768 2813 constitui3
1790 2772 1960 2816 interpola-⁷

1083 2826 1114 2849 ta
1133 2818 1349 2858 deprehendi:
1364 2817 1492 2853 divulsa
1508 2827 1544 2848 ac
1560 2818 1694 2849 lacerata
1712 2817 1870 2854 conferri,
1891 2817 1962 2856 jun-⁴.

1082 2860 1131 2900 gi,
1156 2859 1304 2897 adunari3
1330 2859 1465 2899 fugitiva
1489 2859 1618 2899 detegi,
1642 2859 1786 2899 iocisque
1809 2858 1866 2889 suis
1890 2851 1961 2888 red)

1083 2902 1140 2933 di:
1165 2910 1225 2941 qua
1251 2901 1391 2940 denique
1419 2900 1524 2941 legum
1558 2900 1729 2931 momenta
1745 2900 1840 2940 magis
1865 2898 1960 2928 rati0³

1084 2952 1144 2981 ne,
1162 2951 1261 2982 >quarn
1285 2942 1376 2981 pictis
1397 2943 1426 2973 in
1449 2942 1568 2981 pariete
1585 2941 1707 2972 nebulis
1729 2942 1879 2981 nugisque
1900 2946 1957 2975 gu·

1083 2983 1206 3015 bernari
1231 2983 1365 3022 possint:
1390 2992 1486 3014 omne
1513 2985 1544 3014 id
1570 2992 1652 3022 pene
1670 2981 1791 3017 nimiae,
1814 2988 1850 3009 ac
1867 2976 1959 3008 mise-¹

1082 3034 1143 3064 rte,
1169 3025 1198 3067 Gt
1216 3024 1318 3056 stuitae
1335 3024 1508 3065 diligentiae
1525 3023 1606 3060 ess'e,
1624 3021 1809 3063 opinantur:
1832 3018 1902 3049 sane
1918 3022 1960 3066 ut:-

1082 3067 1122 3097 ad
1146 3066 1255 3098 verum
1279 3066 1505 3098 admoveatur:
1530 3073 1634 3096 tamen
1661 3064 1762 3098 neque
1783 3067 1885 3100 tutum
1909 3068 1955 3090 Ἧ-

1082 3108 1167 3145 deri,
1190 3116 1295 3143 neque
1311 3107 1363 3138 usu
1386 3108 1514 3144 venire,
1531 3107 1560 3136 ἀ
1576 3102 1795 3136 dediscendum
1815 3100 1897 3138 esse,
1921 3109 1957 3144 ιι..

1081 3148 1114 3180 bi
1138 3158 1178 3180 ex
1204 3149 1312 3179 umbra
1339 3149 1369 3178 in
1389 3148 1486 3179 solem
1510 3148 1539 3178 ἀ
1565 3145 1725 3186 pulverem
1752 3150 1846 3180 atque
1870 3142 1951 3172 adeo

1081 3190 1113 3222 in
1135 3190 1239 3224 aciem
1265 3189 1542 3227 descendendum,
1568 3186 1612 3218 ibi
1625 3183 1718 3215 seculi
1736 3183 1895 3220 moribus,
1922 3182 1951 3212 &

1861 3231 1948 3256 DOVO
