2036 3495
176 107 243 143 332

175 186 285 217 cianus
309 182 385 215 dicit
413 179 585 211 utilitatem
610 184 681 217 quaa
699 174 743 207 est
760 175 926 207 amoenitas
942 174 1051 215 imagi-

176 228 225 260 nis
240 233 293 257 aut
309 224 416 256 statuae
433 227 621 260 opportuno
640 217 715 248 loco
731 215 842 256 pofitae
861 215 1050 247 obleetatio-

179 269 232 306 ni,
247 273 300 298 aut
317 263 411 295 etiam
430 258 657 296 ostentationi,
674 257 695 289 fi
713 267 795 298 quos
811 255 968 288 artificum
987 265 1050 288 ma-

181 318 260 346 nus,
284 305 372 346 quod
391 301 472 342 saepe
488 300 606 339 fiebat,
629 299 668 331 ad
685 299 858 330 videndum
874 298 1054 330 invitabant

181 350 277 380 etiam
294 344 467 385 peregrinis
485 352 524 374 ex
543 342 642 373 locis:
669 339 798 372 auam—e
816 340 921 373 Plinio
936 339 985 370 lib.
1002 343 1052 380 36.

179 389 257 422 Nat.
280 383 359 426 Hzst.
375 395 400 416 c.
418 395 448 425 5.
469 384 500 416 &
517 382 700 420 Cicerone,
718 381 846 413 Verrina
862 391 908 413 ιν.
927 391 952 412 c.
969 392 997 413 2.
1016 380 1053 415 &

199 454 206 462 .
238 437 335 469 quare
357 424 578 458 animofiffime
602 432 734 464 quoque
751 423 1018 463 comparabantur
1036 432 1053 453 a

177 441 318 503 iiuaiofis
333 468 442 500 talium
454 477 462 498 ε
473 475 506 499 ut
520 474 635 506 praeter
644 465 840 497 Ciceronem
853 464 1032 496 dittoloco
1042 486 1052 503 ‚

179 513 219 543 de
243 509 365 542 Caesare
390 508 492 541 refert
512 507 708 544 SuetoniuS,
729 506 813 547 Julio
837 516 861 538 c.
890 515 941 546 47.
965 507 995 537 ὅ(
1013 507 1053 537 de

179 550 378 592 Damasippo
395 550 548 583 Horatius
566 550 612 580 lib.
626 558 655 580 2.
667 548 795 579 Sermo-n.
797 549 857 588 sat.
872 547 985 588 3.vers.
1000 551 1052 586 64.

217 592 296 625 Non
313 593 447 625 minoris
465 591 634 632 elegantiae
649 589 713 628 est,
736 588 758 620 fi
776 589 991 630 intelligatur,
1011 587 1053 619 se-

179 644 282 675 quens
307 633 478 674 Pomponii
504 632 688 672 exemplum
714 630 734 662 l.
753 635 802 665 28.
822 630 865 662 D.
883 632 915 661 de
937 629 1055 669 uszlfru·

181 676 249 716 ctu,
273 676 494 716 Nomismatum
515 682 668 705 aureorum
691 672 738 703 vel
762 677 963 713 argenteorum
978 678 1054 702 vete-

179 728 245 750 rum
260 719 365 759 quihus
375 724 427 755 pro
443 715 563 757 gemmis
587 714 633 745 uti
642 713 757 753 fhlerzt3
781 712 965 753 ususfrutlus
981 713 1055 753 lega-

181 758 313 801 ripotesl.
337 758 399 790 Sed
411 757 533 789 defecit
550 756 582 787 in
599 756 780 796 indagando
798 754 970 794 Pomponii
989 754 1055 785 sen-

178 800 212 833 su
234 800 382 842 sagacitas
404 797 668 830 DoCtiffimorum
685 797 911 837 interpretum.
944 798 1055 836 utique

179 841 366 874 Franciscus
383 840 578 877 Connanus,
594 838 643 869 lib.
661 848 691 876 4.
712 838 789 869 Com.
806 838 870 880 jur.
888 848 912 868 c.
933 846 958 868 1.
977 848 1008 868 n.
1026 847 1055 869 2.

180 882 356 921 Gemmas,
377 882 498 921 inquit,
523 880 577 911 hic
604 887 718 916 vocat,
745 888 821 920 quas
839 889 898 911 nos
917 880 1055 920 imagun-

180 926 266 957 culas
286 933 395 956 aureas
413 923 443 955 &
465 929 632 963 argenteas
649 921 764 961 quibus
781 921 837 952 viri
855 921 893 952 ad
911 921 983 960 pilei
1002 928 1056 952 aut

180 965 277 998 vestis
292 973 441 997 ornatum
454 963 552 996 hodie
569 963 696 995 utimur.
719 961 823 1007 Hugo¹
835 971 966 1002 quoque
986 961 1056 993 Do-

179 1008 306 1047 nellus,
329 1007 408 1039 Com.
429 1006 493 1047 jur.
517 1005 563 1036 lib.
587 1014 632 1037 10.
658 1014 682 1035 c.
701 1013 730 1044 3.
753 1005 785 1034 in
797 1006 856 1044 jin.
880 1004 943 1043 ait,
967 1002 1056 1044 poffe

180 1049 317 1090 relinqui
335 1047 564 1080 usumfructum
586 1044 827 1084 numismatum3
850 1044 870 1076 si
888 1054 981 1076 aurea
997 1045 1057 1076 sint

181 1099 237 1122 aut
262 1096 431 1132 argentea,
456 1089 486 1120 &
510 1088 559 1120 liis
582 1097 643 1129 pro
664 1087 800 1127 gemmis
825 1087 870 1117 uti
894 1085 997 1118 solent
1015 1087 1054 1118 ad

181 1132 257 1174 pilei
267 1140 321 1164 aut
337 1131 432 1164 vestis
448 1138 613 1162 ornatum:
632 1129 773 1168 alioquin
784 1137 848 1159 non
859 1127 966 1169 poffe3
982 1129 1056 1168 quia

179 1174 283 1206 nullus
300 1174 335 1205 sit
354 1181 466 1205 eorum
483 1171 564 1204 usus.
605 1170 682 1202 Hoc
700 1169 759 1201 illi:
786 1169 873 1201 forte
892 1169 999 1200 edocti
1016 1169 1056 1200 ab

179 1214 332 1248 Accursio
347 1237 357 1254 ,
389 1213 567 1254 posteriore
592 1210 702 1243 Glossa
725 1212 768 1242 ita
793 1211 968 1250 scribente3
992 1210 1056 1242 Dic

180 1266 278 1297 erg0,
303 1256 393 1297 quod
418 1254 470 1286 hic
498 1261 566 1285 erat
591 1252 784 1285 ususfruuus
809 1253 840 1284 in
859 1252 942 1291 hoc,
967 1252 1055 1293 quod

180 1308 241 1339 pro
265 1297 401 1338 gemmis
425 1303 587 1336 tamquam
611 1294 741 1326 monilia
758 1301 930 1333 portentur
945 1295 983 1325 ad
1002 1303 1055 1334 pe-

183 1339 262 1370 Ctus.
300 1339 363 1370 Sed
380 1338 477 1378 longe
495 1338 553 1368 alia
570 1335 632 1367 fuit
648 1335 821 1376 Pomponii
838 1335 1004 1367 sententia.
1027 1343 1055 1366 a·

183 1389 324 1421 peruero
341 1388 429 1417 eam;
443 1376 664 1410 demonstrato
675 1400 684 1416 ,
698 1377 874 1415 numismata
888 1375 950 1407 esse
967 1385 1056 1408 num-

180 1431 253 1454 mos
271 1421 375 1463 aliqua
393 1420 498 1452 forma
513 1426 630 1450 notave
648 1418 804 1458 fignatos;
828 1425 894 1448 tum
911 1426 981 1456 quae
997 1416 1056 1448 fint

179 1469 280 1507 ‘uetera
292 1463 487 1501 numismata3
513 1460 544 1491 δε
567 1460 643 1499 quid
662 1459 716 1497 fit,
740 1459 883 1489 veteribus
898 1459 1055 1494 numisma-

180 1505 258 1535 tibus
270 1511 324 1544 pro
338 1504 457 1544 gemmis
472 1502 527 1533 uti.
566 1501 707 1532 Primum
726 1499 851 1531 constat
869 1498 1054 1536 testimonio

176 1544 309 1584 Ifidori,
330 1543 380 1574 lib.
408 1546 455 1574 16.
483 1542 602 1583 Origin.
631 1551 656 1572 c.
683 1550 730 1582 17.
751 1547 822 1582 pag.
844 1550 930 1582 1225.
954 1540 1054 1581 infin.

177 1585 261 1618 addo
280 1608 290 1624 ,
316 1583 446 1624 Ulpiani
461 1583 482 1616 l.
498 1582 563 1625 9.§
590 1593 619 1622 4.
639 1581 683 1614 D.
714 1582 765 1614 Aa
790 1582 998 1621 exhibendum,
1022 1584 1053 1614 in

176 1627 242 1659 fine
258 1625 447 1667 appellantis
464 1634 595 1656 nummos
613 1633 695 1666 quos
709 1624 739 1657 in
759 1624 916 1666 principio
928 1625 1057 1655 vocavit

176 1668 367 1707 numismata.
390 1665 469 1699 Inde
487 1676 566 1698 vero
583 1665 818 1697 emendandum
834 1665 899 1696 hoc
915 1666 1056 1706 ejusdem

175 1708 306 1750 Ulpiani
330 1708 348 1740 l.
378 1718 427 1749 27.
452 1707 482 1750 §.
500 1718 529 1747 4.
547 1707 589 1739 D.
613 1708 646 1738 de
664 1717 755 1746 auro,
779 1707 915 1749 argento,
939 1709 1055 1739 mimda.

176 1751 211 1783 Si
226 1757 323 1783 autem
337 1759 444 1782 aarum
458 1749 505 1781 vel
519 1755 673 1790 argentum
680 1747 836 1788 signatum
854 1749 979 1790 legatum
996 1747 1053 1789 est,

174 1794 206 1825 id
217 1792 433 1833 paterfamilias
448 1792 566 1822 videtur
581 1789 747 1831 testamento
763 1789 882 1831 legaffe,
905 1791 979 1832 quod
992 1791 1054 1831 ejus

174 1835 275 1876 aliqua
282 1835 385 1875 forma
401 1830 439 1874 eft
450 1831 628 1874 expreffum:
645 1831 739 1863 veluti
753 1841 816 1873 quae
826 1831 953 1872 Philippi
960 1832 1029 1869 stant
1041 1855 1051 1872 ,

173 1878 297 1917 itemque
311 1876 482 1915 nomismata
497 1873 534 1908 ὅ)
542 1872 664 1912 fimilia.
711 1871 867 1913 Ulpianus
885 1872 1052 1914 Philippos

175 1918 339 1958 distinguit
353 1926 371 1947 a
390 1915 647 1948 nomismatibus:
672 1923 745 1946 cum
763 1914 898 1955 Philippi
918 1913 978 1946 fint
995 1924 1051 1947 no-

175 1959 326 1991 mismata.
359 1957 514 1990 Horatius
530 1957 578 1987 lib.
599 1966 627 1988 2.
645 1953 739 1995 Epist.
759 1964 783 1987 1.
804 1958 875 1995 vers}
894 1966 964 1997 233.

213 2019 267 2024 ——
283 2017 336 2023 —-
350 2017 403 2023 —-
425 1998 549 2031 Incultis
563 2000 615 2040 qui
630 1996 756 2036 versibus
774 1996 810 2031 ὅ)
826 1997 897 2028 male
913 1997 993 2028 uatis

219 2042 349 2073 Rettulit
364 2047 508 2081 acceptos,
532 2039 628 2081 regale
643 2039 803 2078 numisma,
828 2038 984 2079 Philippos.

178 2084 274 2124 igitur
290 2083 392 2114 scribo
403 2106 412 2120 ,
437 2082 529 2113 veluti
543 2091 604 2122 quae
621 2079 750 2121 Philippi
754 2083 849 2120 sunt,
868 2081 991 2121 itemque
1004 2088 1052 2110 no-

177 2125 312 2161 mismata
323 2123 442 2162 fimilia.
475 2123 626 2163 Sequitur
641 2123 740 2153 altera
755 2131 830 2153 cura
841 2145 850 2159 ‚
869 2130 939 2162 quae
956 2120 1050 2152 Pom-

175 2168 276 2207 ponio
299 2165 358 2197 sint
381 2173 481 2197 vetera
508 2166 682 2203 numismata
706 2172 796 2194 aurea
826 2163 873 2193 vel
897 2168 1051 2204 argentea.-

177 2208 272 2248 poffit
290 2217 367 2239 vero
385 2206 571 2246 exemplum
589 2204 651 2236 ess'e
667 2205 697 2236 in
717 2203 920 2244 sequentibus
938 2204 1050 2235 Sueto-

176 2249 220 2280 nii
238 2248 343 2280 verbis
361 2245 494 2288 Augusto
510 2256 534 2278 c.
557 2255 606 2287 75.
625 2246 831 2277 Saturnalibus
847 2245 883 2280 δ’
895 2245 923 2284 fi
937 2246 1051 2287 quando

175 2290 250 2322 alias
266 2288 403 2330 libuiffet‚
422 2289 499 2320 modo
514 2297 635 2318 munera
649 2288 814 2326 dividebat,
831 2285 934 2327 vestem
951 2286 987 2321 ὅ)
1001 2296 1052 2317 au-

177 2342 243 2363 rum
261 2330 299 2366 ἑὸ)
317 2337 491 2372 argentum3
509 2330 588 2360 modo
605 2338 735 2360 nummos
753 2331 842 2360 onnus
860 2335 949 2367 norea,
966 2329 1053 2359 etiam

176 2380 282 2405 veteres
299 2374 391 2414 regios
400 2371 437 2407 ὅ)
442 2373 618 2412 peregrinos.
643 2370 788 2411 Suggerit
806 2378 936 2411 quoque
946 2378 1052 2401 exem-

176 2415 264 2455 plum
284 2413 469 2445 Lactantius
485 2412 533 2443 lib.
559 2421 583 2443 1.
603 2411 712 2443 Divz'n.
733 2409 805 2452 Inft.
822 2422 845 2442 c.
870 2422 914 2452 13.
940 2411 1051 2450 Hunc,

176 2456 341 2496 inquiens,
365 2462 509 2486 errantem
532 2453 634 2494 Janus
655 2455 775 2493 excepit.
808 2453 891 2495 cujus
907 2454 947 2484 rei
963 2462 1051 2493 argu-

179 2502 276 2528 menta
290 2498 360 2534 sunt
370 2497 483 2528 nummi
502 2502 610 2526 veteres
628 2495 659 2525 in
676 2496 781 2536 quibus
797 2493 835 2535 efl-
860 2504 926 2525 cuia
944 2494 1053 2534 duplici

171 2538 275 2579 fronte
290 2537 409 2577 szus,
435 2537 472 2572 ὅ)
489 2538 521 2568 in
538 2537 630 2568 altera
643 2542 726 2576 parte
741 2538 840 2567 viavit.
881 2535 1052 2576 Reliquum

180 2579 244 2618 est,
264 2580 339 2619 quid
363 2579 416 2617 iit,
440 2579 586 2610 veteribus
607 2577 822 2617 nomismatibus
840 2578 885 2617 uti
902 2584 956 2617 pro
972 2586 1051 2619 gem-

177 2621 243 2652 mis.
266 2619 300 2651 id
316 2629 394 2651 vero
409 2619 583 2660 significat,
599 2620 636 2650 iis
654 2620 719 2658 uti,
737 2628 803 2650 non
821 2626 980 2659 tamquam
999 2627 1053 2649 nu-

180 2668 301 2694 merata
315 2663 468 2701 pecunia:
484 2660 544 2702 (fic
553 2661 638 2692 enim
649 2660 736 2692 s'oret
746 2659 831 2701 quasi
840 2659 1053 2699 ususfrustus)

174 2702 230 2735 sed
257 2710 417 2742 tamquam
440 2703 594 2743 gemmis,
616 2702 681 2733 sive
704 2702 767 2741 ita,
792 2709 826 2733 ut
849 2704 983 2743 gemmis
1008 2700 1054 2732 uti

177 2744 302 2777 solent:
323 2744 491 2782 quomodo
507 2742 695 2782 justinianus
711 2743 740 2785 §.
759 2744 813 2775 ult.
834 2741 907 2783 lnfi.
926 2745 959 2774 de
975 2743 1052 2773 here-

174 2787 251 2819 dum
271 2784 413 2828 qualitate
439 2783 474 2818 δ’
501 2784 683 2825 differentia,
708 2786 767 2816 Pro
791 2786 907 2824 herede,
930 2783 1052 2824 inquit,

173 2836 274 2870 gerere
291 2827 359 2869 ¹quis
382 2826 501 2856 videtur
515 2848 525 2863 ,
542 2825 571 2862 fi
594 2827 676 2857 rebus
702 2826 881 2858 hereditariis
903 2831 1054 2867 tamquam

178 2871 259 2901 heres
280 2873 398 2900 utatur.
444 2865 524 2897 Vult
539 2866 633 2906 igitur
650 2867 872 2908 Pomponius,
897 2867 996 2908 legari
1022 2876 1052 2897 u-

174 2909 384 2944 sumfructum
400 2913 546 2940 veterum
564 2907 802 2948 numismatum,
824 2908 889 2940 five
906 2916 1053 2940 veterum

174 2959 400 2988 nummorum,
418 2948 533 2990 quibus
551 2947 654 2979 solent
670 2957 830 2990 tamquam
848 2951 982 2992 gemmis
995 2950 1051 2981 uti.

176 2996 204 3028 is
223 2993 292 3026 usus
307 2999 376 3025 erat
396 2990 491 3023 animi
513 2988 689 3020 oblectatio
712 3000 753 3021 ex
769 3001 875 3024 earum
892 3001 966 3023 cum
983 2991 1051 3022 col-

176 3035 338 3074 lectione,
363 3040 432 3065 tum
452 3030 743 3071 contemplatione.
776 3032 861 3063 hunc
885 3032 972 3064 usum
996 3032 1052 3064 do-

172 3078 246 3109 ·cuit
261 3086 313 3109 me
333 3074 451 3107 Plinius
465 3073 514 3104 lib.
525 3081 574 3114 37.
591 3071 671 3103 Nat.
688 3069 753 3118 hist.
772 3073 920 3105 Proaemz'o.
945 3074 1052 3106 Verba

177 3119 285 3151 Plinii.
316 3117 441 3150 Gemma
452 3115 629 3156 supersunt,
652 3112 689 3147 ὅ)
711 3122 743 3143 m
762 3112 875 3144 aretum
893 3114 990 3146 coaaa
1007 3124 1050 3145 re-

174 3170 241 3193 rum
263 3165 377 3191 naturce
398 3154 531 3200 majestas
553 3154 652 3188 multis
671 3154 754 3185 nulla
764 3154 816 3193 sui
830 3160 913 3193 parte
937 3157 1052 3188 mirabi-

171 3203 240 3235 lior.
287 3199 417 3234 Tantum
440 3200 577 3232 tribuunt
599 3196 760 3234 varietati,
783 3195 942 3235 coloribus,
963 3203 1050 3230 mate-

773 87 1085 122 (lassant
1135 82 1370 120 NoonT

1093 175 1160 212 rice,
1183 175 1294 213 decori,
1317 173 1426 205 violari
1450 173 1539 204 etiam
1555 171 1652 215 signis
1672 182 1800 216 gemmas
1813 178 1898 217 nefas
1914 181 1966 212 du—

1094 221 1198 254 centes,
1233 215 1356 258 Aliquos
1371 225 1439 246 vero
1454 221 1539 246 extra
1550 216 1646 255 pretia
1659 217 1720 247 ulla
1737 221 1968 262 taxationemque

1094 257 1290 290 humanarum
1313 264 1397 297 opum
1419 257 1612 296 arbitrantes,
1636 263 1670 288 ut
1679 258 1823 299 plerisque
1840 262 1876 291 ad
1889 262 1968 298 sum-

1094 308 1170 330 mam
1199 299 1412 339 absolutamque
1433 301 1538 330 'rerum
1569 305 1683 331 naturae
1705 301 1967 341 contemplationem

1093 340 1163 378 satis
1181 338 1222 378 fit
1238 350 1299 372 una
1318 340 1419 381 aliqua
1430 349 1553 382 gemma.
1579 339 1642 374 &a
1680 339 1782 373 Fuisse
1808 350 1913 377 autem
1934 344 1967 377 in

1096 381 1145 412 his
1162 381 1191 413 ἃ
1209 381 1477 420 ostentationem,
1493 381 1578 412 idem
1594 381 1694 415 refert
1712 382 1831 418 Plinius
1845 385 1902 416 eod.
1918 384 1969 418 lib.

1096 432 1147 463 37.
1164 433 1188 454 c.
1208 432 1236 454 1.
1254 427 1389 463 eamque
1408 421 1539 465 coepiss'e
1554 432 1571 454 a
1585 423 1735 457 tibicine:
1753 424 1861 464 postea
1878 424 1969 459 fuisse

1096 464 1279 496 hominibus
1303 466 1399 496 etiam
1421 463 1548 496 summis
1573 465 1783 498 admirationi.
1817 466 1913 501 verba
1929 476 1969 500 ex

1097 505 1203 536 multis
1227 515 1326 546 pauca
1351 504 1505 546 adscripsi.
1551 504 1665 538 Tertius
1679 509 1731 548 qui
1746 508 1839 539 eodem
1854 513 1972 549 tempore

1089 545 1157 586 fuit
1177 549 1253 578 inter
1272 545 1411 587 musicos,
1434 547 1633 579 Nicomachus
1649 549 1756 580 multas
1768 558 1897 591 gemmas
1917 550 1969 582 ha-

1098 587 1185 628 buiffe
1202 589 1349 624 traditur,
1364 589 1419 629 sed
1441 588 1525 620 nulla
1541 591 1650 629 peritia
1667 588 1788 624 electas.-
1802 592 1882 630 sorte
1898 601 1971 632 qua·

1098 630 1163 660 clam
1179 629 1222 660 his
1238 630 1372 669 exemplis
1395 631 1477 661 initio
1502 631 1660 662 voluminis
1675 632 1775 666 oblatis
1792 634 1929 673 adversus
1946 633 1971 663 i·

1092 668 1152 712 stos
1170 671 1222 711 qui
1230 669 1288 708 fibi
1311 671 1386 702 hanc
1407 668 1621 711 ostentationem
1642 680 1793 718 arrogent,
1818 679 1852 706 ut
1870 674 1970 715 palam

1092 710 1153 750 fit,
1172 721 1215 742 eos
1232 712 1385 744 tibicinum
1398 713 1493 752 gloria
1509 719 1626 745 tumere.
1666 713 1708 745 Et
1724 715 1795 755 post
1836 715 1972 747 Gemmas

1093 754 1213 794 plures,
1237 754 1311 794 quod
1330 754 1480 795 peregrino
1496 755 1640 795 appellant
1655 758 1767 788 nomine
1784 756 1970 797 tlaftyliothe—

1098 805 1179 833 canl,
1199 797 1314 835 primus
1335 796 1464 826 omnium
1487 795 1586 827 habuit
1604 796 1700 829 Romae
1710 799 1869 840 privignus
1887 797 1973 837 Syllc'e

1099 837 1239 867 Scaurus.
1262 837 1368 876 diuque
1376 836 1459 867 nulla
1475 836 1532 868 alia
1540 838 1625 877 fuit,
1642 840 1728 869 donec
1737 839 1889 881 Pompejus
1898 838 1971 871 Alila-

1094 887 1173 919 gnus
1189 887 1250 908 eam
1264 887 1325 918 quae
1336 877 1526 909 Mithridatis
1541 880 1616 920 regis
1623 879 1747 919 fuerat,
1763 880 1839 910 inter
1852 882 1926 911 dona
1942 881 1973 912 in

1100 919 1239 959 Capitolio
1254 921 1377 958 dicaret,
1395 925 1428 950 ut
1442 918 1490 950 M.
1506 919 1602 950 Varro
1617 920 1724 960 aliique
1739 921 1863 962 ejusdem
1879 923 1972 953 aetatis

1101 959 1229 992 aueum
1246 960 1436 1000 confirmant,
1459 961 1584 992 multum
1600 961 1752 1001 proelatam
1768 962 1884 994 Scauri.
1906 963 1973 994 Hoc

1103 1002 1228 1042 exemplo
1244 1002 1304 1042 Caes
1307 1012 1342 1033 ar
1352 1001 1555 1042 Diffatorsex
1569 1002 1789 1044 dactyliothecas
1805 1005 1836 1034 in
1847 1005 1902 1034 aede
1912 1004 1969 1036 Ve-

1100 1045 1175 1074 neris
1186 1043 1346 1075 Genitricz‘s
1362 1044 1551 1081 consecravit.
1568 1043 1733 1076 Marcellus
1750 1044 1878 1079 Octavia
1889 1047 1971 1087 geni-

1099 1091 1147 1116 tus
1162 1086 1194 1116 in
1206 1085 1342 1126 palatina
1358 1085 1502 1126 Apollinis
1516 1086 1572 1116 aetle
1586 1095 1687 1117 unam.
1708 1085 1827 1118 Praeter
1836 1086 1973 1120 Plinium

1100 1127 1196 1158 etiam
1213 1126 1403 1165 Suetonius,
1426 1125 1510 1166 Julio
1525 1137 1552 1159 c.
1569 1136 1619 1167 47.
1646 1129 1745 1169 tangit
1763 1127 1818 1160 has
1837 1128 1974 1170 aliasque

1100 1168 1191 1209 hujus
1215 1169 1342 1209 generis
1367 1167 1522 1199 delicias:
1545 1167 1587 1200 de
1614 1168 1736 1200 Caesare
1755 1166 1798 1200 fic
1823 1170 1974 1212 loquens,

1100 1209 1254 1249 Gemmas,
1277 1215 1457 1246 toreumata,
1474 1208 1582 1250 figna,
1605 1210 1721 1241 tabulas
1735 1213 1822 1251 operis
1838 1213 1972 1253 antiqui,

1089 1251 1205 1332 sempter
1223 1249 1418 1291 animofiffime
1438 1252 1628 1292 comparavit.
1662 1251 1693 1283 ὃς
1709 1250 1863 1284 Horatius
1879 1253 1926 1285 lib.
1947 1262 1973 1287 1.

1113 1300 1121 1313 ¹
1147 1294 1158 1322 i
1186 1316 1193 1323 .
1209 1296 1239 1323 6.
1255 1292 1326 1323 ver}
1347 1300 1359 1323 1
1386 1315 1393 1323 .

1123 1299 1155 1365 pl
1171 1343 1251 1380 nunc
1266 1294 1419 1375 arisgentitm
1432 1355 1442 1373 ,
1466 1332 1503 1368 ὅ)
1524 1343 1649 1365 marmor
1671 1339 1776 1374 vetus,
1798 1345 1910 1378 ceraque
1937 1335 1976 1372 ὃ*

1177 1381 1265 1405 artezs

1140 1416 1275 1456 Suspice:
1296 1426 1361 1449 cum
1374 1417 1493 1459 gemmis
1512 1415 1614 1458 Tyrios
1630 1418 1734 1449 mirare
1753 1418 1866 1451 colores.

1101 1456 1261 1488 Caeterum
1273 1481 1283 1497 ‚
1305 1457 1385 1490 ficut
1405 1457 1538 1490 Veteres
1554 1459 1584 1489 in
1602 1458 1649 1497 his
1664 1468 1860 1499 gemmarum
1871 1483 1881 1499 ,
1897 1468 1974 1500 quas

1096 1497 1260 1530 faciebant
1276 1521 1287 1538 ,
1310 1499 1558 1541 dactyliotliecis
1587 1499 1774 1532 varietatem
1791 1525 1800 1540 ‚
1825 1502 1974 1540 colores,

1097 1540 1281 1579 materiam,
1303 1540 1423 1581 decus,
1447 1543 1542 1572 etiam
1567 1540 1733 1573 illustrium
1758 1541 1925 1574 hominum
1949 1543 1973 1574 i·
2006 1545 2009 1549 '

1101 1581 1242 1621 magines
1261 1605 1270 1620 ,
1295 1591 1331 1613 ac
1355 1582 1459 1623 signa,
1483 1580 1587 1623 finge,
1612 1582 1741 1622 Augusti
1766 1582 1972 1626 Sphyngem,

1101 1622 1290 1655 Mecaenatis
1305 1632 1432 1662 ranam,
1454 1621 1550 1665 Syllae
1568 1623 1775 1656 traditionem
1793 1625 1972 1666 Jugurrliae,

1099 1663 1272 1704 similiaque
1297 1665 1356 1697 alia
1381 1675 1398 1696 a
1413 1665 1518 1696 Plinio
1542 1673 1686 1696 enarrata
1702 1667 1729 1696 tl.
1749 1675 1773 1698 c.
1794 1675 1820 1698 1.
1844 1667 1974 1699 admira-

1099 1705 1234 1738 bantur:
1257 1705 1298 1737 fic
1317 1716 1434 1747 magno
1451 1705 1555 1738 studio
1577 1714 1614 1736 ac
1638 1706 1765 1747 sumptu
1783 1714 1889 1740 vetera
1906 1708 1973 1740 col·

1099 1746 1241 1789 ligabant
1260 1748 1463 1786 numismata,
1480 1749 1510 1779 in
1529 1747 1643 1787 quibus
1661 1747 1785 1789 Regum
1801 1758 1837 1779 ac
1854 1749 1971 1781 Princi-

1098 1797 1174 1829 pum
1194 1789 1319 1827 vultus,
1345 1797 1412 1822 tum
1435 1799 1484 1821 res
1509 1789 1596 1820 domi
1615 1787 1761 1829 forisque
1779 1790 1898 1831 gestas,
1922 1791 1973 1823 de·

1097 1831 1196 1870 nique
1228 1830 1392 1863 vetustatis
1411 1831 1597 1863 memoriam
1619 1829 1674 1862 fibi
1698 1831 1972 1871 repraesentabant.

1097 1870 1180 1915 Quae
1193 1881 1241 1904 res
1257 1881 1331 1904 cum
1346 1873 1385 1904 ad
1401 1873 1496 1904 animi
1515 1872 1637 1903 cultum
1656 1872 1972 1915 oblectationemque

1095 1912 1268 1953 spectaret,
1292 1913 1347 1945 etsi
1370 1923 1434 1946 non
1456 1915 1546 1945 daret
1565 1913 1737 1954 quaestum,
1762 1914 1898 1946 habebat
1913 1916 1972 1946 uti-

1095 1954 1220 1986 litatem
1232 1964 1358 1996 :eoque
1376 1955 1553 1995 recipiebat
1564 1954 1804 1993 usumfructum,
1815 1955 1895 1987 salva
1906 1955 1973 1996 post

1094 1994 1184 2027 usum
1207 1995 1385 2028 substantia.
1428 1996 1548 2028 Praeter
1565 1997 1649 2027 hunc
1666 2005 1761 2036 quem
1779 1997 1843 2028 dixi
1861 1997 1972 2037 fuisse,

1095 2037 1126 2068 ὅ(
1149 2037 1243 2068 alium
1266 2037 1353 2069 usum
1378 2045 1524 2069 veterum
1547 2036 1788 2076 numismatum,
1812 2039 1843 2069 in
1861 2040 1972 2079 primis

1095 2078 1269 2109 Alexandri
1294 2078 1426 2120 Magni,
1449 2078 1550 2110 refert
1570 2078 1598 2109 ὅ(
1618 2079 1762 2118 queritur
1778 2078 1967 2121 Chrysosto-

1095 2128 1173 2151 mus.
1193 2120 1290 2151 verba
1299 2119 1518 2161 Chrysostomi
1536 2119 1678 2160 apposui.
1697 2119 1766 2151 sunt
1783 2128 1890 2152 autem
1901 2120 1971 2152 hae'c

1094 2161 1144 2192 Aa
1154 2160 1294 2201 populum
1311 2161 1526 2192 Antiochenam
1542 2160 1635 2192 hunul.
1659 2169 1708 2192 21.
1738 2161 1879 2200 adfinem
1900 2169 1968 2193 tom.

1098 2211 1123 2233 1.
1139 2209 1207 2243 pag.
1218 2206 1288 2240 246.
1313 2201 1395 2245 Quid
1411 2212 1478 2233 vero
1493 2204 1596 2233 diceret
1612 2202 1719 2242 aliquis
1735 2203 1768 2233 de
1783 2203 1827 2234 bis
1841 2206 1891 2243 qui
1905 2214 1969 2234 car-

1095 2245 1217 2274 minibus
1241 2243 1278 2278 &
1302 2244 1439 2285 ligaturis
1462 2248 1609 2282 utuntur,
1627 2242 1663 2277 ἐξ
1686 2244 1719 2274 de
1743 2245 1970 2285 circumliganti-

1091 2286 1147 2316 Irus
1157 2294 1246 2316 aurea
1261 2285 1429 2318 Alexandri
1445 2284 1616 2316 Macedonis
1629 2283 1806 2323 numismata
1821 2288 1909 2326 capiti
1921 2285 1966 2317 vel

1090 2325 1239 2368 pedibus?
1263 2328 1309 2357 dic
1325 2327 1413 2365 inibi,
1438 2326 1598 2366 hcenesunt
1615 2324 1836 2367 easfpeaauones
1851 2325 1966 2368 nostra,

1096 2374 1130 2399 ut
1140 2365 1203 2408 post
1211 2377 1322 2399 crucem
1337 2367 1374 2404 ἐξ
1390 2375 1507 2399 mortem
1528 2368 1701 2399 dominicam
1719 2368 1750 2398 in
1762 2368 1880 2409 gentilis
1895 2368 1967 2410 regis

1095 2410 1222 2450 imagine
1228 2410 1311 2449 spem
1318 2410 1429 2450 salutis
1444 2407 1628 2440 habeamus?
1947 2438 1950 2443 ,

1137 2450 1200 2482 Sed
1215 2458 1368 2490 apparet,
1391 2451 1611 2482 amoenitatem
1635 2448 1799 2482 fruCtuarii
1821 2449 1965 2491 corporis

1095 2492 1160 2532 ejus
1178 2491 1294 2523 fruffiui
1311 2492 1505 2533 comparari:
1528 2490 1592 2523 five
1609 2492 1650 2523 de
1669 2492 1700 2522 vi
1718 2492 1827 2532 verbi,
1844 2492 1906 2525 five
1928 2492 1965 2522 de

1096 2535 1221 2565 ratione
1246 2533 1328 2573 juris
1351 2541 1524 2575 quaeratur:
1547 2533 1644 2573 idque
1670 2533 1849 2573 procedere
1870 2534 1900 2565 in
1918 2531 1963 2563 his

1095 2584 1165 2615 qua:
1189 2584 1253 2606 non
1283 2575 1402 2607 habent
1423 2583 1505 2606 onus
1521 2597 1530 2612 ,
1554 2582 1745 2616 quamquam
1769 2584 1828 2606 nec
1851 2580 1964 2615 augent

1097 2617 1228 2648 reditus.
1253 2617 1350 2656 quid,
1374 2616 1395 2648 fi
1411 2616 1483 2648 talia
1500 2614 1579 2653 sint,
1599 2623 1633 2646 ut
1650 2617 1682 2646 in
1699 2616 1751 2647 illa
1768 2616 1963 2657 impendatur

1096 2658 1186 2698 plus,
1206 2667 1299 2697 quam
1315 2658 1355 2688 de
1369 2658 1406 2689 iis
1423 2658 1462 2689 ad
1489 2656 1633 2688 niratur?
1654 2657 1716 2697 Jam
1731 2657 1826 2697 -poflit
1847 2656 1963 2691 dubita-

1097 2699 1139 2730 ri:
1157 2699 1229 2738 quia
1239 2707 1305 2730 rem
1322 2698 1472 2738 spestanti
1501 2707 1556 2737 us,
1573 2707 1672 2739 magis
1689 2698 1857 2737 damnum,
1873 2705 1963 2738 quam

1095 2739 1218 2772 fruetus
1235 2739 1290 2772 est.
1320 2740 1500 2772 Varronem
1517 2739 1589 2771 audi
1606 2740 1661 2770 lib..
1670 2749 1701 2779 4.
1727 2739 1774 2770 De
1789 2740 1889 2781 lingua
1903 2738 1964 2769 La·

1096 2783 1178 2821 tina,
1197 2788 1266 2823 pag.
1290 2786 1339 2815 28.
1366 2782 1398 2812 in
1416 2780 1476 2822 firi.
1500 2780 1654 2813 Damnum
1669 2790 1688 2812 a
1704 2781 1879 2822 demptione,
1902 2788 1965 2810 cum

1095 2824 1193 2854 minus
1210 2832 1240 2854 re
1247 2822 1385 2863 factum,
1409 2823 1483 2863 (vel
1493 2846 1503 2862 ,
1527 2830 1562 2854 ut
1579 2822 1662 2854 bene
1680 2822 1759 2862 legit
1775 2821 1964 2858 Turnebus,

1094 2863 1252 2905 refilium)
1273 2874 1361 2907 quam
1376 2865 1482 2906 quanti
1497 2861 1614 2901 constat.
1637 2862 1680 2895 Et
1695 2863 1828 2895 Tacitus
1841 2863 1890 2894 lib.
1909 2870 1961 2892 XI.

1095 2906 1209 2937 Annal,
1225 2915 1249 2936 e.
1275 2916 1304 2944 7.
1320 2905 1426 2944 Nihil,
1446 2905 1566 2946 inquit,
1585 2915 1603 2936 a
1617 2914 1761 2946 quoquam
1773 2904 1883 2943 ,expiem
1907 2900 1979 2939 πῖθ’

1095 2948 1180 2990 cujus
1203 2947 1322 2985 fruitus
1346 2953 1413 2980 ante
1435 2947 1615 2988 praeviderit.
1664 2946 1756 2989 Apud
1785 2945 1960 2977 Varronem

1094 2998 1225 3029 quoque
1243 2987 1290 3019 De
1309 2998 1339 3019 re
1356 2987 1483 3029 rustico,
1507 2988 1554 3020 lib.
1574 2997 1601 3021 1.
1619 2998 1644 3020 c.
1659 2999 1688 3021 2.
1712 2986 1753 3019 fic
1771 2991 1865 3017 extat.
1889 2981 1959 3014 ΠΕΟ

1094 3032 1126 3062 in
1146 3031 1248 3070 primis
1265 3029 1404 3072 spebtaffe
1430 3031 1569 3062 videntur
1586 3029 1683 3064 Italici
1695 3027 1816 3060 homines
1831 3023 1961 3060 colendo,

1090 3071 1237 3114 poffentne
1245 3071 1367 3111 fruftus
1380 3078 1434 3113 pro
1449 3072 1595 3113 impensa,
1616 3080 1650 3101 ac
1663 3070 1751 3102 labore
1765 3066 1898 3103 reddere,
1921 3063 1959 3099 δ’

1094 3120 1197 3146 utrum
1205 3113 1325 3155 saluber
1338 3113 1415 3145 locus
1432 3112 1516 3154 effet,
1538 3122 1577 3145 an
1591 3120 1656 3147 nou,
1677 3104 1835 3154 quorumfi
1851 3105 1960 3138 alteru·

1094 3161 1174 3187 trum
1190 3155 1308 3187 decollat
1318 3178 1328 3194 ,
1350 3153 1388 3189 ὅ)
1403 3154 1588 3186 nihilominus
1605 3152 1668 3194 qais
1684 3146 1750 3182 vult
1763 3147 1866 3184 colere,
1882 3156 1960 3180 men·

1093 3203 1120 3229 te
1134 3195 1173 3238 est
1187 3203 1308 3238 captus,
1327 3201 1417 3238 *atque
1433 3196 1472 3229 ad
1492 3200 1614 3237 agnatos
1638 3189 1807 3234 &gentiles
1821 3185 1960 3262 esctessedtzlg:
