2036 3495
306 107 370 145 Ab
389 101 486 144 Lm.
515 97 591 144 XII.
624 97 726 140 TIT.
754 93 782 139 Ῐ.
814 96 864 141 De
882 96 974 140 rebus
994 94 1135 146 creditis,
1154 100 1191 147 fi
1206 101 1319 139 ceritum
1330 100 1470 151 peretur,
1496 87 1565 142 ἐξα.

60 196 203 236 '‘uamdiu
220 203 340 240 metus3
363 207 405 231 ne
431 200 472 230 ex
489 195 577 230 omni
592 194 757 226 contractu
772 194 854 226 nuda
872 203 924 236 pa.

40 243 43 246 ’
85 245 160 277 ione
182 242 316 284 pecunia
333 240 470 278 credita,
496 237 547 270 seu
564 243 691 275 mutua,
715 235 817 267 fieret.
861 234 922 268 Re·

51 294 147 327 'cepta
163 293 267 317 tamen
285 281 458 315 ‘traditione
470 279 542 312 fieta
558 288 615 320 per
633 279 765 324 brevem
783 287 923 324 manum,

41 329 179 360 'tandein
197 325 356 362 obtinuit,
379 322 456 355 nihil
472 319 637 358 interess'e,
661 319 763 360 qualis
786 328 922 351 interve·

49 371 134 402 nerit
152 366 399 405 traditi03ve'ra,
411 373 448 395 an
464 360 547 406 quafi
563 361 582 392 l.
591 365 620 391 6.
639 360 670 391 C.
688 361 713 391 h.
726 366 746 390 c.
767 360 821 392 etsi
839 370 922 402 mag—

49 420 90 443 na
107 410 169 442 fuit
184 407 357 440 Veteribus
375 405 567 437 verecundia
587 403 759 434 recedendi
784 412 800 433 a
817 405 922 444 regula

51 453 141 484 'uris:
159 459 264 490 eoque
280 449 368 479 tarde
387 452 580 485 temperatus
596 443 641 475 est
659 444 723 484 ejus
741 447 835 484 rigor.
861 444 923 474 Sed

76 503 116 525 oc
133 498 263 532 apparet
279 499 318 521 ex
337 488 506 519 collatione
523 485 541 516 l.
558 495 608 527 34.
626 484 667 516 D.
686 485 829 517 Manciam·
852 495 921 526 quse

50 535 97 569 est
115 533 272 570 Africani,
291 539 362 562 cum
379 530 436 565 ις).
455 527 482 569 §z
499 527 554 558 ult.
572 528 591 558 ι.
608 537 654 559 11.
673 526 708 573 ὅ)
727 527 744 558 l.
768 533 814 566 15.
833 527 875 558 D.
893 527 920 558 ί).

46 582 69 608 τ.
85 585 154 616 quae
171 574 238 605 sunt
254 571 466 613 Ulpiani2nec
481 569 584 600 minus
602 577 742 609 pertinet
761 570 798 600 ad
814 577 921 599 earum

46 616 263 651 intellectum,
283 611 433 653 cogitasse
449 609 662 642 diversitatem
682 610 837 650 temporis
856 619 921 649 quo

48 667 184 699 uterque
202 654 280 687 vixit
294 653 557 694 Jurisconsultus:
582 651 727 692 prorsus,
752 660 786 682 ut
810 652 924 682 tradita

48 700 89 732 ab
109 699 279 735 Africano,
305 703 466 736 tamquam
485 693 680 732 vetustiore,
704 693 850 724 habenda
865 692 924 723 fint

46 751 110 783 pro
133 739 260 771 historia
279 737 355 778 juris
380 736 499 768 veteris
520 746 530 775 3
562 743 678 766 caetera
702 744 770 775 quae
794 732 923 778 Ulpia-ni

48 782 207 822 sunt‚pro
224 787 359 819 recepto
374 779 453 819 jure.
470 776 535 808 hoc
552 776 778 809 animadvertit
796 775 921 806 Docns·

45 823 139 857 fimus
166 822 343 861 Interpres,
373 818 512 860 jacobus
535 818 703 859 Cujacius,
730 817 869 849 Τναέῖαῑιι
893 820 921 850 8.

48 867 87 897 ad
105 864 284 904 Africanum
306 864 337 893 in
361 860 532 902 expofitione
555 862 582 891 d.
609 860 628 891 l.
653 870 704 901 34.
737 868 797 890 nec
819 858 924 889 habeo

49 908 138 947 quod
157 905 269 937 addam
298 903 521 943 pulcherrimae
544 901 771 933 observationi.
814 899 925 931 Solum

45 948 151 980 'dicam
163 971 172 985 ,
181 946 237 978 etfi
246 945 321 977 nihil
332 944 448 976 referat
458 945 487 975 in
499 951 613 975 mutuo
623 967 632 981 ‚
644 950 713 973 ntra
722 941 774 972 fiat
785 941 925 978 traditio,

46 998 142 1028 vera,
153 987 418 1029 anquafi:tamen
433 985 550 1017 debere
568 985 621 1017 illa
634 984 810 1016 dominium
828 990 923 1014 trans-

49 1033 96 1063 ire
112 1033 142 1062 in
172 1031 396 1069 accipientem.
421 1029 451 1059 id
469 1027 618 1059 observat
638 1026 752 1058 Paulus
766 1026 785 1056 l.
804 1031 831 1055 2.
849 1024 868 1065 §
897 1032 924 1055 2.

51 1074 99 1104 D.
114 1072 141 1102 b.
160 1077 178 1103 t.
203 1070 361 1112 appellata
382 1069 446 1107 est,
470 1068 638 1108 inquiens,
662 1067 762 1099 mutui
782 1066 868 1097 datio
885 1065 923 1095 ab

51 1124 92 1146 eo
118 1113 206 1153 quod
231 1114 270 1143 de
293 1121 367 1143 meo
387 1119 475 1142 tuum
499 1109 553 1141 fit:
577 1110 606 1141 &
632 1109 706 1140 ideo
731 1106 752 1139 fi
778 1116 842 1138 non
869 1104 924 1137 fiat

49 1164 160 1193 tuum,
174 1163 239 1185 non
261 1153 397 1184 nascitur
416 1152 590 1193 obligatio:
608 1150 667 1181 hac
683 1148 925 1189 ratione,quod

46 1197 120 1228 usus
146 1195 332 1236 quantitatis
357 1203 468 1225 mutuo
493 1194 592 1231 datae,
617 1193 656 1223 ad
683 1200 778 1231 quem
807 1189 926 1234 spectat

50 1246 214 1275 mutuum,
239 1235 292 1267 nisi
316 1234 510 1273 consumptae
526 1257 535 1271 ‚
569 1233 672 1265 nullus
696 1232 750 1263 est.
783 1230 925 1262 consumi

48 1288 155 1311 autem
175 1278 350 1318 quantitas,
363 1276 416 1307 nifi
433 1276 591 1307 adornino
602 1297 611 1312 ,
626 1283 689 1305 non
702 1272 816 1314 potest.
828 1280 926 1303 trans-

47 1321 150 1352 fertur
166 1321 259 1360 igitur
276 1319 305 1349 in
326 1325 438 1349 mutuo
454 1317 629 1348 dominium
642 1338 651 1353 ‚
669 1315 807 1346 debitori
827 1312 924 1360 factu·

49 1371 118 1394 rum
136 1358 343 1392 consumendi
365 1358 559 1389 facultatem.
606 1355 680 1388 Nec
703 1356 749 1387 est
772 1355 924 1393 dubium,

49 1403 124 1444 quin
154 1408 304 1442 oporteat
336 1400 546 1440 quantitatem
581 1407 650 1437 quae
677 1405 789 1429 mutuo
814 1398 926 1435 datur,

48 1443 209 1485 propriam
228 1441 289 1473 effe
311 1442 423 1473 dantis,
449 1439 469 1472 fi
490 1439 574 1472 enim
594 1441 625 1471 in
644 1447 757 1471 mutuo
775 1437 923 1472 transfer-

46 1485 72 1517 ri
100 1486 197 1516 debet
214 1481 410 1521 dominium,
433 1480 559 1514 necess'e
583 1478 647 1520 est,
671 1488 783 1512 mutuo
806 1479 873 1511 fieri
896 1488 923 1510 a·

48 1527 270 1559 lienationem.
296 1525 364 1561 haec
389 1531 516 1563 autem,
540 1531 751 1564 praeterquam
777 1522 821 1553 rei
848 1530 922 1560 pro·

48 1568 148 1610 priae,
171 1567 255 1598 nulla
274 1565 329 1597 est.
353 1574 465 1597 verum
481 1566 576 1605 igitur
594 1563 657 1603 est,
681 1571 834 1605 oportere
851 1571 924 1594 eum

51 1610 104 1649 qui
127 1615 271 1640 mutuum
292 1609 344 1638 dat
356 1630 365 1645 ,
390 1606 452 1638 esse
470 1607 654 1638 dominum:
671 1605 735 1637 five
753 1614 809 1646 per
826 1604 856 1636 se
869 1605 927 1649 det

52 1658 218 1687 mutuum,
243 1648 307 1680 five
323 1649 400 1680 alius
419 1649 473 1679 det
492 1647 557 1687 ejus
575 1648 757 1679 voluntate:
780 1654 814 1678 ut
831 1645 926 1678 filius·

53 1691 189 1723 familias
214 1690 245 1722 ὅ(
269 1689 392 1721 servus:
416 1698 506 1727 nam,
531 1696 565 1719 ut
594 1688 706 1720 Paulus
730 1689 790 1726 ait,
815 1688 927 1720 dantes

53 1732 231 1774 peculiares
249 1740 396 1763 nummos
415 1730 576 1771 obligant:
593 1730 657 1761 hoc
672 1729 716 1761 est
733 1730 788 1771 (ut
804 1729 926 1761 ostendi

54 1776 103 1811 lib.
124 1773 203 1815 fing.
227 1771 278 1804 Aa
304 1771 399 1803 Edist.
427 1771 472 1802 De
492 1771 571 1812 pact.
597 1771 633 1807 ὅ)
651 1770 789 1802 ῑταηςαὲἶ.
807 1781 831 1802 c.
849 1771 927 1810 20.)

54 1816 200 1857 obligant
217 1815 312 1845 alios:
328 1814 357 1845 ἂ
376 1812 420 1844 est
438 1813 517 1852 tale,
529 1814 620 1853 quale
637 1812 658 1846 fi
674 1814 841 1845 voluntate
858 1821 928 1844 mea

54 1863 92 1890 tu
109 1859 163 1889 des
180 1857 355 1894 pecuniam.
383 1864 448 1896 quo
465 1855 495 1886 in
514 1854 584 1886 casu
599 1855 677 1886 mihi
694 1855 775 1886 attio
794 1854 927 1895 adquiri·

53 1906 127 1936 tur,
150 1899 226 1930 licet
243 1898 304 1929 mei
321 1897 442 1928 numini
460 1906 523 1928 non
539 1895 659 1928 fuerint
674 1896 694 1927 l.
711 1906 738 1928 2.
758 1896 786 1938 ἓ.
804 1906 833 1936 4.
852 1894 928 1927 D.b.

55 1946 78 1971 t.
102 1938 264 1979 Superiori
281 1938 497 1969 observationi
522 1939 649 1970 accedit
665 1938 828 1982 sequensq
841 1937 928 1977 quod

53 1982 223 2018 volentes,
247 1989 320 2011 eum
338 1979 390 2021 qui
409 1987 553 2011 mutuum
572 1981 643 2018 dat,
667 1978 728 2011 esse
746 1980 929 2018 dominum3

55 2021 145 2058 fimul
170 2022 336 2060 volumus,
361 2030 433 2052 eum
457 2021 578 2052 habere
604 2022 648 2053 rei
666 2021 725 2052 suae
741 2020 928 2052 administra-

57 2064 199 2095 tionem:
218 2072 289 2094 nam
310 2062 351 2094 fic
367 2064 495 2094 demum
514 2063 579 2102 eJ'us
599 2063 749 2094 alienatio
767 2062 820 2094 est.
844 2062 933 2094 Prius

57 2104 175 2143 efficit,
199 2113 239 2136 ue
259 2105 375 2145 possint
391 2112 504 2135 mutuo
522 2105 587 2135 dari
605 2105 725 2136 nummi
744 2104 836 2136 alieni
852 2104 871 2135 l.
886 2113 932 2136 11.

57 2147 89 2188 §.
107 2147 160 2178 ult.
181 2144 218 2178 D.
237 2147 263 2178 b.
283 2151 303 2177 t.
322 2146 340 2176 l.
362 2154 408 2187 13.
423 2153 468 2186 pr.
489 2145 525 2180 ὅ)
541 2145 567 2187 §.
586 2155 611 2177 1.
631 2147 678 2177 D.
688 2146 716 2177 h,
727 2152 747 2177 t.
763 2145 932 2186 posterius,

58 2197 100 2220 ne
127 2187 202 2228 quid
226 2195 337 2219 mutuo
362 2187 454 2218 detur
476 2197 491 2217 a
516 2187 637 2227 pupillo
660 2196 713 2218 aut
731 2186 850 2218 furioso
868 2186 931 2219 fine

59 2229 177 2261 tutoris
195 2237 247 2259 aut
265 2229 419 2260 curatoris
437 2229 625 2260 auctoritate
635 2228 859 2260 autconsensu.
877 2228 931 2260 est·

60 2280 124 2311 que
140 2269 272 2302 effectus
287 2270 351 2310 ejus
371 2270 522 2301 dostrinae
539 2270 683 2311 infignis:
707 2271 795 2311 quod
818 2279 933 2301 neutro

60 2311 132 2343 casu
162 2312 288 2343 valente
312 2318 445 2349 mutuo,
469 2319 583 2342 neutro
607 2311 742 2343 nascitur
764 2322 804 2343 ex
823 2320 935 2343 mutuo

61 2353 238 2394 obligatio,
271 2362 310 2384 nc
334 2353 483 2384 naturalis
507 2353 647 2393 quidem.
673 2354 780 2393 itaque
803 2354 937 2385 traditur

62 2404 80 2425 a
97 2394 289 2432 Veteribus,
301 2395 405 2425 adhuc
423 2403 569 2426 nummos
588 2395 738 2426 vindicari
751 2394 865 2432 ‚sicubi
882 2405 935 2426 ex-

60 2442 147 2466 tant:
163 2435 301 2476 alioquin
320 2445 384 2466 non
403 2435 571 2473 vindicari3
587 2435 639 2467 sed
658 2436 805 2474 condrei,
824 2435 845 2467 fi
861 2445 936 2469 con-

61 2476 175 2516 sumpti
201 2477 259 2508 fint
284 2477 368 2508 bona
394 2476 474 2508 fide:
497 2478 527 2508 ὅ(
553 2477 574 2508 fi
599 2478 678 2508 mala
701 2477 764 2509 fide
786 2477 844 2509 fint
861 2487 937 2510 con-

63 2517 198 2557 sumpti,
222 2520 262 2550 de
279 2518 325 2549 his
344 2519 392 2557 assi
412 2519 451 2550 ad
468 2517 696 2550 exhibendum.
741 2518 793 2550 Sic
811 2520 936 2558 prorsus

64 2556 144 2599 Imp.
162 2559 349 2597 justinianus
367 2560 393 2601 §⁴
412 2570 440 2591 2.
460 2558 531 2600 Inst.
550 2559 639 2604 Quib.
668 2560 753 2592 alien.
771 2561 816 2591 lz'c.
838 2562 866 2592 δε
885 2570 935 2592 an-

65 2607 99 2629 te
120 2608 191 2629 eum
208 2599 360 2639 Ulpianus
376 2603 404 2633 d.
420 2601 439 2632 l.
462 2610 508 2633 11.
525 2602 553 2643 §.
571 2602 624 2633 ult.
643 2602 691 2633 D.
709 2603 737 2634 b.
754 2608 775 2632 t.
801 2602 877 2634 Hoc
896 2610 938 2633 ta-

65 2648 139 2686 men
156 2639 253 2679 ipsum
281 2642 372 2681 quale
395 2641 449 2680 fit,
474 2644 581 2683 paucis
604 2643 850 2675 confideremus.
873 2653 939 2675 non

68 2681 318 2727 enirn-ass‘entior
336 2682 475 2714 Eruclitis
494 2684 745 2725 interpretibus,
771 2685 876 2724 passim
899 2686 940 2725 ja-

67 2723 243 2760 ttannbus,
267 2723 374 2768 alienae
390 2726 552 2764 pecuniae,
577 2726 727 2766 quamdiu
746 2734 851 2766 extat,
877 2736 941 2758 non

67 2763 130 2794 else
154 2772 315 2802 mutuum:
341 2765 392 2795 ied
416 2765 659 2807 consumptione
686 2776 830 2799 mutuum
857 2767 942 2799 fieri:

69 2807 100 2836 c't
126 2803 450 2850 effe-argumentum3
474 2810 562 2846 quod
587 2818 653 2840 tum
679 2819 720 2841 ex
745 2819 782 2840 ea
808 2809 943 2840 nascitur

66 2846 241 2877 condistio,
266 2846 403 2878 Primum
421 2848 504 2878 enim
520 2850 589 2888 quis
611 2849 762 2882 Veterum
783 2852 814 2882 id
833 2851 944 2882 docuit

69 2887 243 2927 umquam?
267 2896 361 2932 nemo
380 2897 468 2919 unus.
492 2888 620 2922 Deinde
636 2893 786 2923 reclamat
802 2893 879 2933 juris
898 2902 944 2923 re-

67 2930 157 2969 gula:
176 2937 245 2967 quae
263 2929 356 2967 dicit,
377 2930 464 2969 quod
483 2930 521 2961 ab
537 2930 628 2962 initio
646 2933 793 2965 vitiosum
811 2933 945 2971 est,t1·a-

69 2971 121 3002 eiu
147 2970 302 3009 temporis
328 2979 392 3002 non
417 2971 639 3005 convalescere
662 2974 681 3006 l.
701 2985 748 3011 29-
769 2977 814 3006 D.
835 2977 868 3006 de
884 2984 943 3015 reg.

62 3012 124 3055 jur.
173 3012 212 3043 At
230 3013 336 3050 enim,
361 3011 548 3052 consumpta
565 3017 698 3054 pecunia
713 3016 812 3047 aliena
833 3025 945 3047 mutuo

69 3054 160 3090 data,
185 3051 321 3083 nascitur
345 3054 517 3085 condictio.
543 3053 578 3085 fit
604 3055 700 3095 igitur
726 3057 944 3098 consumptio-

68 3103 109 3127 ne
128 3101 271 3126 mutuum
291 3095 377 3134 quod
395 3103 467 3126 ante
495 3103 560 3127 non
583 3103 649 3129 erat
672 3106 827 3130 mutuum.
862 3097 946 3139 opti-

68 3145 138 3168 me:
162 3136 181 3167 fi
210 3136 272 3166 hoc
304 3145 523 3177 argumentum
558 3139 726 3170 duceretur
752 3140 791 3170 ab
820 3140 944 3172 actione

68 3177 252 3209 contractus
271 3186 337 3224 quo
353 3178 392 3208 de
409 3178 568 3219 quaeritur.
596 3178 648 3211 sed
667 3190 737 3221 quae
757 3182 786 3212 in
805 3181 944 3223 propofi-

71 3225 107 3251 to
131 3219 219 3252 datur
241 3219 425 3261 condictio,
447 3230 513 3254 non
537 3220 584 3254 est
611 3223 691 3255 certi
714 3222 877 3256 condictio
901 3233 943 3257 ex

1777 98 1847 147 εἴη

966 198 1106 228 mutuo:
1135 193 1187 226 sed
1212 190 1375 225 condictio
1408 192 1472 224 fine
1504 191 1603 224 causa.
1640 190 1712 223 'nam
1742 187 1845 221 aliena

967 236 1128 277 pecunia,
1161 235 1215 269 etfi
1252 234 1471 276 consumpta,
1503 236 1557 265 ubi
1593 242 1658 265 non
1698 230 1744 263 est
1775 241 1843 263 mu-

968 286 1055 309 tuum
1071 297 1081 316 ‚
1114 280 1196 317 apud
1221 276 1434 317 accipientem
1461 275 1507 308 est
1530 276 1593 308 fine
1616 272 1731 311 causa,
1764 272 1794 304 ὅ(
1819 273 1842 303 i-

966 320 1030 350 deo
1063 318 1268 350 condietione
1299 317 1362 349 fine
1397 317 1487 349 causa
1525 318 1649 358 optime
1686 320 1843 355 repetitur

964 360 1031 399 jure
1053 360 1195 400 gentium
1215 370 1222 391 :
1248 369 1287 390 ne
1314 360 1338 390 is
1363 361 1417 400 qui
1441 370 1509 391 eam
1533 356 1744 398 consumpsit,
1769 365 1842 387 cum

965 401 1067 432 aliena
1091 401 1201 441 injuria
1225 399 1278 431 fiat
1302 400 1496 439 locupletior
1531 401 1550 431 l.
1574 410 1622 441 32.
1647 399 1666 430 l.
1689 407 1734 434 19.
1761 397 1789 439 ἓ.
1816 406 1841 429 1.

967 442 1007 473 D.
1025 442 1053 472 b.
1073 448 1095 473 t.
1142 443 1183 473 Ut
1210 449 1245 472 ut
1270 441 1347 472 erit:
1379 440 1444 472 hoc
1476 440 1576 473 fixum
1602 443 1631 473 ἃ
1655 449 1757 472 ratum
1778 438 1843 476 est:

966 490 1120 520 oportere
1143 484 1272 514 dantem
1291 505 1301 520 ,
1331 490 1366 513 ut
1397 490 1542 514 mutuum
1566 483 1630 521 fit,
1661 481 1723 513 effe
1754 490 1844 519 num·

966 533 1091 557 morum
1116 524 1300 562 dominum,
1325 524 1354 554 ὃ(
1382 523 1442 555 hos
1470 524 1537 555 fieri
1559 522 1756 564 accipientis.
1800 522 1843 552 At

965 576 1026 598 nec
1049 565 1148 604 ipsum
1173 565 1242 596 satis
1266 565 1347 603 effe,
1379 574 1491 596 monet
1515 565 1627 596 Paulus
1653 567 1671 596 ι.
1700 575 1728 606 3.
1759 563 1786 605 §.
1816 573 1841 594 1.

966 608 1007 638 D.
1039 609 1072 638 cle
1104 607 1187 647 oblig.
1224 605 1259 640 ὅ)
1290 606 1344 637 aer.
1385 608 1454 647 plus
1487 608 1652 646 pullulat,
1683 616 1739 636 eos
1778 603 1843 636 dari

968 650 997 680 ὅ(
1014 649 1117 688 accipi
1144 649 1206 679 boc
1231 649 1355 687 animo,
1380 657 1415 679 ut
1439 648 1597 689 obligatio
1623 646 1843 678 constituatur.

967 690 1122 730 Idemque
1139 688 1309 721 confirmat
1326 690 1464 729 Julianus
1483 692 1512 721 d.
1531 691 1549 720 ι.
1570 698 1615 725 19.
1633 687 1709 719 Non
1725 689 1843 725 omnis,

966 733 1135 772 inquiens,
1168 735 1347 762 numeratio
1376 741 1448 763 eum
1475 732 1527 772 qui
1551 730 1679 770 accepit
1702 729 1845 770 obligat3

967 773 1019 805 sed
1038 774 1189 814 quotiens
1208 774 1239 803 id
1257 773 1356 814 ipsum
1374 774 1493 814 agitur,
1520 781 1553 804 ut
1578 768 1748 803 confestim
1767 770 1848 801 obli-

966 824 1112 856 garetur:
1144 821 1242 853 puto,
1267 816 1354 854 quod
1380 824 1477 846 nemo
1500 815 1570 845 vult
1597 812 1781 845 translatum
1800 811 1846 843 rei

968 860 1027 887 l‘uae
1046 854 1242 892 dominium,
1267 856 1320 887 nifi
1340 857 1454 887 habeat
1472 857 1615 894 causam,
1639 864 1694 885 cur
1712 851 1845 884 transfe-

968 906 1027 929 rat.
1073 898 1180 937 Atque
1205 898 1279 927 hinc
1298 899 1481 936 percrebuit
1498 899 1577 929 hoc:
1601 895 1697 928 Nuda
1714 895 1845 926 'traditio

969 948 1034 970 non
1054 936 1207 970 transfert
1231 938 1427 978 dominium,
1451 939 1503 971 sed
1525 940 1586 979 ita,
1610 939 1630 971 si
1655 935 1847 979 praecefferit

966 980 1045 1021 justa
1069 979 1175 1011 causa:
1199 989 1256 1010 cur
1280 982 1409 1012 traditio
1434 980 1618 1021 sequeretur
1641 981 1660 1010 l.
1679 989 1727 1021 3¹·
1755 981 1791 1009 l).
1815 980 1848 1008 de

968 1024 1034 1063 adq.
1058 1032 1111 1052 rer.
1131 1022 1202 1052 dom.
1247 1020 1294 1052 Ut
1310 1023 1405 1063 igitur
1421 1021 1556 1054 transeat
1573 1023 1771 1057 dominium,
1792 1029 1849 1051 eo-

968 1073 1030 1104 que
1048 1071 1192 1095 mutuum
1208 1061 1283 1102 fiat,
1301 1070 1433 1104 oportet
1450 1065 1481 1096 in
1499 1067 1646 1096 mutuum
1664 1063 1724 1095 effe
1743 1070 1759 1092 a
1775 1062 1851 1093 dans

969 1113 1002 1136 te
1026 1106 1055 1136 (St
1077 1106 1257 1145 accipiente
1281 1106 1480 1137 consensum.
1527 1105 1637 1148 Quid,
1661 1105 1681 1136 fi
1701 1106 1780 1136 alter
1797 1106 1851 1137 de·

970 1146 1042 1185 dit,
1074 1155 1234 1187 tamquam
1262 1148 1454 1186 donaturus3
1485 1147 1564 1179 alter
1586 1146 1742 1187 accipiat,
1773 1155 1851 1179 tam·

969 1197 1063 1229 quam
1083 1196 1226 1219 mutuum
1237 1188 1323 1228 ‘.>jam
1341 1188 1489 1220 diffensus
1506 1188 1551 1221 est
1572 1191 1612 1220 de
1627 1188 1787 1220 causazde
1797 1198 1850 1219 eo·

969 1239 1032 1270 que
1056 1230 1092 1261 lis
1111 1229 1155 1260 est
1185 1232 1267 1261 inter
1290 1230 1447 1269 Julianum
1472 1231 1490 1261 l.
1507 1235 1556 1271 36.
1584 1233 1628 1262 l).
1654 1231 1686 1261 cle
1706 1234 1770 1271 aslq.
1790 1238 1847 1262 rer.

969 1273 1042 1302 dom.
1064 1271 1093 1302 ὅτ.
1110 1269 1283 1310 Ulpianum
1304 1272 1322 1302 l.
1337 1277 1382 1305 18.
1404 1271 1442 1302 D.
1460 1272 1514 1303 lm.
1541 1271 1592 1303 De
1610 1272 1696 1311 cujus
1716 1277 1853 1312 compo&

968 1312 1082 1345 fitione
1102 1314 1240 1343 viderint
1255 1312 1468 1345 Eruditiores.
1500 1323 1562 1354 ego
1585 1315 1669 1344 enim
1691 1315 1848 1354 desper‘03

969 1353 1024 1386 etfi
1043 1363 1114 1394 quae
1131 1354 1169 1385 ab
1186 1354 1252 1386 aliis
1268 1355 1482 1386 adferuntur?
1506 1365 1569 1386 non
1588 1355 1714 1396 ignoro.

1009 1395 1142 1427 lutei-im
1165 1395 1365 1427 absoluturus
1383 1420 1393 1434 ‚
1426 1404 1462 1427 ut
1494 1397 1670 1437 proposui,
1706 1397 1851 1429 naturam

969 1439 1088 1475 mutui,
1112 1438 1215 1468 adhuc
1246 1438 1406 1478 subjiciam
1429 1447 1529 1477 pauca
1554 1439 1593 1469 de
1616 1437 1680 1470 fine
1703 1439 1732 1470 &
1760 1438 1850 1470 exitu

968 1480 1045 1520 ejus.
1068 1479 1098 1510 ἂ
1117 1478 1189 1519 quia
1209 1480 1271 1519 jam
1291 1479 1428 1517 dietum,
1446 1481 1477 1510 in
1497 1488 1609 1511 mutuo
1630 1482 1779 1511 utendam
1798 1481 1852 1511 daffn'

968 1530 992 1552 ri
1012 1521 1242 1560 quantitatem:
1265 1521 1396 1552 rationis
1418 1520 1481 1558 est,
1505 1531 1574 1552 eam
1601 1521 1660 1552 hac
1678 1520 1748 1562 lege
1766 1523 1853 1561 dam

970 1570 1004 1593 ut
1023 1564 1222 1594 tantumdem
1243 1563 1393 1594 reddatur
1415 1562 1447 1593 in
1464 1563 1580 1593 eodem
1605 1568 1744 1603 genere,
1770 1563 1799 1594 ὅ(
1817 1563 1852 1595 iri

969 1604 1081 1635 eadem
1100 1604 1264 1645 qualitate.
1289 1606 1426 1644 primum
1452 1611 1620 1644 putemus,
1645 1604 1674 1635 in
1693 1613 1806 1635 mutuo
1820 1614 1853 1635 a·

969 1646 1018 1687 gi,
1043 1654 1077 1676 ut
1096 1647 1185 1685 quod
1203 1646 1311 1677 datum
1330 1645 1394 1684 est,
1418 1646 1586 1676 reddatur:
1612 1654 1683 1676 nam
1707 1645 1726 1676 fi
1745 1645 1853 1686 detur,

971 1697 1012 1719 ne
1030 1685 1231 1726 restituatur3
1255 1687 1315 1719 crit
1333 1687 1467 1719 donatio
1485 1695 1582 1727 atque
1597 1685 1626 1717 in
1645 1695 1852 1727 perpetuum,

971 1729 1001 1760 &
1026 1727 1101 1760 ideo
1128 1738 1194 1760 non
1218 1736 1363 1760 mutuum
1381 1751 1390 1767 ‚
1422 1728 1473 1760 sed
1501 1727 1675 1769 proprium.
1706 1733 1854 1761 mutuum

971 1778 1077 1802 autem
1096 1778 1161 1802 non
1181 1771 1272 1802 datur
1289 1773 1320 1802 in
1338 1779 1550 1810 perpetuum,
1571 1769 1622 1802 sed
1641 1771 1794 1802 utendum
1814 1766 1854 1803 ad

971 1819 1107 1853 tempus.
1131 1814 1173 1844 ita
1199 1812 1297 1844 habet
1319 1813 1528 1844 donationem
1549 1835 1557 1851 ,
1590 1821 1654 1843 non
1680 1812 1711 1843 in
1737 1817 1853 1852 perpe-

972 1862 1084 1892 tuum,
1110 1854 1161 1885 sed
1180 1856 1217 1886 ad
1235 1863 1381 1894 tempus,
1406 1854 1435 1885 &
1454 1854 1527 1885 ideo
1547 1855 1755 1885 reddendum.
1780 1852 1853 1886 Hae

972 1896 1097 1928 ratione
1116 1896 1218 1928 Varro
1235 1894 1283 1927 lib.
1302 1906 1332 1936 4.
1354 1895 1399 1927 De
1417 1896 1489 1937 ling.
1509 1890 1610 1927 Latin.
1631 1901 1701 1938 pag.
1724 1905 1771 1932 29·
1818 1896 1857 1928 S?

972 1939 1060 1969 datur
1076 1940 1152 1979 quod
1169 1940 1324 1976 reddatur,
1350 1944 1496 1968 mutuum.
1532 1936 1605 1968 Nec
1627 1937 1685 1968 alia
1705 1936 1854 1977 Plautus,

976 1980 1096 2011 Curcul.
1119 1988 1143 2010 1.
1167 1989 1192 2011 1.
1207 1989 1256 2020 47.
1282 1978 1446 2020 proprium
1465 1988 1482 2009 a
1502 1987 1614 2011 mutuo
1632 1979 1770 2018 separat:
1783 1988 1856 2020 pro=

976 2022 1078 2062 prium
1105 2031 1244 2059 vocans,
1269 2023 1355 2061 quod
1381 2030 1446 2052 non
1471 2028 1574 2062 cogor
1598 2022 1758 2052 reddere:
1787 2030 1856 2052 mu·

977 2072 1064 2094 tuum
1083 2071 1211 2102 contra,
1238 2064 1325 2103 quod
1343 2071 1444 2103 cogor
1469 2063 1612 2094 reddere.
1635 2070 1731 2102 atque
1756 2062 1858 2103 ipsum·

978 2114 1109 2145 quoque
1134 2105 1212 2135 sono
1231 2105 1319 2135 verbi
1338 2105 1534 2135 continetur.
1560 2103 1655 2143 Scio,
1679 2105 1809 2136 Paulum
1834 2105 1856 2136 l.

977 2156 1003 2178 2.
1026 2146 1053 2188 ᾗ.
1074 2156 1101 2178 2.
1119 2147 1145 2176 h.
1166 2152 1186 2178 t.
1211 2146 1336 2183 dicere,
1362 2147 1461 2177 mutui
1484 2145 1644 2177 dationem
1672 2145 1734 2177 effe
1750 2145 1859 2187 appes-

977 2188 1072 2219 latam
1099 2188 1138 2218 ab
1156 2197 1216 2226 en,
1242 2189 1329 2228 quod
1347 2188 1387 2219 de
1403 2196 1477 2218 meo
1497 2195 1585 2218 tuum
1611 2187 1658 2219 fit.
1705 2187 1776 2219 Nec
1801 2189 1859 2219 ime'

978 2231 1101 2269 probo:
1128 2237 1285 2267 quatenus
1312 2230 1378 2269 ejus
1403 2228 1569 2269 proposito
1596 2228 1690 2260 servit
1710 2230 1797 2261 verbi
1815 2229 1858 2261 al-

980 2271 1066 2303 lufio‘
1080 2281 1143 2302 non
1164 2272 1341 2312 inelegans.
1370 2281 1475 2312 neque
1493 2270 1679 2310 infrequens
1697 2270 1859 2310 juriscon-

981 2312 1075 2345 sultis.
1101 2312 1163 2344 Sed
1181 2322 1216 2343 ea
1234 2323 1297 2344 non
1317 2312 1439 2351 obstat3
1464 2322 1523 2350 ne,
1548 2313 1619 2342 vice
1639 2313 1743 2351 versa,
1767 2320 1858 2345 tuum

980 2359 1051 2386 inea
1068 2354 1198 2385 datione
1213 2354 1350 2392 fastum,
1365 2363 1416 2385 tua
1434 2355 1615 2385 redditione
1632 2354 1733 2385 rursus
1752 2356 1859 2387 meum'

980 2395 1045 2427 fiat.
1073 2404 1136 2427 non
1153 2405 1235 2435 opus
1254 2395 1377 2428 verbis:
1395 2394 1686 2436 reciprocationem
1707 2396 1860 2428 evincen-

981 2443 1014 2468 te
1040 2437 1121 2468 hanc
1146 2437 1201 2468 usu
1221 2437 1323 2468 Latini
1348 2437 1521 2475 sermonis,
1547 2435 1628 2468 soliti
1656 2447 1772 2469 vocare
1793 2448 1859 2470 mu-

980 2487 1034 2510 tua
1050 2488 1119 2519 quae
1143 2476 1213 2513 sunt
1235 2480 1410 2519 reciproca.
1455 2478 1531 2510 Hoc
1557 2479 1656 2510 modo·
1683 2474 1860 2512 Terentius

982 2521 1100 2553 Phorm.
1124 2530 1151 2551 2.
1176 2529 1202 2552 1.
1227 2530 1276 2561 37.
1313 2519 1390 2551 dicit
1415 2521 1548 2551 Mutum
1572 2526 1668 2560 operas
1691 2530 1760 2561 quae
1789 2521 1859 2554 sunt

981 2563 1177 2602 reciprocae:
1209 2561 1397 2602 Papinianus
1413 2583 1423 2600 ,
1459 2561 1600 2592 Mutuum
1622 2563 1814 2602 pausationem
1837 2564 1859 2596 l.

982 2612 1032 2644 39.
1052 2604 1099 2634 D.
1120 2603 1213 2635 Solut.
1242 2603 1368 2633 matrim.
1391 2602 1420 2634 &
1447 2601 1601 2644 Ulpianus
1629 2603 1807 2636 Mzctzmtum
1828 2612 1861 2636 a:

983 2654 1088 2675 morem
1110 2645 1127 2675 l.
1154 2654 1177 2675 1.
1203 2645 1245 2675 D.
1271 2645 1305 2674 de
1323 2646 1420 2676 donat.
1447 2645 1498 2676 int.
1517 2646 1573 2676 vz'r.
1596 2644 1633 2679 δὲ’
1651 2655 1734 2677 uxor.
1782 2645 1860 2678 Non

986 2687 1081 2726 igitur
1107 2685 1151 2716 est
1179 2692 1340 2725 mutuum3
1365 2685 1419 2717 nifi
1445 2695 1570 2727 agatur,
1597 2695 1630 2717 ut
1655 2688 1748 2719 detur
1765 2688 1792 2718 ὅ(
1810 2688 1862 2719 da-

987 2734 1054 2758 tum
1079 2726 1269 2758 restituatur.
1326 2727 1495 2770 Quando?
1520 2729 1659 2768 semper,
1684 2738 1755 2760 cum
1773 2730 1858 2759 danti

987 2770 1122 2799 videtur.
1148 2769 1270 2808 optima
1293 2769 1352 2800 hac
1374 2769 1516 2802 ratione:
1542 2771 1613 2810 quia
1638 2779 1779 2801 mutuum
1803 2770 1859 2807 (uc

989 2818 1030 2841 cx
1049 2809 1159 2841 Nonio
1176 2810 1388 2842 demonstravi
1413 2810 1460 2842 lib.
1489 2820 1512 2842 1.
1534 2812 1577 2842 De
1593 2812 1704 2850 [ωπον.
1723 2811 1759 2845 {9⁹
1775 2818 1856 2843 usur.

988 2861 1011 2882 c.
1027 2852 1076 2890 6.)
1099 2850 1145 2882 est
1166 2853 1356 2892 gratuitum,
1383 2852 1413 2884 <Sc
1436 2852 1535 2885 fimile
1559 2852 1719 2883 beneficio
1739 2863 1746 2882 ε
1771 2849 1861 2890 quod

989 2893 1060 2932 quis
1076 2893 1148 2929 dat,
1164 2899 1236 2924 cum
1257 2894 1342 2932 vult3
1358 2902 1418 2924 nec
1438 2895 1537 2934 ultra,
1557 2901 1648 2933 quam
1669 2893 1746 2924 vult.
1770 2893 1860 2925 Plau-

989 2941 1057 2972 tus,
1084 2933 1248 2965 Trinummo
1262 2944 1292 2975 5.
1314 2945 1342 2967 2.
1361 2938 1389 2965 6.

1028 2991 1038 2998 -
1069 2993 1079 3000 -
1109 2994 1118 3000 -
1152 2975 1327 3016 Beneficium
1352 2979 1458 3009 bomini
1479 2977 1627 3018 proprium
1650 2975 1726 3015 quod
1753 2977 1862 3018 datur3

1107 3019 1256 3058 proprium
1272 3021 1434 3059 sumpserit.

1032 3057 1120 3101 Quod
1135 3060 1237 3090 datum
1251 3059 1290 3101 est
1306 3062 1464 3098 utendum,
1488 3058 1518 3089 id
1531 3057 1683 3098 repetundi
1697 3060 1776 3100 copia
1797 3057 1859 3101 ‹2³stss

1107 3104 1221 3141 quando
1238 3103 1317 3133 velis.-

986 3137 1074 3175 Idem
1098 3142 1184 3173 Pedo
1202 3142 1423 3175 Albinovanus
1441 3141 1523 3181 Eteg.
1549 3141 1574 3171 ι’.
1593 3140 1670 3180 verst
1685 3145 1756 3182 369:

1026 3183 1104 3217 Vita
1127 3186 1197 3215 data
1214 3183 1253 3225 eft
1270 3184 1396 3220 utenda,
1422 3184 1489 3212 data
1505 3179 1543 3222 est
1552 3180 1739 3222 finefoenora
1754 3185 1834 3216 nobis

1068 3226 1186 3258 Mutua
1198 3249 1206 3264 ‚
1229 3237 1280 3259 nec
1296 3231 1373 3258 cena
1383 3224 1571 3265 persoluenda
1585 3224 1640 3258 die.

1106 3268 1171 3300 Lm
1193 3277 1214 3308 3
1754 3257 1863 3302 Euan-t
