2036 3495
627 99 903 145 JtrL1us
957 97 1375 144 Pantus‚&c.

103 192 269 226 mortalium
289 190 374 231 poffet
391 188 547 231 ignoscere,
565 187 620 227 nifi
628 187 708 231 jaffa
720 186 842 228 feczffes.
865 188 924 220 alia
940 193 984 237 ta-

103 244 166 267 men
186 235 307 264 conditio
325 232 363 274 eJl
381 242 478 263 eorum
495 231 599 273 quibus
622 231 737 261 obvium
748 236 863 269 patrem
879 236 984 278 quaerit

103 275 310 317 exponentium
327 281 496 315 paupertas.
531 272 578 303 ille
600 271 775 313 relinquitur
792 270 849 302 loto
867 272 983 304 celebri.-

104 325 176 349 tunc
202 316 238 351 ὅ)
262 317 329 347 libet
350 314 491 355 custodire
505 315 606 355 longe,
629 311 804 361 &spebtare
812 314 981 362 fortunam.

101 360 186 391 aliter
209 359 359 389 abdicatur
385 366 467 399 quem
487 354 572 398 juffit
597 362 698 394 expom
714 376 723 392 ,
748 364 799 396 quz
822 356 981 396 relinquere

96 406 212 442 poterat
238 401 374 431 heredem.
417 397 479 429 Sed
505 397 582 438 quid
599 397 643 428 est
655 396 671 428 ἵ)
695 403 802 443 utrum
820 396 873 441 lex
891 399 929 429 ad
947 407 980 428 u-

103 450 269 482 tramque.
293 450 330 474 an
353 440 391 471 ad
407 439 556 478 alteram,
581 437 815 479 expositionem
834 438 979 485 spcssat?

103 491 138 514 ut
155 484 239 520 dixi,
257 483 363 522 potuit
381 481 527 512 dubitari.
554 481 619 511 imo
638 489 679 511 ex
695 479 782 511 faCto
800 480 979 528 dubitatum

102 524 166 556 fuit
183 534 199 555 a
217 524 342 561 Probo,
367 522 525 554 Praefecto
544 522 720 559 Praetorio,
740 522 779 553 ad
793 530 890 568 quem
909 532 979 569 mis-

100 566 129 597 sa
145 567 172 597 d.
190 565 207 596 l.
229 570 257 600 8.
282 564 343 596 fuit
360 574 386 594 a.
404 564 434 594 d.
458 562 529 594 VII.
555 562 628 594 idus
647 563 830 601 Februarii,
854 562 978 609 Gratia-

102 617 145 638 no
158 606 211 638 Ill.
228 607 258 638 ἁ
274 605 424 645 Equitio,
443 604 643 636 Consulibus.
669 604 720 635 sed
741 604 978 638 dubitationem

101 648 252 680 sustulere
277 647 490 687 Imperatores
509 648 536 676 d.
555 647 573 676 l.
593 656 619 677 2.
641 646 673 677 C.
697 647 730 677 de
745 647 913 686 infantibus
929 657 979 678 ex-

1841 119 1914 157 477

1026 189 1274 223 nimadverfioni
1291 199 1362 231 quae
1379 191 1552 226 constituta
1567 195 1631 228 est:
1654 195 1686 229 id
1702 196 1768 238 est,
1791 200 1911 239 capita-

1025 231 1069 271 li,
1094 231 1275 264 constitutae
1301 234 1332 265 in
1358 234 1387 266 d.
1407 235 1426 267 l.
1445 239 1474 270 8.
1494 246 1634 278 -nempe,
1659 239 1731 280 quia
1749 241 1907 282 interpre-

1026 273 1083 304 tati
1109 273 1196 313 sunt,
1222 275 1336 307 tentari
1361 285 1476 309 necem
1500 278 1629 312 infantis
1650 282 1701 312 cui
1724 290 1781 323 per
1798 285 1909 316 condi-

1027 315 1150 348 tionem
1174 317 1259 348 suam
1281 327 1387 358 egeno
1409 319 1519 351 alienae
1546 321 1576 352 u&
1604 323 1731 362 pietatis
1749 325 1778 356 &
1795 326 1907 365 provi-

1025 357 1141 388 dentiae
1165 358 1340 397 (caducum
1366 360 1450 392 enim
1474 363 1558 394 circa
1582 363 1670 395 initia
1688 366 1822 405 animal,
1846 367 1903 399 ho·

1023 398 1125 430 mines
1149 399 1271 432 sumus:
1296 409 1332 433 ut
1356 400 1573 444 Quintilianus
1590 405 1634 436 ait
1650 407 1678 436 d.
1698 407 1771 448 loc.)
1795 410 1903 441 omnia

1023 448 1179 481 negantur
1203 451 1219 472 a
1242 444 1507 485 parentibusqui
1523 469 1533 484 ,
1559 447 1693 479 volente
1716 457 1845 488 natura,
1870 451 1902 483 ei

1023 484 1131 514 omnia
1163 483 1285 515 debent
1316 486 1354 516 ad
1385 489 1554 519 arcendam
1580 497 1694 521 necem
1720 491 1902 524 necessaria.

1023 523 1124 565 Quod
1144 534 1257 556 omnes
1284 525 1453 558 Christiani
1470 528 1671 569 Scriptores,
1696 531 1748 564 sed
1766 533 1795 563 &
1810 535 1903 565 multi

1022 565 1158 606 Pagani,
1182 566 1383 608 sentiebant3
1406 576 1441 600 ut
1457 579 1497 601 ex
1513 570 1614 610 locis,
1635 571 1724 613 supra
1740 574 1902 616 allegatis,

1020 607 1229 649 intelligitur:
1254 610 1370 649 quibus
1397 609 1450 641 hic
1467 620 1526 652 pro
1543 614 1674 644 cumulo
1693 616 1806 648 addam
1823 617 1903 649 illud

1022 648 1145 688 Plauti,
1169 647 1346 691 Cistellaria,
1371 651 1429 683 αὲῐ.
1451 654 1534 693 4.sc.
1556 664 1582 686 1.
1599 655 1672 692 verss
1696 665 1741 686 12.

95 689 195 731 pontis
219 698 288 729 quae
314 691 385 719 data
414 687 459 718 est
483 688 522 718 ad
547 688 697 719 eumdem
722 688 864 720 Probum
890 688 924 721 P.
944 690 979 722 Ρ.
1304 737 1310 742 υ
1394 712 1448 718 --
1469 713 1522 718 —.
1544 714 1597 745 —⁴
1617 697 1788 744 *crepundia
1822 741 1826 747 Ι

101 730 157 763 lV.
182 729 293 761 Nonas
312 729 424 761 Martii
437 753 446 768 ,
471 730 587 760 eodem
606 739 700 761 anno.
748 728 931 762 Voluerunt
948 740 979 762 e·
1063 731 1235 772 Hcecsunt,
1258 736 1428 776 quibuscum
1444 741 1478 768 tu
1490 736 1622 779 extulisti
1639 737 1765 779 nostram
1776 739 1903 781 filiolam

100 774 185 810 nim,
210 781 470 812 unumquemque
489 770 572 802 suam
593 772 714 802 nutrire
733 770 896 818 sobolem:
921 781 977 811 ac,
1098 775 1136 805 ad
1152 784 1257 806 necem.

100 813 122 846 fi
139 814 208 854 quis
224 814 446 854 exponendam
466 812 647 853 putaverit,
672 821 746 845 eum
772 811 930 854 subjacere
946 822 977 844 a·

844 918 872 954 C
896 930 917 954 A
944 929 962 953 1²
988 927 1012 952 υ
1036 928 1060 952 τ
1116 918 1162 952 Χ.

99 1010 151 1046 De
166 1011 328 1057 praeceptis
337 1010 443 1056 juris:
470 1007 511 1049 ὃ)
534 1021 588 1055 quo
600 1007 693 1056 sensa
712 1010 865 1056 Ulpianus
887 1008 909 1043 l.
929 1018 982 1043 10.
999 1005 1028 1053 ᾗ.
1047 1017 1078 1043 1.
1095 1007 1140 1043 D.
1158 1008 1195 1044 de
1213 1009 1355 1057 ngsiitia
1374 1010 1416 1052 ἐξ)
1434 1014 1519 1059 Jure
1543 1016 1675 1061 dixerit,
1700 1017 1792 1064 Juris
1814 1030 1903 1066 prae-

150 1070 252 1105 cepta
269 1060 343 1093 haec
360 1058 443 1101 effe,
472 1058 613 1093 honeste
635 1059 773 1101 vivere,
802 1058 943 1092 alterum
964 1068 1031 1090 non
1048 1055 1191 1099 laedere,
1219 1059 1315 1093 suurn
1341 1061 1465 1108 cuique
1493 1063 1651 1101 tribuere.

1706 1067 1749 1101 Et
1766 1071 1905 1114 quomodo

149 1120 185 1143 ea
203 1108 439 1155 distinguantur
454 1121 475 1142 a
492 1107 575 1154 legis
589 1107 716 1142 virtute
733 1119 826 1152 quam
853 1106 1047 1154 Modestinus
1065 1106 1087 1142 l.
1107 1117 1141 1152 7.
1161 1107 1205 1143 D.
1235 1108 1278 1143 dev
1295 1109 1415 1155 legibus
1448 1112 1496 1146 ait
1522 1111 1596 1158 effi,
1624 1115 1817 1162 Imperare,
1843 1131 1904 1155 ve-

148 1167 239 1200 tare,
265 1158 484 1204 permittere,
510 1168 642 1203 punire.

177 1276 219 1298 oc
234 1274 330 1305 caput
347 1266 504 1306 postulat,
521 1273 557 1297 ut
572 1266 728 1307 inquiram
740 1289 749 1304 ,
766 1265 841 1305 quid
853 1265 908 1312 fibi
927 1274 978 1312 ve-

97 1267 171 1342 H
192 1309 225 1339 lit
244 1307 398 1348 Ulpianus
414 1308 433 1338 l.
455 1316 500 1339 io.
515 1314 561 1347 pr.
580 1308 609 1348 §.
631 1317 657 1339 1.
677 1307 714 1341 ἐξ
731 1317 758 1338 2.
776 1306 819 1339 D.
846 1304 975 1348 dejustz-

99 1354 142 1384 zia
166 1351 202 1385 &²
221 1351 308 1391 jare3
332 1358 404 1380 cum
430 1348 472 1379 fic
495 1347 621 1387 scribit,
644 1348 775 1395 Juslltia
789 1346 828 1385 esi
844 1346 978 1395 constans

99 1394 137 1428 ἐξ
148 1398 287 1434 perpetua
302 1391 438 1421 voluntas
446 1390 598 1431 jussuum
616 1392 718 1431 cuique
734 1391 890 1420 tribuendi.
916 1390 977 1430 Ju-

97 1437 137 1467 ris
156 1438 296 1476 praecepta
315 1432 384 1470 litut
408 1432 482 1462 hoec:
505 1429 615 1471 honeste
638 1433 756 1469 vivere,
778 1431 904 1461 alterum
921 1441 979 1478 non

100 1476 213 1513 laedere,
236 1476 320 1511 suum
335 1475 435 1514 cuique
455 1473 585 1504 tribuere.
614 1472 861 1520 Jurz'sprudentz'a
878 1470 917 1520 effi
934 1473 977 1503 ἀι-

100 1521 239 1550 vinariam
263 1522 349 1555 atque
373 1515 564 1545 humanarum
588 1523 684 1545 rerum
699 1515 823 1560 notitia.-
838 1513 914 1555 Jquz
933 1519 978 1560 af·

102 1569 159 1601 que
179 1555 281 1599 injusti
296 1557 428 1593 scientia.
469 1555 552 1587 Nam
569 1556 599 1586 ἅ
617 1564 782 1595 exponere
800 1555 833 1586 id
851 1554 979 1601 promisi

98 1594 206 1641 capite
224 1596 312 1630 VIII.
336 1597 426 1635 hujus
448 1596 538 1635 libri;
563 1597 593 1628 &
615 1597 668 1628 nisi
692 1596 806 1639 fallor,
831 1597 978 1642 eritpul-

98 1642 183 1674 chrae
208 1650 257 1672 res
283 1638 512 1677 inquilinorum
533 1638 721 1679 juvabitque
747 1647 783 1669 ea
800 1647 871 1679 quae
889 1637 979 1687 supra

98 1683 189 1715 attuli
216 1682 255 1712 ad
281 1679 478 1711 intelleCmm
498 1680 585 1711 Pauli
604 1679 623 1711 l.
639 1689 670 1719 4.
688 1679 732 1711 D.
747 1680 780 1710 de
794 1681 979 1721 agnoscendis

98 1724 136 1759 {ff
152 1724 263 1755 alendis
278 1722 383 1751 liberis.
410 1720 570 1759 Principio
587 1729 693 1752 autem
710 1723 872 1759 monebo,
889 1722 977 1768 quod

98 1767 124 1798 is
142 1766 231 1796 locus
249 1762 293 1794 est
309 1772 347 1793 ex
368 1761 491 1802 Ulpiani
505 1762 552 1793 leo.
569 1771 594 1793 1.
619 1761 818 1803 Regularum:
835 1761 876 1794 fic
891 1772 977 1795 enim

97 1807 198 1838 habet
214 1806 278 1845 ejus
296 1803 473 1843 inscriptio.
513 1801 641 1835 Deinde
658 1804 790 1842 addam,
816 1804 903 1844 quod
921 1802 976 1837 UI-

96 1849 228 1888 pianus,
246 1854 317 1876 cum
337 1844 425 1884 Juris
436 1850 578 1885 praecepta
591 1845 686 1883 dicit,
703 1854 767 1877 non
785 1844 868 1883 juris
885 1855 977 1888 regu·

96 1890 162 1927 las,
186 1888 238 1920 seu
254 1886 306 1927 Jus
324 1887 484 1925 civitatis,
510 1887 537 1916 ἃ
555 1885 678 1926 Legum
696 1887 847 1925 decreta,
870 1896 907 1933 ac
924 1888 978 1919 de-

96 1930 278 1967 finitiones,
303 1928 416 1969 quibus
439 1928 469 1959 in
499 1926 585 1959 Foro
610 1929 699 1960 locus
717 1927 782 1966 est,
806 1928 977 1969 fignificat:

96 1971 152 2004 sed
174 1970 454 2011 jurisprudentiae,
478 1968 542 2000 five
566 1968 678 2001 Civilis
702 1968 890 2009 Sapientiae,
914 1970 977 2002 sive

98 2014 186 2045 Artis
204 2011 285 2052 aequi
304 2011 330 2041 ἃ
344 2011 438 2049 boni,
456 2019 550 2050 quam
568 2010 652 2042 idem
674 2009 830 2051 Ulpianus
845 2010 907 2051 Jus
924 2021 976 2052 np-

94 2054 196 2095 pellat
219 2053 240 2084 l.
266 2062 292 2084 1.
320 2051 363 2083 D.
389 2053 422 2082 de
441 2050 556 2091 jzislz'tia
580 2051 715 2093 &jnre,
740 2051 894 2084 suasiones
911 2052 976 2085 sive

95 2094 336 2127 admonitiones
362 2094 401 2124 ad
424 2093 585 2133 justitiam.
631 2092 732 2134 Quod
757 2101 792 2124 ut
812 2094 974 2134 censeam,

95 2144 210 2169 movet
227 2144 277 2167 me
296 2134 416 2166 Austor
434 2134 555 2175 Dialogi
573 2133 620 2165 De
636 2133 842 2174 oratore,sive
858 2137 891 2166 de
908 2146 974 2172 cau-

91 2177 133 2217 sis
150 2183 289 2217 corruptae
305 2177 468 2217 eloquentice
484 2186 506 2206 c.
523 2186 572 2215 32.
602 2175 649 2207 his
668 2177 784 2208 verbis.
834 2176 879 2208 Ut
894 2179 976 2219 igno-

97 2225 163 2252 rent
182 2220 272 2259 leges,
294 2227 352 2248 non
372 2223 487 2248 teneant
496 2217 765 2257 finatzlsconsulta,
776 2219 829 2260 jus
844 2220 975 2250 civitatis

96 2261 173 2292 ultro
200 2261 367 2297 derideant,
382 2259 534 2299 sapientiae
556 2268 623 2289 vero
635 2258 765 2300 studium
783 2259 820 2295 ὃ)
831 2267 975 2302 praecepta

91 2303 271 2345 prudentum
290 2301 410 2341 penitus
435 2300 632 2339 reformident.
676 2301 729 2332 Sic
751 2302 825 2340 ille;
849 2301 974 2343 Leges,

93 2341 391 2380 Senatusconsulta,
410 2341 439 2372 &
455 2342 507 2380 jus
520 2342 677 2381 civitatis,
694 2352 710 2373 a
728 2342 897 2383 Sapientiae
914 2344 973 2376 stu-

94 2386 165 2423 dio,
191 2385 221 2416 &
237 2385 407 2424 praeceptis
425 2381 622 2414 Prudentum
634 2407 644 2422 ,
668 2384 751 2415 clare
768 2384 973 2426 distinguens.

92 2426 184 2468 Juris
208 2427 302 2465 igitur
322 2430 465 2465 praecepta
488 2433 552 2456 non
572 2424 641 2456 sunt
659 2425 773 2467 Legis,
799 2427 973 2473 necSena-

95 2468 366 2500 tusconsultorum
378 2489 386 2504 ,
404 2466 544 2506 denique
561 2475 624 2498 non
642 2466 724 2506 Juris
744 2469 903 2515 civitatis,
924 2478 971 2515 re-

93 2511 174 2550 gulae
198 2519 235 2540 ac
260 2510 407 2547 decreta,
433 2506 484 2539 sed
500 2507 761 2548 jurisprudentiae
777 2510 971 2542 admonitio·

93 2561 150 2582 nes
176 2550 214 2581 ad
229 2550 387 2589 Justitiam.
425 2550 579 2590 praecipere
596 2551 681 2582 enim
704 2550 825 2583 Latinis
843 2552 888 2584 est
904 2561 970 2584 non

92 2591 194 2622 modo
207 2591 317 2630 jubere
329 2614 337 2628 ,
355 2590 406 2621 sed
425 2591 520 2621 etiam
537 2591 657 2624 docere
675 2592 867 2625 &monere:
885 2596 970 2625 unde

88 2638 245 2673 praeceptor
258 2632 341 2663 idem
360 2634 413 2669 qui
432 2632 547 2664 doctor
565 2633 595 2664 &
609 2634 763 2666 monitor.
788 2634 864 2666 Hoc
882 2634 969 2667 sensu

93 2673 276 2705 Lactantius
292 2673 340 2709 lib.
359 2676 390 2703 6.
408 2672 516 2704 Divin.
535 2673 632 2714 Instit.
652 2685 675 2706 c.
694 2679 723 2708 6.
747 2676 830 2720 Qui,
846 2677 968 2717 inquit,

94 2724 173 2746 error
189 2723 245 2743 non
257 2714 334 2743 modo
349 2713 448 2752 populi
465 2713 501 2748 ὅ)
517 2716 733 2756 imperitorum,
748 2719 795 2752 sed
807 2720 893 2749 etiam
905 2719 968 2758 phi-

95 2755 272 2795 losophorum
289 2752 390 2795 estqui
399 2761 540 2794 precepta
552 2766 662 2798 qaoque
680 2759 752 2790 dant
766 2758 968 2801 adjustitiam.

92 2797 174 2829 Item
197 2805 221 2826 c.
251 2805 296 2826 10.
334 2795 385 2826 Aa
411 2796 484 2826 hanc
504 2803 613 2837 partem
633 2800 864 2840 philosophorum
886 2801 970 2833 nulla

86 2842 231 2878 praecepta
248 2840 325 2872 lznzt.
362 2835 405 2867 Et
421 2847 445 2868 c·
466 2847 512 2868 12.
546 2839 719 2878 Ignorantia
732 2844 795 2873 veri
804 2843 886 2884 juris
895 2850 967 2883 pru-

91 2881 161 2911 dens
179 2878 319 2918 nesciens
341 2879 371 2908 in
396 2878 443 2908 hos
455 2881 488 2917 se
508 2879 620 2920 laqueos
640 2883 779 2921 induxit,
802 2886 877 2925 quod
893 2891 927 2914 ut
945 2885 970 2916 ei

90 2920 175 2962 poffit
192 2920 318 2960 ignosci,
342 2916 508 2959 testificatus
532 2919 588 2961 eft,
611 2931 666 2953 non
684 2925 721 2955 ad
742 2934 841 2956 veram
853 2923 967 2966 justiti-

93 2973 141 2995 am
157 2972 244 3004 quam
267 2970 323 2991 non
341 2966 453 2999 teneat,
472 2969 611 3003 praecepta
627 2963 662 3002 se
679 2965 765 3003 dare,
780 2966 834 3005 sed
851 2968 888 2997 ad
904 2977 967 2997 um-

93 3005 174 3036 bram
197 3003 408 3043 imaginemque
430 3001 558 3043 justiciae.
590 3005 791 3045 ignajtendum
813 3005 852 3047 esi
874 3010 967 3048 igitur

92 3045 249 3076 umbratico
272 3043 309 3078 δέ)
331 3044 503 3084 imaginario
522 3047 711 3084 praeceptori,
740 3049 837 3087 quise
861 3050 969 3086 nescire.

86 3087 233 3126 fateatur.
261 3085 360 3126 Igitur
376 3086 744 3126 praeceptajarz'sUlpiano
760 3097 823 3119 non
842 3088 909 3120 sunt
925 3091 967 3121 le-

92 3127 160 3168 gis,
183 3134 235 3158 aut
250 3117 331 3166 Jtiris
348 3125 478 3163 Civilis,
503 3130 649 3166 decreta,
676 3127 729 3159 seu
754 3130 889 3170 regulae3
912 3131 965 3164 sed

94 3167 180 3199 Artis
196 3167 277 3207 aequi
293 3167 323 3198 &
342 3168 419 3199 boni
438 3169 475 3199 ad
490 3168 638 3208 justitiam
659 3170 906 3204 admonitiones.

1020 1264 1086 1304 est,
1109 1274 1179 1297 eam
1195 1264 1258 1298 ess‘e
1274 1266 1360 1299 Artis
1377 1267 1491 1301 nostrae
1509 1270 1666 1304 rationem
1677 1296 1686 1311 ‚
1703 1281 1740 1305 ut
1754 1274 1821 1308 hon
1839 1283 1905 1311 tan-

1021 1314 1088 1338 tum
1104 1305 1252 1346 scientia,
1275 1307 1328 1340 sed
1346 1310 1443 1342 etiam
1459 1311 1606 1352 afflone,
1623 1323 1822 1356 occupetur:
1846 1319 1905 1351 ita-

1021 1357 1084 1388 que
1101 1358 1141 1379 ex
1158 1349 1283 1381 duobus
1294 1350 1440 1389 constet,
1456 1353 1488 1384 id
1506 1353 1569 1393 est,
1589 1356 1749 1397 decretiS,
1766 1367 1908 1402 praecep-

1021 1391 1146 1429 tisque:
1163 1391 1314 1430 exemplo
1330 1391 1547 1434 Philosophiae
1564 1405 1658 1436 quam
1677 1397 1814 1434 Veteres
1830 1411 1907 1435 cum

1021 1431 1164 1462 similiter
1183 1431 1371 1465 distribuant
1389 1434 1421 1466 in
1441 1437 1509 1467 veri
1525 1440 1858 1483 contemplationem,
1873 1444 1906 1476 &

1021 1473 1179 1504 actionem
1191 1496 1201 1512 ,
1226 1474 1366 1506 decretis
1391 1485 1428 1507 ac
1445 1479 1614 1518 praeceptis
1631 1481 1753 1520 absolvi
1769 1487 1907 1523 opinan-

1022 1520 1083 1545 tur.
1115 1513 1248 1546 Vocant
1263 1523 1371 1547 autem
1395 1518 1528 1558 decreta,
1550 1519 1767 1563 Philosophiae
1781 1526 1848 1559 five
1863 1527 1909 1560 le-

1020 1564 1096 1596 ges,
1119 1554 1182 1587 five
1198 1555 1274 1588 scita
1291 1558 1470 1598 generalia,
1493 1561 1523 1591 <St
1541 1562 1648 1593 omnia
1662 1564 1842 1606 alligantia,
1859 1575 1905 1602 at-

1022 1605 1085 1634 que
1102 1606 1119 1628 a
1134 1597 1250 1638 quibus
1266 1598 1331 1630 fine
1347 1598 1467 1632 scelere
1485 1603 1593 1634 recedi
1610 1612 1763 1647 nequeat.
1785 1608 1908 1642 Auuor

1023 1637 1142 1670 Cicero
1168 1638 1216 1672 lib.
1239 1649 1270 1680 4.
1296 1640 1464 1674 Academic.
1489 1642 1635 1685 quaestion.
1661 1653 1723 1687 cap.
1742 1656 1773 1685 9.
1795 1651 1906 1684 verbis

1020 1679 1226 1721 sequentibus
1234 1704 1244 1720 ,
1260 1681 1387 1714 Decreta
1398 1683 1561 1727 Philosophi
1574 1692 1680 1719 vocant
1688 1689 1828 1728 Ao‘waw
1837 1701 1906 1734 qua-

1019 1731 1085 1753 rum
1112 1722 1227 1754 nullum
1240 1722 1306 1761 fine
1314 1724 1424 1763 scelere
1438 1729 1525 1767 prodi
1536 1730 1654 1769 poterit.
1683 1739 1750 1762 cum
1766 1734 1841 1765 enim
1857 1735 1907 1766 de-

1019 1769 1130 1794 cretum
1142 1766 1295 1805 proditur,
1318 1766 1366 1798 lex
1378 1769 1443 1799 veri
1457 1768 1583 1811 rettique
1595 1771 1742 1811 proditur.
1778 1773 1904 1808 Contra

1013 1811 1154 1845 praecepta
1171 1807 1335 1846 appellant
1353 1807 1510 1850 Veteres,
1525 1813 1740 1854 monitiones,
1756 1814 1821 1848 five
1837 1815 1905 1849 suav-

1019 1845 1140 1885 fiones,
1157 1847 1338 1884 officiorum
1355 1858 1426 1891 quae
1443 1853 1572 1893 propria
1587 1855 1742 1897 cujusque
1758 1857 1905 1899 personae

1020 1885 1099 1927 fint3
1123 1897 1189 1920 non
1204 1897 1311 1922 autem
1328 1892 1358 1923 in
1377 1893 1556 1926 universum
1574 1905 1780 1937 componunt
1799 1900 1903 1932 homi÷

1019 1937 1114 1967 nem,
1138 1938 1199 1962 nec
1217 1931 1398 1973 imperant,
1423 1934 1474 1967 sed
1494 1944 1648 1970 exorant:
1671 1945 1706 1970 ut
1730 1939 1839 1973 multis
1865 1951 1903 1973 o-

1019 1969 1137 2002 stendit
1156 1971 1278 2004 Seneca
1300 1973 1378 2013 epist.
1403 1985 1452 2015 94.
1471 1977 1508 2011 ὅ)
1522 1987 1574 2018 95.

1063 2011 1165 2054 Quod
1182 2014 1227 2045 illi
1246 2015 1287 2046 de
1309 2015 1518 2057 Philosophia
1542 2020 1718 2061 tradidere,
1743 2021 1901 2064 Ulpianus

1018 2054 1046 2084 d.
1065 2053 1084 2084 l.
1099 2063 1145 2085 10.
1158 2054 1185 2096 §.
1202 2055 1311 2090 1.&2.
1326 2057 1366 2088 de
1385 2057 1481 2090 Civili
1499 2059 1659 2101 Sapientia
1674 2063 1803 2097 censet:
1825 2075 1900 2100 nam

1019 2095 1048 2125 ἃ
1064 2095 1146 2126 hanc
1158 2097 1271 2136 partim
1285 2098 1390 2139 legum
1409 2108 1446 2131 ac
1463 2104 1641 2143 regularum
1656 2103 1805 2146 scientia,
1828 2116 1901 2147 par-

1018 2136 1075 2168 tim
1092 2136 1273 2170 officiorum
1295 2142 1465 2181 praeceptis
1482 2151 1519 2174 ac
1534 2146 1768 2179 monitionibus
1785 2146 1899 2182 consu-

1016 2178 1072 2211 mi.
1110 2179 1218 2219 itaque
1243 2180 1445 2220 expofiturus
1462 2182 1619 2226 Ulpianus
1637 2186 1774 2229 Regulus
1792 2190 1896 2232 juris,

1017 2221 1126 2260 (quod
1153 2220 1321 2262 Inscriptio
1336 2225 1365 2254 d.
1388 2224 1409 2256 l.
1431 2234 1477 2257 10.
1495 2227 1654 2269 ostendit)
1676 2230 1708 2263 in
1725 2231 1834 2272 operis
1850 2233 1899 2265 in—

1016 2260 1118 2302 gressu
1134 2260 1214 2301 Juris
1230 2264 1362 2303 regulas,
1379 2265 1412 2297 id
1426 2266 1489 2306 est,
1503 2272 1663 2309 generalia
1681 2272 1766 2305 Artis
1784 2274 1898 2306 decre-

1017 2310 1065 2341 ta,
1091 2302 1131 2333 ab
1155 2304 1220 2343 ejus
1244 2305 1416 2346 Praeceptis,
1439 2309 1472 2341 id
1498 2309 1562 2350 est,
1586 2322 1602 2343 a
1620 2312 1809 2353 specialibus
1826 2315 1898 2349 offi-

1015 2343 1139 2375 ciorum
1158 2344 1365 2386 suasionibus,
1388 2349 1529 2391 denique
1552 2352 1715 2386 scientiam
1736 2356 1775 2387 ab
1797 2357 1898 2390 actio-

1016 2395 1076 2425 ne,
1101 2385 1282 2429 distinguit3
1306 2398 1343 2420 ac
1357 2390 1527 2432 postquam
1545 2394 1647 2433 dixit,
1672 2397 1749 2437 quid
1765 2397 1897 2440 Justitia

1016 2426 1070 2464 fit,
1094 2427 1212 2460 deinde
1230 2428 1338 2470 Jurz‘s,
1361 2432 1487 2473 inquit,
1504 2441 1648 2477 praecepta
1657 2437 1732 2477 sunt
1749 2439 1823 2473 baec:
1844 2442 1895 2473 ho-

1016 2467 1091 2507 neste
1109 2470 1228 2510 vivere,
1251 2471 1375 2504 alterum
1399 2483 1458 2505 non
1478 2476 1592 2517 laedere,
1606 2477 1699 2518 suum
1718 2483 1821 2523 cuique
1838 2484 1894 2515 tri-

1014 2511 1107 2541 haere.
1140 2511 1386 2553 Jurz'spruclentia
1402 2514 1441 2556 est
1458 2518 1632 2552 divinarum
1647 2528 1735 2563 atque
1749 2524 1893 2557 buinaria-

1012 2561 1077 2583 rum
1101 2561 1198 2585 rerum
1221 2556 1326 2586 notitia
1342 2555 1419 2597 justi
1434 2565 1520 2600 atque
1534 2559 1784 2603 injustiscientia.
1819 2566 1893 2599 ‘Sed

1013 2594 1150 2633 primum
1168 2595 1207 2626 de
1229 2595 1312 2635 Juris
1329 2599 1464 2638 regulis,
1489 2599 1540 2632 seu
1562 2602 1643 2643 Juris
1663 2605 1823 2647 decretis,
1846 2609 1895 2640 vi-

1013 2635 1110 2666 debo.
1135 2636 1208 2679 Qua
1224 2638 1254 2669 in
1273 2646 1362 2678 parte
1378 2641 1484 2679 placet
1500 2645 1589 2683 quod
1604 2644 1808 2680 Modestinus
1824 2649 1843 2681 l.
1860 2660 1892 2691 7.

1011 2674 1054 2708 D.
1073 2678 1107 2708 de
1121 2677 1229 2719 legibus
1244 2679 1358 2720 (quam
1373 2681 1512 2716 similiter
1529 2685 1590 2718 effe
1605 2696 1646 2720 ex
1660 2688 1730 2721 libro
1748 2699 1773 2721 1.
1792 2691 1892 2734 Regu-

1011 2719 1125 2757 larum,
1149 2720 1213 2759 ejus
1236 2719 1404 2760 Inscriptio
1429 2724 1587 2769 ostendit)
1610 2729 1655 2762 ait
1680 2730 1770 2764 fimili
1789 2733 1890 2764 conii-

1012 2760 1075 2798 lio,
1098 2760 1187 2802 Legis
1200 2763 1298 2793 virtus
1312 2763 1370 2804 est,
1392 2767 1688 2811 imperarefvetare,
1705 2775 1888 2814 permittere.

1007 2802 1124 2842 punire.
1167 2802 1305 2838 Primum
1325 2807 1393 2839 vult
1415 2807 1638 2852 Modestinus,
1662 2817 1750 2853 quod
1768 2817 1819 2847 lex
1836 2818 1890 2846 im-

1006 2848 1109 2883 perat,
1132 2851 1185 2875 aut
1205 2851 1304 2878 vetat:
1327 2857 1392 2881 non
1412 2849 1533 2891 suadet,
1552 2862 1606 2886 aut
1629 2855 1778 2896 disputat.
1804 2857 1889 2895 opti-

1012 2893 1084 2916 me:
1106 2895 1171 2918 non
1188 2889 1273 2919 enim
1289 2888 1359 2921 haec
1374 2891 1440 2932 ejus
1455 2895 1537 2926 ratio
1555 2895 1622 2935 est,
1646 2898 1807 2937 sapientiae
1826 2896 1887 2928 stu·

1011 2927 1108 2965 dere;
1123 2926 1175 2960 sed
1192 2928 1334 2963 humanae
1349 2931 1493 2968 societati
1513 2945 1627 2969 cavere
1645 2938 1684 2969 ab
1700 2939 1885 2970 hominibus

1010 2967 1111 3014 stultis
1127 2976 1181 3001 aut
1197 2971 1361 3012 improbis.
1385 2975 1481 3017 igitur
1493 2979 1632 3019 imperat
1650 2979 1733 3010 recta
1745 3003 1754 3018 ,
1771 2980 1803 3011 id
1818 2979 1886 3019 est,

1010 3017 1081 3048 paci
1107 3010 1137 3042 <Sc
1161 3014 1375 3053 conjunctioni
1400 3018 1506 3050 utilia:
1533 3027 1620 3050 vetat
1634 3028 1739 3051 autem
1755 3029 1885 3053 contra-

1009 3050 1063 3082 ria.
1105 3050 1286 3096 Utrumque
1306 3056 1424 3091 Cicero
1449 3061 1566 3092 indicat
1589 3061 1636 3091 lib.
1654 3070 1683 3091 2.
1709 3061 1757 3092 De
1771 3069 1884 3096 natura

1010 3091 1158 3131 Deouana,-
1172 3104 1244 3129 cum
1261 3098 1344 3137 Lex,
1364 3101 1482 3141 inquit,
1498 3099 1536 3140 est
1551 3101 1621 3131 retii
1632 3105 1801 3144 praeceptio,
1814 3111 1884 3146 pra-

1007 3135 1095 3175 «vique
1109 3136 1243 3176 depulfio.
1265 3139 1393 3172 Deinde
1403 3141 1659 3174 aitModestinus
1675 3145 1733 3175 αλ.
1746 3155 1774 3185 7.
1792 3147 1881 3186 quod

1006 3174 1058 3207 lex
1072 3179 1170 3215 punit.
1203 3182 1358 3220 quando?
1380 3182 1400 3213 fi
1418 3192 1481 3213 non
1501 3182 1705 3215 observetur:
1728 3186 1758 3218 &
1775 3187 1849 3219 ideo
1866 3198 1883 3218 a

130 3207 232 3251 Quod
243 3215 276 3241 ut
292 3209 404 3243 clarius
420 3210 630 3251 intelligatur,
646 3212 962 3248 animadvertendum
1002 3215 1179 3259 Papiniano
1195 3221 1214 3252 l.
1235 3231 1262 3252 1.
1280 3222 1322 3254 D.
1342 3224 1375 3254 de
1392 3223 1502 3263 legibus
1520 3224 1655 3265 dicitur,
1680 3226 1816 3261 Coe'rcitio
1834 3231 1881 3259 de-

1114 3259 1146 3292 O
1162 3271 1183 3294 ο
1206 3271 1227 3293 o
1250 3272 1271 3304 3
1802 3270 1878 3302 licio-
