2036 3495
119 73 191 109 504

373 149 1050 215 GERARDI
1131 129 1672 223 NooDT,

642 254 947 321 Jurisconsulti
986 256 1035 304 &
1072 257 1408 318 Anteceffori5‚

244 364 1140 443 DISSERTATIO
1217 367 1822 446 SECUNDA

132 572 783 677 CAUsis
903 489 1926 684 CoRRUPTAE

230 754 236 761 -
375 705 1668 817 JURISPRUDENT1AE‚
1945 733 1956 737 ,

212 862 378 910 Habita
418 859 651 923 Ultrajeffi
688 858 740 906 ad
776 857 995 907 Rhenum
1032 854 1148 906 Prid.
1172 857 1232 906 Id.
1255 858 1387 907 Febr.
1411 860 1469 908 A.
1489 876 1846 915 MDCLXXXIV.

128 982 446 1031 *kssrdlfflkssgesciffi
471 992 532 1023 qua
551 991 584 1013 re
599 981 673 1020 fiat,
699 981 723 1012 A
737 981 779 1013 A:
804 988 839 1012 ut
855 982 907 1021 qui
928 980 1010 1012 hanc

213 1018 255 1033 Μ’
303 1039 339 1073 >1⁸5
355 1025 519 1056 virtutis&
530 1024 661 1055 lionoris
672 1022 777 1054 sedem
789 1030 910 1054 tantum
922 1022 1009 1062 quod

130 1077 171 1114 ÷>aet²
207 1067 254 1116 N
298 1078 337 1109 ςιψἼ
354 1068 538 1106 aliquacuin
549 1064 917 1103 fiduciaconl'cendi3ex
933 1072 1010 1094 tem·

146 1106 170 1118 '⁶
299 1103 329 1119 ω’
354 1109 409 1149 plo
427 1108 566 1138 animum
585 1109 718 1137 horrore
737 1107 888 1143 concuti,
914 1114 1010 1136 mem-

158 1162 339 1203 aggjgffiy
358 1152 411 1181 bra
424 1150 602 1188 trepidare,
618 1146 869 1187 constantiaeque
879 1156 956 1178 meae
973 1147 1010 1177 ri-

310 1186 339 1202 *
356 1200 468 1232 gorem
488 1190 582 1221 laxari
605 1198 701 1228 atque
718 1188 847 1229 infringi
869 1188 1010 1220 sentiam.

134 1232 166 1264 Si
183 1234 220 1264 ad
239 1242 308 1271 me,
331 1233 353 1264 fi
370 1234 408 1263 ad
427 1241 484 1263 vos
510 1231 636 1272 spatio:
657 1239 751 1271 quam
775 1230 879 1261 dicam
896 1237 1010 1268 tantae,

133 1282 263 1315 tamque
280 1274 405 1312 l'ubitae,
422 1272 544 1304 causam
562 1272 837 1312 perturbationis?
857 1270 942 1302 Num
960 1272 1012 1302 de-

132 1316 323 1356 prehensum
340 1325 373 1346 re
388 1324 472 1346 nova
485 1323 537 1345 aut
554 1315 684 1353 inopina
704 1314 763 1343 hac
780 1312 907 1344 afflone
919 1335 928 1350 ,
947 1312 1012 1343 hoc

132 1358 227 1395 loco,
253 1358 319 1388 lioc
335 1355 506 1397 tempore?
531 1355 573 1386 At
592 1365 632 1386 ex
650 1353 702 1385 usu
720 1354 961 1386 Academiarum
981 1354 1010 1384 in

131 1399 248 1438 quibus
273 1397 555 1439 Jurisprtidentiain
586 1396 650 1427 sum
676 1394 834 1436 profess‘us
852 1418 861 1433 ,
899 1394 1010 1435 saepius

132 1440 262 1480 publice
281 1441 377 1471 verba
395 1438 468 1469 feci.
495 1437 642 1477 Necjam
660 1437 765 1477 potest
781 1438 811 1467 in
831 1444 917 1467 tanta
934 1436 1011 1467 civi-

132 1482 259 1512 tateille
276 1481 543 1512 ornatissimorum
562 1487 657 1518 atque
667 1477 943 1509 eruditiffimorum
956 1477 1012 1508 lio·

128 1524 249 1554 minum
274 1521 443 1552 confluxus
466 1529 526 1559 pro
549 1520 713 1550 concione
733 1519 868 1560 primum
888 1519 1009 1550 dicturo

129 1563 363 1604 inexspectatus
379 1562 536 1593 accidere.
583 1559 660 1592 Non
679 1561 777 1601 magis
793 1561 891 1591 debet
909 1559 1008 1600 auspi-

129 1605 212 1636 canti
230 1603 525 1645 dignitatem,mihi
541 1602 580 1634 ab
597 1602 794 1642 Amplissimo
809 1601 930 1633 Ordine
949 1602 1009 1642 pri-

128 1647 202 1678 dem
219 1646 360 1677 oblatam
380 1654 422 1676 ex
438 1645 601 1676 communi
619 1643 762 1675 omnium
781 1652 881 1681 voto,
908 1651 1008 1674 terro-

127 1688 153 1719 ri
170 1686 232 1719 esse
249 1686 312 1728 ipsa
329 1696 389 1727 qua
412 1694 540 1724 motus,
564 1684 743 1724 Ultrajecto
760 1684 884 1716 Frisiam
911 1692 1010 1716 muta·

126 1729 178 1768 vi,
200 1729 321 1769 publici
339 1729 379 1760 de
396 1728 567 1769 mejtidicii
586 1726 792 1759 conscientia.
817 1726 888 1767 Ego
905 1735 1011 1758 [anien

127 1780 194 1811 quo
212 1771 309 1812 magis
327 1770 396 1801 liaec
407 1770 538 1810 cogito,
557 1769 586 1801 &
605 1777 674 1808 quae
690 1776 844 1809 praeterea
861 1766 929 1798 sunt
948 1768 1009 1799 mei

127 1812 262 1844 honoris
288 1811 377 1843 causa
403 1811 505 1850 factu
529 1821 569 1842 eo
595 1810 694 1851 magis
714 1819 802 1841 mens
826 1810 920 1840 animi
946 1810 1009 1840 inei

127 1854 376 1895 praestringitur:
400 1853 491 1885 nimis
510 1851 712 1893 intelligens,
729 1851 820 1882 unius
838 1851 926 1882 horae
941 1860 1008 1882 mo-

125 1905 240 1928 mento
258 1896 287 1927 in
306 1895 483 1936 periculum
501 1894 616 1925 deduci
633 1903 698 1924 non
715 1892 803 1929 huius
821 1893 920 1923 modo
939 1902 1008 1923 ora-

128 1938 227 1969 tionis
245 1946 417 1974 eventum,
442 1935 493 1968 sed
510 1936 604 1967 etiam
621 1936 723 1966 omnis
748 1934 887 1965 fructum
903 1933 1008 1965 existi-

126 1979 275 2010 mationis
292 1988 385 2018 quam
399 1978 475 2009 mibi
493 1977 719 2017 qualicumque
737 1975 885 2006 industria
901 1975 939 2005 ab
955 1976 1007 2006 ali-

128 2029 194 2061 quo
211 2029 357 2056 tempore
376 2019 572 2060 comparavi.
593 2017 842 2059 impetraveram
860 2017 1007 2048 nimirum

130 2071 147 2092 a
167 2061 341 2101 Republica
362 2061 530 2092 Frisiorum
547 2060 650 2099 ampla
666 2059 695 2090 ἃ
709 2057 894 2098 magnifica:
914 2065 947 2088 ut
962 2068 1007 2088 es-

127 2103 159 2134 se
175 2103 278 2141 aliqua
294 2112 362 2133 mea
379 2102 572 2133 existimaret
588 2100 775 2142 specimina:
794 2099 949 2140 hujusque
962 2100 1006 2130 rei

120 2154 197 2184 quae
214 2143 354 2175 adferam
379 2145 590 2182 documenta,
615 2150 730 2182 praeter
754 2142 910 2181 prolixam
940 2150 1006 2172 mu-

128 2185 324 2217 nificentiam
351 2194 411 2224 qua
436 2195 486 2215 me
512 2187 573 2215 buc
597 2185 712 2215 iterum
739 2183 868 2223 publice
892 2183 1004 2213 invita-

128 2235 195 2258 tum
215 2250 223 2263 ,
247 2227 361 2258 iterum
380 2225 547 2264 prosecuta
566 2226 619 2256 est.
654 2234 748 2256 etiam
776 2225 927 2262 tertium,
951 2223 1005 2255 nisi

127 2279 178 2300 me
196 2268 313 2299 vitium
330 2270 402 2299 coeli
425 2268 545 2306 solique
565 2267 653 2306 liujus
671 2268 819 2306 ingenio,
843 2266 1005 2296 amoenita·

128 2319 180 2349 te,
204 2309 360 2350 elegantia
384 2310 469 2340 ultro
492 2307 700 2345 monuiss‘em,
725 2307 872 2347 prosequi
893 2307 1005 2337 voluit.

129 2352 191 2383 Sed
220 2352 271 2382 illa
296 2359 357 2390 qua
374 2351 419 2382 est
437 2350 714 2391 magnanimitate,
742 2349 895 2388 quidquid
913 2358 928 2378 a
948 2348 1005 2379 stu-

130 2394 187 2424 diis
209 2393 368 2423 literarum
386 2392 650 2429 commendatur,
664 2391 713 2421 sua
729 2391 926 2430 benignitate
942 2399 1006 2420 non

129 2434 293 2474 indignum
310 2434 489 2464 arbitratur.
544 2432 615 2472 Ego
633 2442 710 2462 vero
729 2431 792 2462 hoc
811 2432 945 2471 publicae
963 2432 1007 2462 in-

131 2476 300 2514 dulereiitiae
326 2476 528 2516 privilegium
553 2474 622 2505 fato
641 2474 795 2510 debeam,
821 2483 858 2504 an
885 2474 1007 2504 meritis

129 2516 280 2548 dodini-,20
298 2526 395 2548 meze:
412 2525 530 2553 timeo,
547 2516 668 2556 privata
686 2524 768 2545 voce
783 2514 935 2546 definire:
956 2516 1006 2544 cui

129 2557 257 2590 difficile
273 2558 326 2594 sit,
351 2568 414 2589 non
431 2561 586 2588 accedere
609 2556 807 2596 Reipublicae
824 2557 863 2586 de
881 2566 932 2587 me
951 2555 1005 2586 be-

129 2600 224 2639 nigne
248 2597 412 2636 sentienti3
437 2600 466 2630 dc
491 2599 625 2635 rubori,
649 2598 818 2629 admittere
847 2597 1006 2628 honorem

130 2642 180 2672 cui
198 2640 307 2677 poii'im
326 2640 425 2675 impar·
442 2641 552 2671 videri.
578 2638 622 2670 Ut
640 2648 673 2670 ut
692 2640 773 2670 erit:
796 2639 862 2671 illic
881 2647 1008 2679 poterat

126 2682 208 2725 inibi
236 2682 299 2718 ejus
324 2683 481 2723 reputatio
508 2681 679 2721 praejutiicii
704 2681 839 2720 aliquam
864 2679 1008 2717 praestare

131 2723 352 2755 securitatem:
379 2722 429 2751 bic
455 2732 544 2752 novo
574 2723 705 2754 lionoris
730 2721 877 2760 process'u
907 2723 1007 2752 incer-

131 2775 194 2797 tam
219 2773 363 2803 experiar
389 2762 562 2795 fortunam.
590 2766 632 2794 ita
649 2763 747 2794 fuerit
764 2763 840 2794 mihi
858 2763 1008 2799 aliquam-

130 2808 184 2838 diu
209 2806 237 2836 &
256 2804 430 2845 jucundum
449 2804 478 2834 ἅ
502 2807 654 2837 decorum
679 2806 815 2836 duorum
841 2804 1008 2836 illustrium

131 2848 330 2889 Populorum
350 2847 389 2876 de
407 2854 458 2876 ine
474 2854 651 2878 certamen:
669 2856 734 2885 quo
754 2855 859 2877 tamen
877 2846 1008 2887 diligen-

131 2892 194 2922 tius
212 2889 291 2919 alter
311 2888 396 2928 egit,
422 2895 455 2916 ut
473 2894 522 2916 me
542 2886 691 2925 liaberet3
717 2888 816 2924 alter,
841 2895 875 2918 ut
891 2889 1007 2918 retine-

132 2941 200 2964 ret:
217 2940 256 2961 eo
275 2930 374 2969 magis
390 2936 474 2959 nunc
492 2927 620 2958 laboro:
640 2928 784 2966 inspectis
802 2929 934 2969 sapienti
951 2930 1008 2960 bo-

134 2975 182 3005 nis
209 2972 288 3002 ultra
315 2979 391 3000 vota
411 2968 593 3000 fluentibus.
635 2968 697 3000 Sed
721 2971 797 3008 quid
820 2971 907 3011 ago?
932 2971 1008 3010 quid

130 3015 249 3048 molior
268 3013 285 3044 ἵ)
316 3013 395 3053 jetta
417 3012 484 3042 alea
505 3032 513 3046 ,
544 3009 632 3040 tarde
653 3011 799 3042 damnem
824 3011 1008 3050 confilium,

131 3056 218 3093 quod
235 3062 357 3085 mutare
374 3062 437 3083 non
456 3050 584 3092 poffim3
603 3059 683 3087 nee,
700 3050 720 3081 fi
737 3052 846 3090 poffim
859 3076 867 3090 ,
881 3062 1008 3093 optem.

129 3097 276 3127 Vestram
302 3103 391 3125 certe
407 3118 415 3131 ,
442 3093 503 3124 ΑΑ
521 3115 531 3130 ,
559 3092 702 3123 indolem
726 3101 817 3131 aeque
840 3095 878 3124 ad
903 3094 1007 3126 officia

129 3138 331 3170 humanitatis
344 3160 352 3173 ‚
376 3143 471 3173 atque
489 3135 526 3166 ad
549 3134 710 3165 literarum
727 3133 858 3172 gloriam
879 3135 1005 3166 inclina-

130 3188 212 3219 tam,
228 3188 302 3211 cuin
317 3178 394 3210 mihi
410 3185 506 3218 atque
520 3175 626 3208 animo
638 3183 712 3210 meo
730 3174 941 3215 repraesento:
961 3176 1005 3208 est

129 1035 171 1203 ἕῖϋέᾂῖ*

1053 989 1119 1027 quo
1137 989 1190 1027 nie
1206 979 1354 1027 consoler
1370 991 1407 1014 ac
1425 982 1633 1017 confirmem:
1657 986 1687 1017 in
1708 986 1773 1018 hoc
1789 987 1928 1018 muneris

1053 1031 1117 1053 inei
1135 1022 1287 1067 mgressu,
1314 1033 1372 1069 pro
1396 1032 1492 1064 captu
1512 1026 1651 1066 ingenii,
1675 1028 1768 1058 vobis
1792 1027 1931 1059 faventi-

1054 1063 1129 1101 bus,
1147 1073 1180 1094 ut
1197 1063 1307 1104 spero,
1326 1065 1389 1097 sine
1407 1075 1494 1097 metu
1505 1065 1632 1108 frigoris
1650 1068 1789 1101 <licinius
1805 1070 1845 1100 de
1861 1078 1933 1100 cau-

1053 1104 1090 1136 sis
1108 1114 1268 1145 corruptae
1283 1105 1555 1147 jurisprudentiae.

1093 1146 1269 1192 Idtplacuit
1286 1156 1525 1188 argumentum:
1549 1159 1628 1190 nec,
1652 1151 1787 1191 opinor,
1807 1150 1853 1183 est
1868 1151 1932 1183 ele-

1054 1196 1180 1234 gantior
1197 1196 1297 1233 atque·
1312 1189 1500 1235 investigatu
1520 1193 1648 1233 dignior
1662 1192 1812 1233 quaestio,
1836 1201 1932 1233 quam

1054 1230 1123 1266 illa;
1149 1238 1222 1274 cur,
1246 1231 1298 1260 ubi
1324 1240 1428 1270 priora
1447 1240 1592 1273 tempora
1611 1234 1794 1265 nominibus
1812 1241 1862 1266 tot
1878 1244 1934 1266 ex-

1055 1270 1242 1302 cellentium
1274 1270 1576 1310 jurisconsultorum
1600 1276 1842 1314 inclaruerunt,
1872 1285 1931 1307 iio-

1053 1310 1150 1343 strum
1173 1312 1368 1352 potiffimum
1395 1314 1564 1347 obscurum
1582 1325 1679 1357 atque
1694 1317 1853 1357 ignobile,
1877 1318 1932 1350 vix

1054 1361 1231 1392 paucorum
1250 1354 1368 1385 lumine
1385 1355 1414 1386 ὅ(
1431 1356 1532 1396 gloria
1547 1357 1727 1390 illustretur.
1751 1358 1871 1398 quippe
1887 1367 1934 1389 ra-

1054 1403 1086 1425 ra
1114 1393 1200 1440 sunt,
1224 1395 1293 1435 post
1317 1395 1484 1429 hominurn
1507 1401 1716 1438 memoriam,
1740 1408 1756 1430 a
1776 1400 1933 1440 jurispru-

1054 1435 1160 1466 dentia
1182 1445 1255 1468 cuin
1278 1437 1411 1468 notabili
1430 1438 1523 1470 laude
1549 1439 1702 1480 profecta.
1728 1448 1841 1481 putes,
1865 1440 1932 1480 ple-

1053 1486 1171 1522 rosque
1196 1478 1315 1509 taedere
1342 1479 1424 1511 Artis
1442 1489 1536 1520 quam
1560 1480 1772 1521 profitentur:
1795 1483 1824 1512 ἃ
1843 1482 1933 1521 quod

1053 1517 1230 1565 dostiffimo
1247 1520 1384 1560 cuique,
1403 1529 1456 1552 aut
1473 1525 1610 1563 regenda
1628 1523 1759 1554 civitate
1775 1524 1934 1563 principi,

1052 1568 1185 1605 propter
1202 1560 1353 1601 insignem
1370 1562 1435 1601 ejus
1459 1565 1645 1603 aequitatem
1657 1588 1666 1602 ,
1689 1564 1872 1604 vai-iamque
1889 1563 1932 1595 sa-

1052 1610 1224 1641 pientiam,
1249 1611 1322 1634 ante
1340 1601 1477 1635 sanetum
1501 1613 1538 1635 ac
1563 1605 1747 1637 venerabile
1767 1614 1834 1636 erat
1848 1605 1932 1645 juris

1054 1641 1191 1674 Romani
1214 1653 1356 1682 nomen,
1380 1653 1452 1676 cum
1470 1643 1610 1678 maxime
1626 1646 1727 1678 videri
1745 1645 1933 1688 supervacu-

1054 1693 1123 1722 am,
1145 1692 1241 1725 atque
1269 1685 1403 1718 alienam
1421 1687 1459 1718 ab
1476 1688 1564 1719 omni
1587 1697 1652 1720 non
1671 1687 1771 1720 solum
1788 1688 1935 1720 doctrina

1054 1732 1150 1771 atque
1174 1727 1351 1767 elegantia,
1376 1727 1428 1759 sed
1446 1737 1462 1759 a
1481 1731 1645 1762 communi
1671 1738 1802 1771 quoque
1826 1729 1881 1762 usu
1896 1737 1934 1761 ac

1055 1776 1138 1813 vita,
1161 1767 1372 1800 subtilitatem
1390 1769 1553 1809 praeferre.

1054 1849 1059 1854 ι
1093 1808 1124 1855 ξι
1144 1816 1250 1855 tamen
1276 1810 1405 1848 publice
1429 1811 1570 1851 placuit,
1594 1812 1647 1852 Jus
1664 1810 1771 1845 Civile
1788 1812 1932 1844 adhiberi

1052 1859 1082 1880 in
1098 1850 1242 1890 judiciis;
1264 1850 1285 1883 fi
1301 1852 1411 1883 doceri
1427 1853 1458 1884 in
1482 1853 1682 1892 Academiis;
1705 1853 1726 1885 fi
1745 1863 1796 1886 tot
1811 1854 1933 1886 seculo-

1051 1900 1122 1937 rum
1138 1890 1242 1939 fide&
1260 1893 1404 1932 periculo
1421 1894 1450 1925 in
1467 1894 1550 1932 boc,
1567 1895 1655 1927 velut
1671 1904 1842 1927 commune
1857 1903 1934 1936 gen-

1053 1941 1132 1964 tium
1150 1942 1382 1973 nationumque
1397 1935 1464 1974 jus,
1489 1936 1646 1968 obstinate
1664 1936 1847 1968 consensum
1867 1935 1930 1966 est:

1052 1975 1146 2020 date,
1163 1975 1268 2020 quaeso
1283 1999 1291 2013 ,
1312 1976 1463 2015 majestati
1482 1976 1697 2017 Reipublicae,
1714 1977 1932 2010 &venei-atio-

1052 2025 1082 2061 ni
1101 2018 1207 2055 orbis,
1225 2016 1255 2048 &
1273 2026 1452 2056 temporum
1472 2019 1716 2058 experimento:
1732 2026 1768 2049 ut
1785 2019 1866 2049 lianc
1881 2027 1929 2049 ar-

1052 2064 1091 2102 tis
1108 2056 1221 2088 nostrae
1238 2059 1468 2090 contumeliam
1487 2069 1550 2090 noti
1569 2060 1634 2099 ejus
1650 2060 1799 2101 ineptiae,
1817 2059 1869 2091 sed
1886 2059 1932 2090 in-

1050 2097 1132 2128 scitae
1158 2108 1223 2144 non
1247 2099 1476 2139 assequentium
1501 2101 1685 2141 imputetis:
1711 2102 1805 2141 quin,
1829 2109 1864 2131 ut
1886 2102 1932 2131 le-

1050 2149 1125 2185 gum
1143 2149 1235 2181 vigor
1253 2141 1289 2171 ad
1302 2139 1499 2181 Reipublicae
1514 2151 1757 2181 ornamentum,
1774 2141 1929 2181 tranquil-

1050 2182 1174 2226 litatem
1190 2204 1200 2220 ,
1231 2181 1361 2213 salutern
1392 2183 1532 2221 denique
1557 2185 1721 2223 pertinet:
1752 2185 1795 2215 ita
1819 2192 1929 2215 earum

1050 2222 1187 2268 scientiae
1206 2231 1292 2255 tanta
1310 2223 1455 2255 videatur
1472 2224 1536 2256 five
1552 2225 1681 2256 fortuna
1693 2224 1776 2264 ,five
1794 2225 1930 2265 pruden-

1050 2272 1093 2308 tia
1118 2263 1228 2310 fuiss'e,
1251 2273 1368 2305 quanta
1391 2264 1453 2296 fuit
1471 2266 1605 2297 AEteriia
1623 2265 1706 2299 Urbs
1728 2268 1758 2298 in
1777 2266 1928 2298 latiffimis

1049 2307 1176 2344 imperii
1199 2304 1316 2337 finibus
1339 2315 1376 2337 ac
1402 2309 1504 2347 copiis
1523 2317 1595 2338 cuin
1620 2309 1839 2346 inveniendis,
1862 2316 1929 2338 tum

1050 2356 1107 2387 pei·
1131 2354 1182 2378 tot
1207 2346 1309 2379 secula
1325 2348 1509 2380 retinendis.
1557 2348 1657 2392 Quod
1677 2349 1715 2388 fi,
1741 2357 1775 2385 ut
1790 2359 1846 2390 par
1862 2347 1927 2386 est,

1052 2390 1290 2428 impetravero;
1310 2397 1431 2421 tantuin
1451 2389 1555 2422 abest:
1581 2399 1614 2421 ut
1635 2392 1693 2423 Ars
1710 2390 1814 2423 nostra
1832 2389 1867 2421 sit
1885 2397 1928 2421 te-

1051 2439 1120 2476 nuis
1138 2453 1147 2469 ,
1169 2430 1270 2470 jejuna
1288 2453 1297 2469 ‚
1324 2432 1352 2462 ὃς
1379 2430 1533 2462 subtiliter
1557 2441 1687 2474 nugax:
1712 2441 1747 2464 ut
1773 2442 1812 2463 ne
1831 2431 1928 2463 fuerit

1052 2472 1181 2517 quidem
1200 2481 1348 2510 umquam
1373 2473 1539 2504 inventum
1556 2473 1733 2506 otiosorum
1751 2474 1928 2505 hominum.

1050 2513 1095 2544 Sit
1114 2513 1243 2544 aliarum
1262 2512 1363 2544 fatum
1377 2512 1597 2554 scientiarum3
1622 2523 1655 2546 ut
1672 2515 1730 2547 fint
1747 2516 1786 2547 de
1803 2514 1927 2552 schola;

1050 2563 1082 2585 ut
1099 2554 1395 2587 multisdoceantui·
1412 2556 1517 2587 verbis
1536 2556 1566 2587 &
1582 2557 1804 2596 ei·uditis,nec
1821 2564 1926 2587 tamen
1938 2581 1945 2592 f

1050 2596 1286 2636 intelligantur,
1310 2597 1478 2638 minusque
1504 2597 1665 2629 subsistant
1686 2600 1766 2630 intra
1784 2597 1880 2628 finem
1896 2605 1926 2627 u-

1051 2637 1180 2677 sumque
1198 2637 1344 2669 humanae
1362 2639 1542 2671 tenuitatis:
1568 2640 1637 2671 haec
1656 2639 1701 2671 est
1719 2638 1925 2680 praerogativa

1052 2680 1136 2710 Artis
1161 2678 1292 2711 nostrae:
1318 2681 1404 2720 quod
1430 2680 1525 2712 rebus
1550 2681 1704 2718 debetur,
1728 2681 1816 2722 quod
1833 2678 1926 2719 origi-

1051 2729 1124 2751 nem
1141 2720 1171 2751 &
1195 2720 1317 2752 causam
1342 2722 1437 2752 traxit
1454 2731 1470 2752 a
1487 2722 1671 2754 necessitate
1686 2723 1831 2754 humanae
1850 2730 1925 2752 con-

1048 2761 1235 2807 junetionis:
1253 2763 1339 2802 cujus
1358 2763 1528 2795 utilitatem
1546 2773 1614 2804 quae
1635 2764 1751 2796 summa
1767 2763 1851 2795 est&
1869 2762 1924 2792 ho-

1052 2803 1220 2835 nestiffima
1244 2803 1307 2835 fine
1333 2806 1548 2844 exceptione,
1571 2804 1626 2837 fibi
1649 2805 1801 2846 proponit
1815 2805 1924 2844 juvan-

1052 2845 1123 2876 dam
1152 2845 1376 2886 tuendamque.
1409 2854 1440 2876 at
1466 2847 1547 2878 vires
1567 2849 1597 2877 in
1621 2847 1761 2878 comitiis
1778 2854 1872 2885 atque
1890 2844 1922 2874 in

1051 2886 1169 2917 Senatu
1186 2888 1328 2928 accepit:
1353 2886 1492 2919 formam
1508 2888 1539 2919 in
1559 2888 1635 2919 foi-o
1652 2889 1784 2928 adepta:
1808 2884 1926 2925 postre-

1051 2937 1106 2959 mo
1123 2927 1208 2958 estin
1221 2928 1412 2960 consistoriis
1428 2929 1611 2969 Principum
1627 2929 1776 2970 perfetia.
1800 2928 1842 2957 ita
1859 2933 1924 2956 non

1052 2968 1180 3000 affectat
1205 2969 1387 3010 sapientiam
1412 2979 1504 3011 quani
1522 2970 1590 3002 usus
1609 2972 1639 3004 ὅ(
1658 2971 1758 3002 civilis
1775 2967 1853 2998 ratio
1871 2966 1923 2995 ad-

1050 3010 1240 3051 spernetur:
1271 3021 1311 3043 ne
1335 3010 1472 3052 adsurgit
1496 3013 1622 3052 quidem
1649 3012 1728 3042 ultra
1751 3009 1922 3039 humanum

1050 3053 1192 3083 modum.
1219 3055 1272 3084 uni
1291 3053 1383 3084 servit
1400 3055 1561 3086 communi
1583 3053 1674 3090 ditae,
1690 3051 1718 3081 &
1736 3057 1826 3089 quam
1847 3056 1920 3086 ΡΥΟ·

1051 3093 1159 3125 fitetur
1176 3093 1392 3135 diligentiam,
1417 3096 1552 3135 publicis
1570 3092 1760 3134 privatisque
1778 3097 1923 3120 commo-

1052 3135 1099 3167 dis
1121 3135 1272 3168 metitui·:
1297 3136 1402 3173 paffim
1426 3136 1523 3176 justa,
1546 3143 1651 3175 aequa,
1677 3129 1834 3162 modesta:
1859 3138 1924 3175 ¹30⁰

1051 3177 1157 3211 mollis
1181 3185 1233 3213 aut
1253 3176 1469 3216 cfl'oeminata,
1494 3177 1545 3209 sed
1565 3181 1667 3216 neque
1685 3171 1754 3206 fexa
1770 3180 1822 3203 aut
1838 3171 1922 3211 alpe·

1677 3232 1689 3236 (⁷
1866 3221 1918 3249 i·a;
