2052 3487
424 127 487 161 An
540 124 694 160 LEGEM
744 122 982 165 Aqumm
1033 122 1171 158 Lmen
1222 120 1510 160 SiNGULARIS.

87 222 108 252 t.
127 217 206 252 unic.
231 219 260 260 §.
276 216 328 249 ult.
355 215 396 248 D.
421 216 454 247 Si
470 217 535 258 quis
545 214 598 256 jus
614 214 720 245 dicenti
737 222 794 244 riori
815 214 948 254 obtempe-

88 264 206 294 raverit.
238 263 258 292 t.
283 269 310 299 4.
340 258 369 300 §.
397 266 441 289 1¹.
475 257 517 289 D.
551 256 593 287 Vi
621 256 757 286 bonorum
787 260 947 295 raptorum.

87 303 209 334 Contra
230 309 360 338 movet,
381 299 467 340 quod
486 308 522 330 ea
538 296 613 338 legis
634 296 767 337 Aquiliae
785 298 865 327 ratio
881 296 945 342 εἶξε

85 354 119 376 ut
153 345 300 376 damnum
318 365 327 380 ‚
358 341 445 381 quod
474 340 607 371 domino
635 341 742 369 datum
768 337 811 368 est
836 339 945 369 occilo

86 386 197 426 lervo,
220 386 350 416 domino
370 381 566 413 restituatur:
592 380 654 410 noc
673 388 779 410 autem
797 379 864 410 ficri
893 389 944 411 ne-

87 429 174 467 quit,
207 426 260 458 nili
281 426 309 456 ei
329 423 431 455 omnis
456 421 620 462 praestetur
644 421 762 452 utilitas
782 444 791 459 ,
822 430 890 461 queo
914 422 946 453 in

86 479 120 500 rc
146 468 208 506 est,
231 476 283 499 aut
299 467 347 502 ei,
371 473 502 504 propter
520 463 596 494 servi
618 467 739 493 caedem
756 486 765 501 ‚
798 462 946 493 abfutura

86 511 220 541 videtur.
252 508 368 538 Verum
387 514 458 536 cum
476 504 552 536 scire
571 505 657 545 leges
675 504 729 541 fit,
754 514 861 535 carum
881 513 945 535 non

86 555 182 582 vei-ba
199 559 326 587 tenere,
351 546 401 578 sed
424 547 487 577 vim
510 555 545 576 ac
563 545 773 585 potestatcm3
798 545 867 576 fere
887 555 943 586 po-

86 592 231 624 stremum
257 589 381 631 placuit.
434 586 607 628 Ulpianum
634 588 705 618 audi
729 587 747 617 l.
767 596 814 618 21.
841 587 868 635 ᾗ.
890 587 944 618 ult.

88 636 126 665 l).
151 635 200 665 Aci
222 633 306 673 legem
326 629 487 671 Aquilium.
514 628 607 667 infit,
641 630 705 659 Hoc
726 629 792 669 jure
811 636 944 667 utimur,

85 681 116 705 ut
133 676 194 716 ejus
210 675 283 715 quod
299 669 413 711 interest
434 668 581 710 <estimatio
593 670 661 709 ficit.
705 670 746 714 Et
770 670 944 710 imperator

82 716 266 756 Justinianus
290 714 319 755 §.
343 723 386 745 10.
413 710 482 753 lust.
506 713 564 742 eod.
583 714 628 742 tit.
656 711 696 742 iic
714 712 836 747 scribit,
865 712 944 742 illuit

83 767 141 789 non
158 767 193 788 ex
209 757 300 787 verbis
319 755 408 796 legis,
434 755 486 792 Jed
504 763 540 784 ex
561 755 793 793 interpretatione
812 752 943 792 placuit,

82 799 240 840 nonsolzim
257 798 392 837 perempti
414 797 536 835 corporis
554 793 764 834 astitricitioueiri
787 794 944 823 habendam

82 841 152 881 effe,
176 840 220 877 sect
238 849 266 869 eo
283 838 421 877 amplius,
444 837 584 877 quidquid
603 841 737 874 praeterea
748 841 889 874 perempto
915 843 943 863 eo

83 889 192 922 corpere
209 881 306 911 damm'
323 879 401 910 vobis
419 878 532 907 illatum
543 878 650 917 fuerit.
678 877 717 906 Et
734 877 818 907 addit
837 884 942 905 exem-

83 923 168 964 plum
181 946 189 960 ‚
212 921 308 952 veluti
326 944 335 959 ‚
360 919 526 958 inquiens,
544 917 573 955 fi
589 925 701 952 servum
721 923 803 947 tuum
819 917 944 947 heredem

83 965 118 995 ab
135 965 229 1005 aliquo
253 960 421 1003 institutum
443 966 510 991 ante
531 961 595 1000 quis
627 960 756 990 occiderit
776 981 785 995 ‚
817 967 903 999 quum
920 959 944 987 is

79 1005 161 1048 juffu
179 1013 226 1036 tuo
244 1004 426 1034 hereditatem
449 1002 571 1032 adierit:
596 1011 663 1031 rium
691 1001 854 1030 hereditatis
877 1009 940 1040 quo-

83 1042 135 1088 q'ue
153 1046 255 1085 ainiffae
274 1046 413 1075 rationem
430 1042 479 1083 effe
504 1043 661 1073 habendum
685 1038 802 1081 constat.
835 1043 900 1071 item
918 1038 943 1076 si

83 1098 119 1119 ex
133 1089 198 1128 puri
219 1087 263 1117 vet
281 1086 423 1116 mutarum
449 1093 537 1113 unam
549 1107 558 1121 ,
581 1084 626 1113 vel
643 1093 678 1114 ex
696 1083 844 1123 quadrigis
861 1091 942 1122 equo-

84 1139 150 1160 rum
174 1138 265 1158 unum
282 1150 291 1165 ,
324 1128 385 1167 quis
410 1126 541 1155 occiderit
561 1147 569 1162 ‚
599 1125 643 1155 ‘uel
668 1134 703 1154 ex
721 1124 847 1167 coinoeclis
864 1131 941 1168 uuus

82 1171 182 1210 servus
202 1169 305 1201 occisus
313 1169 408 1206 fucrit
421 1190 429 1203 ‚
452 1176 508 1196 non
519 1166 613 1203 sotum
630 1164 708 1202 occist
720 1167 758 1203 sit
774 1162 919 1199 aeltiiizatio
931 1186 939 1200 ‚

76 1212 130 1251 sed
143 1220 170 1240 eo
188 1210 310 1249 amplius
328 1210 358 1238 icl
375 1216 484 1249 quoque
505 1212 705 1246 computatur,
730 1206 833 1245 quanti
847 1206 940 1245 (lepre-

86 1253 153 1283 tiati
168 1254 236 1288 sunt
254 1251 305 1291 qui
317 1254 476 1288 supersunt.
509 1288 514 1292 ι
752 1287 757 1292 ι
785 1287 790 1291 .

126 1292 172 1322 Ex
193 1292 238 1321 liis
264 1289 403 1324 constat,
429 1288 590 1318 hominem
608 1311 617 1324 ,
649 1294 757 1327 quanti
783 1294 863 1317 intra
887 1296 939 1318 an-

81 1342 154 1364 num
179 1331 357 1372 proximum
373 1329 453 1368 fuit,
476 1329 554 1360 tanti
574 1328 725 1360 aestimari.
750 1328 814 1359 hoc
833 1337 940 1360 autem

748 1440 958 1475 CAPUT

1794 137 1863 173 135

991 219 1095 244 utrum
1115 222 1156 244 ex
1174 212 1296 244 domini
1315 211 1486 245 affectione
1506 213 1741 253 definimus‚an
1763 225 1861 255 quan-

991 259 1012 285 ti
1033 255 1182 286 omnibus
1207 254 1323 286 valet?
1356 255 1445 286 verbi
1472 263 1591 297 gratia,
1615 262 1705 296 (quae
1732 257 1776 288 est
1796 257 1863 298 spc-

991 297 1055 328 cies
1080 297 1099 327 Ι.
1117 306 1166 337 33.
1192 295 1234 327 D.
1261 297 1310 327 Ad
1333 296 1420 337 legem
1445 297 1618 338 Aquiliam)
1643 297 1742 329 filium
1769 306 1859 331 tuum

990 338 1164 369 naturalem
1189 338 1259 378 quis
1285 339 1418 369 occidit.
1448 348 1519 370 eum
1552 337 1650 370 fnium
1680 347 1714 371 tu
1737 349 1856 381 magno

989 388 1132 420 emptum
1156 380 1264 410 velles.
1299 379 1357 420 (in
1377 381 1565 420 quibusdam
1585 381 1669 412 libris
1689 381 1752 419 est,
1777 391 1860 423 imog-

989 431 1024 452 no
1048 422 1166 461 pretio:
1200 423 1251 451 led
1273 419 1444 452 Florentia:
1470 423 1586 463 legitur
1605 447 1613 459 ,
1646 433 1766 464 inriguo,
1801 432 1856 460 ut,

984 464 1130 503 plurimo,
1154 462 1249 502 paulo
1269 462 1358 502 post:
1384 464 1412 493 ἃ
1433 464 1474 494 ita
1493 463 1590 494 locuti
1614 463 1757 495 Veteres.
1785 464 1857 496 Vis·

989 505 1082 545 gilius
1107 504 1152 534 lib.
1174 514 1201 535 2.
1228 503 1343 534 AEizei-l,
1367 508 1439 544 vers.
1464 514 1529 542 104.
1576 504 1640 536 Hoc
1668 505 1784 536 Ithacus
1808 515 1857 537 ve·

989 547 1042 582 lit,
1074 545 1110 579 δέ)
1135 554 1237 586 magno
1259 552 1421 576 mercentur
1446 546 1569 576 Atriilae.
1620 545 1681 577 Ubi
1707 547 1856 585 Servius,

988 586 1101 628 Magno
1119 593 1302 624 mercentur,
1326 588 1355 616 id
1369 584 1426 626 est,
1448 589 1555 627 pretio,
1586 595 1638 626 ut,
1665 588 1762 619 'Furuo
1788 596 1859 619 tern-

982 635 1037 668 pus
1059 629 1132 667 erit,
1155 637 1257 669 magno
1280 638 1371 668 quum
1394 630 1535 668 optaverit
1561 637 1686 669 emptum
1711 629 1856 661 iniectum

990 670 1148 710 Pulaiita)
1172 668 1288 706 filium,
1312 670 1458 710 inquam,
1482 677 1569 700 tuum
1590 673 1764 702 naturalem
1784 672 1855 712 quis

989 711 1118 741 occidit.
1146 720 1217 741 eum
1244 718 1278 741 tu
1304 720 1421 751 magno
1441 719 1585 751 emptum
1610 712 1718 743 velles.
1744 713 1856 753 quanti

988 751 1185 783 aestimandus
1202 775 1210 790 ‚
1243 761 1348 783 utrum
1373 761 1480 792 quanti
1511 753 1568 783 tibi
1596 752 1669 791 est,
1703 763 1755 794 qui
1780 763 1856 785 eum

987 793 1125 832 plurimo
1159 802 1307 832 emeres,
1339 803 1446 826 motus
1474 801 1605 834 paterna
1631 796 1776 834 pictate,
1815 805 1855 827 an

987 836 1094 873 quanti
1120 835 1268 865 omnibus
1296 834 1413 865 valet?
1443 845 1505 876 ego
1533 835 1596 866 boc
1619 836 1749 867 malim:
1781 836 1856 876 quia

988 884 1053 906 non
1072 877 1182 914 quanti
1206 877 1354 906 dominus
1379 875 1545 908 hominem
1569 876 1667 914 facit,
1693 880 1769 909 tanti
1787 877 1854 917 est,

988 914 1039 946 sed
1066 917 1175 955 quanti
1202 926 1261 957 pro
1287 925 1433 957 tempore
1458 918 1551 949 valet.
1597 918 1672 950 Hoc
1698 919 1781 950 sensu
1800 919 1856 949 Se-

986 966 1065 988 neca
1089 957 1126 987 lili
1155 961 1184 987 6.
1212 957 1258 988 De
1277 959 1418 998 beneficiis
1437 970 1461 990 c.
1483 969 1529 999 15.
1563 959 1695 991 Pretium
1717 961 1853 1003 cujusque

986 1000 1029 1028 rei
1039 1004 1092 1038 pro
1110 1004 1230 1039 tempore
1246 997 1294 1039 est.
1339 1000 1413 1031 Cum
1428 1002 1494 1032 hene
1509 999 1564 1041 istu
1579 1001 1763 1033 laudaveris:
1787 1008 1853 1033 tan·

986 1041 1094 1078 tiszmt
1107 1062 1116 1077 ‚
1140 1047 1248 1080 quanto
1264 1041 1357 1080 pluris
1372 1044 1478 1073 vaenire
1495 1052 1552 1073 non
1568 1042 1693 1083 poffunt.
1738 1043 1854 1075 Pedius

985 1089 1117 1120 quoque
1138 1082 1222 1121 apud
1249 1081 1380 1113 Paulum
1397 1084 1426 1114 cl.
1450 1083 1469 1114 l.
1487 1093 1537 1124 33.
1565 1083 1604 1115 D.
1628 1084 1677 1115 Ad
1700 1086 1786 1125 legem
1811 1085 1854 1116 A·

984 1123 1104 1163 quitiam
1135 1126 1204 1161 ait,
1238 1123 1338 1162 pretia
1367 1133 1471 1155 rerum
1506 1134 1570 1156 non
1598 1135 1638 1157 ex
1660 1125 1853 1165 affictione,

984 1172 1045 1194 nec
1068 1164 1204 1195 utilitate
1221 1163 1435 1204 singulorum,
1469 1165 1520 1196 sed
1538 1175 1754 1198 communiter
1779 1167 1854 1199 fun-

984 1206 1027 1245 gi.
1071 1204 1113 1235 Et
1141 1205 1206 1246 ipse
1225 1205 1339 1237 Paulus
1368 1206 1464 1244 infit,
1497 1207 1528 1237 in
1556 1208 1613 1248 lege
1638 1208 1761 1250 Aquilia
1780 1211 1852 1240 ami-

978 1245 1043 1286 Jiffe
1058 1247 1185 1277 dicemur
1200 1270 1208 1284 ‚
1232 1248 1306 1288 quod
1320 1252 1371 1276 aut
1393 1249 1523 1288 consequi
1535 1251 1700 1289 potuimus,
1724 1257 1777 1280 aut
1793 1259 1854 1282 ero-

981 1297 1053 1329 gare
1069 1289 1206 1328 cogimur.
1252 1286 1397 1319 Tantum
1416 1290 1455 1320 de
1474 1289 1578 1329 primo
1594 1299 1700 1330 capite
1716 1292 1795 1332 legis
1812 1291 1854 1322 A·

984 1329 1099 1370 quiliae.

1010 1438 1189 1476 ΧΙΙΙ.4

244 1538 412 1574 Secundum
438 1545 528 1584 caput
554 1538 631 1584 legis
657 1536 789 1583 Aquiliae
814 1539 846 1572 iii
871 1537 1092 1584 desuetudinem
1119 1537 1242 1582 ahii’e,
1272 1536 1313 1577 ὃ)
1340 1541 1403 1574 vim
1432 1540 1496 1586 ejus
1522 1541 1674 1584 ignorari.

129 1634 286 1667 ecundum
316 1640 412 1675 caput
434 1634 512 1675 legis
537 1634 672 1674 Aquiliae
702 1635 732 1666 in
760 1634 937 1666 desuetudi-

75 1636 121 1710 S
150 1685 220 1707 nem
241 1676 318 1707 abiit
337 1699 347 1714 ,
382 1683 415 1706 ut
437 1674 591 1715 Ulpianus
615 1686 656 1707 ait
679 1677 697 1707 l.
719 1686 766 1716 27.
792 1677 820 1719 §.
837 1687 866 1716 4.
894 1675 934 1707 D.

76 1718 128 1749 Ad
148 1718 234 1758 legem
259 1717 419 1758 quiuiam.
465 1716 551 1759 Quid
574 1726 680 1749 autem
708 1718 771 1749 hoc
791 1727 936 1759 compre-

76 1758 206 1790 hemum
227 1757 343 1796 suerit,
378 1759 520 1790 nondum
538 1759 659 1798 didici;
692 1759 745 1790 etfi
774 1769 834 1799 ea,
867 1768 936 1800 quae

75 1801 116 1830 ab
133 1801 199 1831 aliis
221 1798 407 1831 adferuntur
428 1822 437 1836 ,
469 1809 532 1830 non
559 1801 709 1841 ignorem.
736 1800 788 1833 sed
811 1810 937 1842 neque,

75 1849 108 1872 ut
136 1842 271 1877 ducam,
297 1840 469 1871 sudaverim
488 1840 616 1873 frustra:
648 1852 720 1873 cum
738 1844 767 1873 in
794 1842 938 1874 universa

76 1883 263 1922 antiquitate
279 1882 318 1913 de
337 1890 377 1912 eo
394 1890 499 1921 capite
514 1882 590 1913 nihil
607 1883 690 1914 aliud
709 1890 819 1924 extet,
845 1892 938 1923 quam

77 1925 164 1963 quod
184 1925 214 1954 in
239 1921 290 1954 usu
318 1932 381 1953 non
399 1922 453 1954 est.
480 1932 632 1963 praeterea
658 1932 736 1965 puto
753 1948 763 1964 ‚
796 1926 826 1956 in
849 1925 938 1956 omni

77 1964 238 2006 disciplina
256 1963 322 1996 hoc
343 1966 482 1997 maxime
505 1964 735 1999 observandum
755 1965 937 2008 effe,quod

981 1635 1100 1667 Cicero
1121 1642 1233 1666 monet
1259 1634 1307 1666 De
1323 1635 1425 1676 officiis
1442 1636 1491 1667 lib.
1506 1645 1531 1667 1.
1555 1644 1591 1667 ut
1619 1635 1684 1669 duo
1708 1637 1785 1669 vitia
1807 1639 1852 1670 vi-

980 1684 1114 1708 tentur:
1147 1686 1284 1716 quorum
1313 1687 1409 1710 unum
1433 1677 1503 1717 est,
1534 1687 1574 1709 ne
1598 1677 1763 1720 incognita
1789 1689 1850 1722 pro

980 1718 1120 1760 cognitis
1138 1718 1329 1757 habeamus,
1356 1719 1470 1761 hisque
1495 1728 1616 1751 temere
1634 1721 1852 1755 assentiamus:

981 1761 1114 1791 alterurn
1139 1759 1183 1791 est
1201 1782 1210 1798 ‚
1243 1769 1283 1791 ne
1308 1762 1400 1793 nimis
1431 1770 1574 1803 magnam
1599 1763 1798 1804 multamque
1816 1773 1852 1795 o·

981 1810 1090 1841 peram
1114 1800 1319 1834 conferamus
1339 1804 1369 1834 in
1394 1812 1443 1834 res
1463 1802 1633 1843 obscuras»,
1659 1805 1854 1843 easdemque

981 1851 1048 1874 non
1072 1841 1263 1873 neceffarias.
1292 1844 1406 1883 quibus
1426 1845 1509 1876 vitiis
1535 1845 1702 1877 declinatis
1721 1870 1731 1885 ,
1761 1846 1852 1887 quod

982 1884 1011 1914 in
1040 1883 1135 1915 rebus
1168 1883 1307 1917 honestis
1339 1885 1368 1916 &
1400 1886 1588 1927 cognitione
1613 1888 1715 1928 dignis
1742 1897 1851 1929 opcrae

981 1933 1130 1967 curaeque
1147 1924 1297 1966 ponitur,
1321 1926 1374 1967 id,
1396 1928 1521 1969 inquit,
1540 1928 1610 1969 iure
1630 1929 1786 1962 laudatur.

777 2078 988 2114 CAPUT
1049 2076 1165 2116 XIV.

75 2172 177 2214 Verba
194 2177 303 2223 capitis
320 2176 404 2211 tertii
425 2175 502 2222 legis
520 2175 662 2221 Aquiliae.

123 2227 225 2260 eudem
243 2223 358 2271 occisos.

716 2177 764 2212 Eo
779 2178 875 2224 capite
891 2177 997 2211 caveri
1012 2177 1047 2211 de
1064 2185 1169 2213 ccetero
1187 2179 1269 2213 omni
1284 2177 1393 2215 daniuo
1406 2206 1415 2221 ‚
1439 2189 1551 2226 prcetcr
1566 2182 1714 2217 hominem
1738 2178 1781 2222 35⁹
1796 2191 1848 2228 pe-

409 2225 497 2273 Quid
512 2225 547 2258 de
563 2227 670 2270 apibus
686 2234 738 2260 aut
748 2225 904 2271 similibus
910 2225 997 2271 feris
1015 2227 1147 2270 bestiis?
1172 2227 1364 2263 Emendatio
1383 2229 1512 2275 Ulpiani
1534 2231 1758 2278 fragmentum
1784 2232 1848 2268 Tic.

128 2283 183 2309 12.
211 2274 381 2308 collationis
400 2275 517 2319 Legum
534 2273 747 2320 Moliiicarum
767 2273 809 2314 ὅ)
831 2276 1054 2311 Romanarum.

77 2368 324 2441 Transeamus
348 2370 386 2401 ad
404 2370 480 2410 legis
504 2371 637 2412 Aquiliae
660 2378 756 2413 caput
781 2373 910 2404 tertium
926 2396 935 2412 ‚

169 2411 254 2450 cujus
278 2411 374 2441 verba
395 2410 548 2450 Ulpianus
571 2413 647 2453 l.27.
670 2412 738 2455 §.5
763 2412 804 2444 D.
829 2415 880 2444 Aa
898 2415 936 2444 le·

73 2459 138 2492 gem
154 2451 304 2492 Aquiliam
321 2456 362 2483 ai‘t
387 2453 460 2484 talia
484 2452 583 2485 fuiffe.

116 2491 287 2524 Ceterarum
304 2503 399 2524 rerum
419 2517 428 2531 ‚
457 2500 559 2533 proeter
584 2495 723 2526 hominem
747 2494 782 2530 &²
801 2497 937 2536 pecudem

139 2534 256 2572 occisos,
274 2534 301 2572 fi
319 2537 381 2575 quis
398 2535 482 2566 alteri
505 2537 748 2576 dumiiumsuxit,
774 2540 847 2578 quod
866 2537 936 2577 uffe-

140 2576 177 2605 rit
188 2597 197 2612 ,
212 2576 357 2616 fregerit,
381 2579 491 2617 ruperit
507 2578 619 2619 injuria
630 2601 638 2616 ,
655 2580 759 2619 quanti
773 2588 804 2609 ea
820 2589 862 2609 res
881 2580 937 2609 erit

140 2615 170 2645 in
188 2617 284 2647 (liebus
302 2618 425 2658 triginta
439 2620 581 2659 proximis
599 2641 609 2658 ,
639 2625 753 2650 tantum
771 2630 806 2650 ιω
824 2621 936 2652 domino

138 2656 205 2686 dare
223 2659 341 2689 damnas
363 2657 425 2699 efl0.

83 2694 134 2726 Ait
163 2697 213 2728 lex
230 2721 240 2736 ‚
269 2699 442 2731 Coeterarum
464 2710 559 2732 rerum
577 2724 586 2740 ‚
613 2708 717 2742 proetcr
737 2702 877 2733 hominem
899 2701 936 2736 Εἴ

79 2738 212 2775 pecudem
234 2740 340 2777 occisos.
384 2741 484 2773 Vetus
509 2743 632 2775 locutio
656 2743 700 2774 est
718 2766 727 2782 ,
758 2744 845 2782 cujus
870 2742 935 2774 sen-

84 2774 210 2822 sus-est,
243 2779 404 2822 Quantum
427 2784 464 2814 ad
484 2792 614 2816 caeteras
631 2794 698 2823 τες,
732 2785 802 2822 vel,
829 2784 857 2814 in
876 2793 934 2814 cze-

87 2824 160 2862 teris
184 2819 299 2852 rebus:
332 2831 365 2853 ut
388 2824 527 2863 pluribus
545 2824 681 2856 ostendit
703 2826 741 2858 V.
761 2826 820 2857 CL.
844 2825 935 2857 Fran·

83 2857 183 2890 ciscus
211 2858 386 2893 Hotmanus
419 2866 465 2896 lib.
482 2875 510 2904 4.
537 2867 655 2904 Observ.
686 2877 709 2897 c.
734 2876 777 2898 ιι.
811 2868 838 2898 &
865 2866 936 2906 post

85 2908 156 2929 eum
177 2901 324 2940 probavit
340 2903 469 2945 Gasper.
493 2902 661 2947 Scioppius
676 2908 722 2939 lib.
737 2917 761 2940 1.
788 2907 940 2946 Vmifimi-

80 2939 152 2969 lium
174 2951 197 2971 c.
221 2950 265 2978 19.
294 2948 421 2985 egregio
448 2947 627 2987 Symmachi
657 2950 742 2981 loco.
796 2950 937 2990 Apparet

82 2989 187 3026 autern
208 2992 246 3013 ex
267 2983 313 3014 his
332 2986 434 3017 verbis
447 3010 455 3025 ‚
473 2988 537 3020 hoc
554 2990 658 3030 capite
674 2992 713 3022 de
732 2998 851 3022 caetero
870 3000 937 3022 orn·

81 3030 111 3052 ni
135 3025 252 3054 damno
283 3027 396 3056 caveri.
429 3028 534 3066 itaque
554 3030 576 3061 fi
606 3032 674 3071 quis
705 3031 825 3063 servum
844 3055 853 3070 ‚
884 3032 935 3064 vel

80 3072 148 3095 eam
168 3066 423 3106 quadrupedem,
448 3078 515 3107 quae
537 3073 693 3111 pecudum
712 3083 845 3104 numero
869 3073 934 3112 est,

79 3105 292 3137 vulneraverit
305 3119 312 3139 :
326 3108 387 3139 five
398 3118 466 3141 eam
479 3112 713 3153 quadrupedem
725 3138 733 3152 ‚
751 3124 820 3155 quae
839 3124 933 3154 pecu-

79 3145 155 3192 dum
170 3156 303 3179 numero
322 3159 385 3181 non
403 3149 469 3189 est,
490 3153 588 3183 veluti
612 3163 742 3194 canem,
765 3164 816 3187 aut
834 3155 933 3189 feram

78 3185 228 3234 bestiam,
246 3191 538 3231 vulneraverit‚aut
556 3195 730 3235 occiderit,
749 3196 812 3228 hoc
829 3207 934 3238 capite

79 3228 235 3263 athonem
253 3232 412 3265 constitui.
430 3234 461 3266 in
471 3236 593 3268 caeteris
611 3246 739 3279 quoque
750 3239 895 3272 omnibus
905 3250 933 3271 a·

967 3200 1088 3239 frustm*
1111 3202 1182 3233 milvi
1204 3207 1279 3234 furit.

980 2372 1167 2413 munilibus,
1191 2373 1268 2405 item
1287 2374 1318 2406 in
1338 2375 1487 2407 omnibus
1505 2376 1599 2408 rebus
1613 2399 1622 2414 ‚
1649 2385 1719 2417 quae
1743 2377 1846 2409 anima

980 2423 1108 2453 carent,
1131 2416 1279 2447 damnum
1301 2425 1357 2456 pei·
1376 2417 1516 2456 injuriam
1537 2418 1643 2449 datum
1672 2418 1731 2449 nac
1755 2427 1845 2457 parte

978 2456 1154 2493 vindicari,
1185 2456 1375 2496 Justinianus
1393 2457 1575 2489 observavit
1597 2458 1626 2500 §.
1651 2468 1696 2500 13.
1724 2458 1793 2501 [nst.
1811 2461 1845 2491 de

978 2496 1036 2538 lege
1052 2498 1186 2538 Aquilia.
1232 2497 1435 2539 Quamquam
1461 2500 1549 2538 quod
1575 2500 1615 2531 de
1637 2500 1713 2533 feris
1737 2500 1843 2533 bestiis

980 2537 1117 2578 scriptu,
1148 2539 1226 2570 olim
1246 2540 1480 2571 dubitationem
1501 2541 1629 2574 habuit:
1661 2551 1730 2582 quae
1751 2543 1844 2574 intel-

980 2579 1031 2619 ligi
1058 2579 1163 2618 potest
1183 2590 1223 2611 ex
1245 2579 1371 2621 Ulpiani
1393 2582 1496 2614 verbis
1515 2582 1739 2623 sequentibus,
1771 2593 1840 2623 quae

980 2628 1091 2651 extant
1116 2623 1200 2660 apud
1226 2621 1381 2653 Licinium
1411 2621 1558 2655 Rufinum
1585 2623 1640 2655 Tit.
1672 2634 1715 2657 12.
1749 2626 1842 2657 Colla-

980 2663 1066 2692 tionis
1090 2661 1201 2701 Legum
1218 2662 1416 2702 Mosaicurum
1438 2663 1691 2699 &Romanarum
1710 2667 1740 2698 in
1766 2666 1840 2699 fine.

1019 2703 1092 2734 Item
1121 2704 1216 2742 Celsus
1238 2704 1307 2735 libro
1326 2714 1430 2737 xxvii.
1456 2705 1641 2745 Digestorum
1664 2709 1786 2747 scribit,
1811 2707 1841 2748 st

1038 2754 1103 2776 cum
1126 2752 1190 2786 apes
1207 2756 1271 2777 meoe
1291 2748 1327 2777 ad
1352 2753 1418 2778 lucis
1439 2748 1615 2789 advolaffent
1635 2756 1708 2781 totas
1733 2751 1841 2790 exuffe-

1038 2788 1100 2824 rit,
1139 2788 1274 2828 quosdom
1302 2798 1406 2830 negare
1432 2796 1581 2831 corripetere
1611 2791 1680 2832 legis
1712 2793 1741 2822 A
1763 2793 1839 2822 uiliae

1039 2827 1194 2867 astionem,
1216 2830 1293 2860 inter
1309 2840 1377 2871 quos
1403 2830 1440 2865 &⁹
1464 2831 1621 2863 Proculum
1637 2856 1646 2871 ,
1677 2801 1759 2873 quasi
1773 2839 1837 2873 apes

1040 2870 1158 2900 dominii
1187 2872 1240 2901 mei
1261 2881 1317 2902 tion
1337 2872 1466 2912 fuerint.
1516 2873 1572 2904 sect
1594 2875 1623 2905 id
1644 2874 1757 2914 fulsum
1787 2871 1838 2913 effe

1040 2910 1136 2945 Celsus
1150 2912 1208 2950 ait,
1232 2911 1380 2953 cumupes
1397 2916 1527 2946 revenire
1541 2915 1679 2956 soleant,
1712 2914 1748 2949 ὅ)
1766 2915 1837 2954 fru-

1039 2950 1099 2983 &ui
1111 2952 1181 2993 unffi
1194 2956 1272 2990 sunt.
1316 2955 1371 2986 Seii
1389 2955 1532 2987 Proculus
1546 2966 1574 2987 eo
1592 2963 1739 2994 movetur,
1761 2956 1837 2997 quod

1038 3002 1089 3024 nec
1104 2997 1274 3034 mansuetae,
1294 3005 1343 3027 nec
1358 2998 1399 3027 ita
1417 2997 1517 3038 clnusce
1528 2999 1653 3037 fuerint.
1678 2999 1703 3028 b.
1727 2998 1754 3028 d.
1776 2997 1838 3038 Ipse

1040 3040 1134 3066 autem
1147 3036 1241 3072 Celsus
1251 3038 1292 3068 (iit
1303 3038 1376 3069 nihil
1395 3039 1470 3070 inter
1486 3038 1729 3073 has&columlms
1744 3039 1834 3070 iuter-

1039 3076 1089 3117 effe
1098 3100 1106 3115 ‚
1118 3077 1306 3119 quoesirnartu
1316 3080 1490 3121 refugiunt,
1503 3081 1578 3111 domi
1592 3081 1832 3121 tcmzerzfugiurtt.

976 3115 1021 3147 Ita
1049 3119 1145 3160 vulgo
1169 3121 1291 3160 editur3
1315 3130 1375 3152 nec
1397 3122 1509 3152 dubito
1527 3144 1536 3159 ,
1568 3120 1642 3160 quin
1663 3130 1834 3162 coi-rupte:

976 3158 1119 3191 Pithoeus
1151 3161 1220 3192 sane
1246 3171 1304 3202 pro
1322 3186 1330 3201 ‚
1365 3162 1483 3201 fructui
1508 3160 1667 3201 miffisunt
1685 3185 1695 3201 ‚
1735 3163 1832 3204 legit,

1332 3203 1435 3233 Etiam
1465 3212 1544 3242 prs),
1576 3208 1649 3234 totas
1677 3204 1833 3244 exufferit,

975 3241 1093 3274 habent
1120 3243 1285 3275 Fundet}ae
1302 3267 1313 3282 ‚
1344 3251 1376 3274 tu
1399 3253 1445 3274 eas
1464 3242 1598 3284 exufferis
1621 3244 1641 3277 l.
1661 3254 1708 3286 27.
1732 3246 1762 3287 §.
1787 3256 1832 3278 12.
