2052 3487
166 73 235 100 202

165 150 222 183 etii
242 149 328 182 nulla
343 144 484 188 personae
501 138 716 181 interpellatio
733 135 936 182 subsequatur
951 134 971 165 l.
985 143 1031 181 ¹²:

169 193 205 224 C.
223 191 256 223 de
280 186 472 221 contrahenda
488 181 699 224 stipulatione.-
727 178 886 216 maxime,
909 177 932 208 11
947 176 1035 207 debi-

169 233 230 264 tori
248 230 395 272 imputari
412 224 525 267 possit,
549 232 605 253 cur
621 229 686 255 non
702 218 843 250 solverit.
865 227 936 251 nam
958 216 979 248 fi
1002 215 1034 247 id

169 283 234 306 non
260 272 314 310 fit,
343 270 433 300 aliter
452 263 622 296 dicendum
645 260 701 292 est.
726 259 835 306 finge,
858 259 929 306 post
952 267 1037 291 mor-

171 324 237 346 tem
254 308 421 344 creditoris
446 306 606 338 neminem
623 302 685 334 effe
704 310 755 333 cui
779 310 914 340 pecunia
937 298 1036 330 solva'-

170 365 220 387 tur
236 366 244 386 :
268 349 443 383 humanitas
460 347 568 383 volet,
591 344 783 383 inculpatam
801 342 865 382 ejus
882 341 1036 381 temporiS

168 403 289 428 moram
321 390 383 422 effe
406 398 415 417 =
444 397 481 420 ac
511 387 691 419 debitorem
710 407 720 424 ,
750 383 772 415 fi
802 382 1010 415 conveniatur
1026 403 1036 419 ‚

168 441 360 476 quamquam
378 431 481 468 recte,
507 427 614 468 quoad
635 426 710 466 Juris
734 424 936 456 subtilitatem
953 446 963 462 ,
994 429 1037 453 ta·

167 485 241 509 men
259 474 324 506 doli
348 473 420 505 mali
438 470 634 511 exceptione
650 466 784 499 defendi
801 465 821 497 l.
837 475 868 502 9.
891 464 920 507 §.
942 474 968 496 1.
992 463 1036 495 D.

168 520 201 549 de
216 526 235 548 u
250 516 321 547 uris.

212 517 273 589 Sgd
289 566 348 588 nec
365 555 443 587 illud
460 551 734 594 praetereundum‚
750 548 838 589 quod
855 545 953 578 usurae
969 555 1040 588 quae

169 599 373 641 stipulatione
402 596 560 627 debentur
577 616 586 633 ‚
617 601 682 623 non
707 589 809 622 solent
833 597 966 630 propter
996 588 1042 619 lu-

168 650 257 673 crum
281 638 461 680 petentium
482 660 491 673 ‚
519 634 572 666 sed
599 640 731 675 propter
760 639 882 662 morani
917 629 1041 661 solven-

171 683 270 720 tium,
294 680 412 720 infligi:
437 677 491 709 niii
509 677 530 709 fi
553 675 731 716 specialiter
752 672 962 710 convenerit,
987 679 1040 702 eas

170 722 282 757 deberi
300 731 340 754 ex
357 722 407 753 die
427 717 650 760 stipulationis.
1037 749 1039 752 ι

210 763 365 796 Universa
383 762 452 792 haee
471 759 583 791 Paulus
600 755 749 797 indigitat
757 754 776 786 1.
788 764 837 793 40.
861 752 902 784 D.
913 754 946 783 de
960 753 1042 784 rebus

171 806 312 841 crediti53
337 805 377 835 de
401 812 462 844 qua
487 801 559 841 quia
586 799 671 830 varia
696 796 766 828 sunt
793 794 1042 839 doclissimorum

171 847 338 879 hominum
361 844 478 885 judicia
497 866 507 882 ,
540 841 569 872 ἃ
592 839 656 881 ipsa
678 838 770 878 hujus
797 838 860 868 loci
879 835 945 882 es’t2
969 835 1044 876 quid

169 888 249 921 mihi
266 883 548 924 videatur,pancis
564 888 735 922 exponam.
751 879 849 910 verba
859 877 944 909 Pauli
961 875 1040 908 sunt.

170 928 262 961 Leria
284 926 322 968 eft
344 928 376 957 in
400 926 542 957 auditorio
560 922 678 955 AEmilii
695 920 882 962 Papiniani,
905 917 1041 958 Praefeffl

167 970 301 1013 praetorio
315 992 326 1006 ,
347 966 578 1009 Jurz'sconsulti,
600 964 697 996 cautio
719 962 894 1003 hujusmodi.
928 959 1043 991 Lucius

174 1011 270 1043 Titius
279 1009 381 1051 scripsi
397 1018 439 1040 me
457 1006 589 1048 accepiffe
602 1016 620 1037 a
637 1005 739 1037 Publio
756 1002 866 1035 Maevio
881 1001 1044 1043 quindecim

171 1060 276 1084 mutua
289 1056 440 1083 numerata
456 1050 528 1081 mibi
545 1050 578 1079 de
595 1049 691 1079 dumo.-
713 1045 730 1086 (
740 1045 784 1084 a)
808 1044 865 1075 hoec
880 1043 1042 1084 quindecim

167 1096 258 1136 proba
275 1092 348 1124 recle
369 1093 434 1124 dari
455 1089 579 1122 calendis
600 1088 716 1128 futuris
732 1083 897 1127 stipulatus
920 1081 958 1123 eli
982 1083 1043 1114 Pu-

171 1137 245 1167 blius
261 1134 392 1166 Maevz'us
403 1157 413 1171 ‚
427 1132 569 1174 spopondi
583 1140 631 1172 ego
651 1129 764 1160 Lucius
780 1126 886 1158 Titius.
917 1126 950 1156 Si
972 1125 989 1164 ζ
999 1124 1042 1165 b)

173 1178 218 1209 die
224 1176 427 1218 suprascripta
434 1180 553 1215 summa
569 1171 673 1204 Publio
690 1169 808 1215 Maevio.
824 1170 885 1199 eive
900 1168 938 1198 ad
960 1175 1044 1213 quem

176 1228 209 1250 ea
233 1227 276 1249 res
293 1217 467 1259 pertinebit,
493 1219 580 1252 (lata,
597 1212 695 1253 soluta
712 1233 722 1249 ,
744 1211 858 1251 setisve
880 1218 908 1239 eo
931 1216 1043 1239 nomine

166 1259 288 1300 fastum
299 1269 355 1298 non
363 1258 418 1289 erit
427 1280 436 1296 ‚
448 1263 552 1287 iunceo
568 1254 689 1294 amplius
697 1262 750 1293 quo
757 1249 945 1292 poslsolvam,
953 1256 1043 1289 poenae

174 1303 287 1333 nomine
299 1302 328 1331 in
345 1301 401 1330 dies
419 1299 560 1340 triginta,
578 1297 665 1337 inque
684 1294 736 1334 (c)
748 1294 878 1323 denarios
892 1296 1040 1328 centenos,

168 1343 308 1374 *denarios
318 1339 451 1382 singulos
465 1340 530 1370 dari
537 1336 696 1378 stipulatus
709 1333 747 1375 est
765 1333 885 1364 Publius
895 1331 1042 1369 Mevius,

166 1380 308 1425 spopondi
318 1384 370 1424 *ego
391 1381 501 1412 Lucius
521 1379 628 1410 Titius.
671 1375 868 1415 Convenitque
884 1375 1042 1411 internos,

175 1426 221 1456 uti
235 1432 288 1465 pro
302 1424 360 1465 (cl)
375 1422 483 1454 Maevio
499 1430 534 1453 ex
546 1421 658 1458 summa
667 1417 874 1458 suprascripta
888 1411 1044 1455 menstruos

173 1466 327 1506 refundere
349 1465 461 1496 debeam
485 1462 620 1493 denarios
646 1465 767 1490 trecenos
790 1466 826 1487 ex
841 1456 918 1486 omni
931 1460 1044 1495 summa

172 1509 216 1547 ei,
240 1506 371 1537 beredive
393 1503 464 1545 ejus.
509 1499 671 1546 anaefitum
686 1495 725 1540 est
742 1499 776 1529 de
791 1497 960 1538 obligatione
976 1500 1044 1535 usu-

173 1547 301 1582 rarum:
330 1545 469 1587 quoniam
495 1551 635 1574 numerus
657 1542 722 1582 (e)
744 1537 882 1578 menfium
903 1539 954 1579 qui
974 1537 1045 1575 lola-

173 1588 246 1620 'tioni
260 1582 637 1627 competebat‚''tranfierat.
661 1583 807 1619 dicebam,
829 1580 898 1621 quia
909 1578 997 1620 pacta
1012 1579 1045 1610 in

170 1629 329 1663 continenti
337 1626 427 1668 scitia
435 1624 622 1698 Jh'l'ulssti'mi
636 1623 720 1665 ineffe
736 1623 910 1660 creduntur,
928 1621 1046 1662 perinde

170 1670 223 1711 effe
239 1667 273 1702 'ac
283 1669 313 1708 fi
319 1670 374 1709 per
381 1666 472 1712 singu
485 1677 513 1698 os
531 1666 635 1708 menses
650 1670 758 1696 certam
774 1664 930 1704 pecuniam
946 1660 1043 1702 stipu-

173 1713 271 1751 latur,
295 1711 399 1753 quoad
415 1709 528 1745 tardius
537 1707 639 1751 stilum
656 1705 742 1747 effet,
763 1707 868 1745 usuras
890 1702 1041 1744 a'djeczffet.

173 1747 277 1796 igit'urs
293 1752 395 1794 finito,
423 1750 493 1788 rimo
526 1749 618 1787 mense
636 1749 743 1790 primoe·
763 1744 907 1790 pensionis
939 1746 1044 1784 usuras

171 1791 364 1835 ‘currere‘z''&
375 1757 514 1833 Jssnilz't'er
529 1788 767 1834 post⁹secuqzdum
790 1785 827 1821 ὅ)
843 1786 962 1832 ¹tertium
986 1790 1045 1817 tra·

173 1835 250 1873 {lum
267 1831 369 1878 usuros
383 1828 551 1873 nonss‘lblu'tce
561 1831 689 1873 pecunia:
703 1826 846 1870 pensionis
859 1827 983 1867 crescere·
993 1836 1045 1872 nec

171 1884 239 1914 ante
253 1871 422 1917 fiirtir'non
435 1873 538 1916 'fiilutoe
552 1871 666 1910 «usuras
688 1871 747 1912 peti
762 1868 857 1915 poste,
879 1878 967 1910 quom
985 1869 1046 1908 ipsa

163 1915 229 1961 fhri
248 1915 316 1961 peti*
331 1916 475 1959 potuerat.
517 1914 643 1947 Pastum
665 1918 762 1944 antem
776 1913 778 1916 “
793 1911 867 1952 quod
890 1907 1046 1951 subjebium

171 1958 229 2001 est,
253 1960 372 2001 quidam
388 1958 519 1989 dicebant
541 1956 606 1997 (f)
630 1955 668 1986 ad
684 1953 775 1997 fhrtz's
786 1951 962 1991 solutionem
980 1957 1045 1982 tan-

173 2008 236 2033 tum
258 2003 421 2042 pertinere,
443 2008 503 2030 non
525 1999 612 2037 etiam
634 1996 672 2028 aci
695 1997 851 2033 usurarum
871 2002 934 2034 quae
953 1993 1047 2032 priore

166 2049 255 2084 parte
267 2040 437 2083 simpliciter
460 2041 491 2071 in
501 2036 722 2080 stipulationem
739 2033 897 2074 veniffent:
917 2032 1046 2073 paetum-

173 2094 228 2126 que
244 2084 275 2115 id
290 2089 408 2115 tantum
424 2083 461 2113 nd
477 2081 666 2122 exceptionem
687 2075 820 2116 prodeffe.
844 2074 880 2109 ἐξ
906 2076 965 2106 ideo
989 2084 1047 2106 non

164 2125 266 2167 Joluta'
278 2124 402 2165 pecunia
410 2122 533 2164 statutis
548 2119 746 2162 pensionibus,
770 2127 806 2148 ex
826 2117 870 2148 die
878 2114 1045 2156 stipulatio-

174 2168 220 2200 nis
242 2166 347 2206 usuras
371 2166 487 2202 deberi,
509 2169 596 2204 atque
612 2160 640 2200 fi
662 2161 693 2192 id
713 2159 886 2190 nominatim
908 2156 973 2198 effet
997 2166 1046 2188 ex-

168 2205 305 2249 preffum.
332 2207 386 2237 Sed
403 2215 468 2236 cnm
477 2206 565 2245 stirtis
577 2203 678 2244 petitio
695 2201 785 2232 dilata
793 2198 854 2238 sit,
878 2199 1047 2240 consequens

174 2247 232 2291 esi,
255 2254 288 2281 ut
305 2249 391 2279 etiam
405 2247 499 2285 usurae
522 2254 559 2276 ex
574 2254 602 2275 eo
618 2249 738 2284 tempore
758 2251 813 2283 quo
831 2250 939 2272 moram
947 2241 1023 2279 fecit
1034 2262 1045 2278 ‚

174 2291 324 2322 accedant.
350 2288 386 2323 ὅ)
395 2287 440 2326 fi,
458 2293 490 2319 ut
506 2286 551 2317 ille
562 2286 686 2326 putabat
697 2307 707 2324 ‚
722 2284 759 2314 ad
774 2282 962 2323 exceptionem
979 2288 1045 2312 tan-

175 2329 389 2372 zumproczeffei
402 2328 538 2370 panum,
559 2326 695 2368 quamvis
706 2325 855 2366 sententia
870 2324 983 2363 diversa
1000 2324 1045 2354 ob-

176 2370 315 2411 tinuerit,
328 2380 422 2404 tamen
440 2366 595 2412 usnrcirum
612 2367 745 2408 obligatio
762 2365 817 2406 ipſs)
827 2365 897 2407 jure
915 2374 973 2396 non
988 2364 1045 2405 (g)

176 2412 384 2454 committetur:
407 2421 464 2453 non
488 2411 564 2441 enim
581 2411 613 2441 in
634 2418 713 2439 mora
731 2405 775 2448 'est
800 2407 825 2437 is
848 2416 866 2437 a
886 2415 941 2447 quo
961 2412 1047 2447 pecu-

176 2457 226 2487 nixi
246 2453 360 2496 propter
383 2454 571 2495 exceptionem
590 2451 652 2490 peti
674 2459 731 2480 non
750 2445 850 2489 potest.
899 2447 968 2488 (b)
991 2447 1046 2478 Sed

178 2494 250 2538 [fi]
270 2497 462 2536 quantitatem
479 2503 541 2535 quai
564 2493 651 2523 medio
672 2497 792 2532 tempore
807 2488 974 2529 colligitur,
989 2485 1045 2528 sti-

172 2534 330 2578 pulamur„
348 2546 411 2568 cum
428 2534 552 2566 conditio
569 2531 728 2575 exstiterit,
744 2530 823 2569 ficut
837 2530 877 2571 eft
895 2530 926 2560 in
933 2530 1047 2570 frucli·

180 2580 232 2610 bus
247 2601 256 2616 ,
279 2579 352 2608 idern
369 2577 404 2611 ἐπ’)
426 2577 458 2607 in
474 2577 568 2614 usuris
586 2571 678 2616 potes}
704 2573 844 2613 exprimi.-
867 2577 899 2602 ut
921 2573 959 2602 od
975 2572 1047 2602 diem

177 2619 341 2658 non-soluta
355 2619 494 2658 pecunia,
517 2626 570 2657 qno
592 2618 607 2653 (
619 2617 656 2655 i)
680 2615 810 2654 competit
824 2613 982 2653 usurarum.
997 2622 1046 2643 no-

179 2662 274 2698 mine,
298 2669 334 2690 ex
351 2660 395 2689 die
412 2657 578 2696 interpofitae
593 2656 792 2698 stipulationis
802 2651 963 2694 prestetur.
996 2653 1047 2684 Sic

178 2701 352 2734 Florentiae
376 2698 658 2730 editTaurellius:
682 2706 741 2728 nec
767 2696 860 2726 valde
883 2694 1046 2736 improbo.

179 2751 276 2775 unum
294 2741 400 2773 saltem
420 2741 615 2778 notandum,
640 2741 727 2778 quod
744 2747 816 2768 cum
829 2736 958 2768 Publius
970 2736 1048 2767 Mae-

178 2787 249 2818 vius
271 2784 394 2816 dicatur
411 2780 513 2812 Lucio
529 2780 621 2811 Titio
637 2785 739 2810 mutua
753 2777 853 2818 dediffe
867 2778 1047 2819 quindecim,

179 2827 212 2859 in
228 2823 432 2867 sequentibus
450 2829 555 2853 autem
575 2821 691 2852 summa
707 2820 827 2851 credita
845 2819 1002 2851 dividatur
1015 2820 1047 2850 in

179 2863 338 2908 menstruos
351 2870 474 2895 trecenos
490 2864 617 2893 denarios
628 2885 637 2899 ‚
655 2861 723 2892 fere
739 2861 845 2901 placet
861 2860 939 2893 mihi
958 2860 1046 2901 quod

180 2907 319 2946 Gloffae,
338 2903 486 2947 posteriore
504 2904 579 2940 loco,
604 2903 633 2936 δί
658 2902 728 2942 post
750 2911 819 2934 eam
840 2901 963 2942 Jacobo
981 2901 1045 2934 Cu-

178 2950 262 2991 jacio
275 2973 284 2989 ‚
307 2950 345 2979 aci
360 2949 397 2979 lili
423 2957 452 2988 3.
476 2943 672 2989 Quaestionum
688 2943 799 2981 Pauli,
810 2943 840 2974 in
857 2943 1045 2984 explicatio-

181 3001 223 3023 ne
239 2993 267 3022 d.
285 2991 303 3021 l.
314 3000 364 3029 40.
382 2998 440 3030 pro
455 2988 617 3029 quindecim
634 2986 758 3025 legere,
780 2986 940 3026 quindecim
955 2985 1047 3016 millia

180 3029 449 3066 denariorumsnifi
471 3028 558 3061 malis
575 3044 595 3067 ,ἡ
614 3026 773 3068 quindecim
801 3026 892 3057 millia
905 3024 1049 3066 sestertio·

218 3123 275 3160 (a)
293 3124 328 3151 al.
342 3121 403 3160 sua.
444 3120 498 3157 (b)
519 3119 554 3148 al.
575 3127 604 3146 ea
624 3118 674 3147 die.

182 3161 238 3198 (g)
260 3162 293 3190 ul.
313 3161 516 3190 committeretur⁴
557 3157 611 3195 (b)
631 3156 665 3185 al.
680 3154 729 3193 sed
748 3152 794 3190 &-
834 3154 888 3190 (i)
908 3154 943 3182 al.
964 3155 1035 3190 quod.

761 49 1069 84 GERARDI

1119 40 1347 76 Noonr

1074 139 1161 168 rum,
1184 129 1236 160 vel
1254 125 1568 171 quindecimsestertia.
1591 129 1680 171 quod
1697 128 1793 163 visum
1811 132 1944 165 Andreae

1075 171 1204 203 Alciato
1227 170 1277 202 lib.
1318 195 1324 203 .
1352 170 1510 212 Dispunft.
1534 181 1559 202 c.
1576 181 1605 202 2.
1636 170 1802 204 Francisco
1821 173 1943 206 Duare-

1077 222 1142 250 no,
1166 211 1204 257 od
1218 212 1266 251 cit.
1284 213 1318 244 (1.
1342 212 1375 244 Si
1391 218 1499 244 certum
1508 218 1647 252 petatur,
1672 218 1733 252 cap.
1750 223 1779 252 5.
1795 221 1862 256 pag.
1873 220 1945 250 886.

1080 254 1110 284 ὅ(
1134 251 1263 286 Didaco
1288 253 1518 286 Couvarruviae
1538 277 1548 293 ,
1577 253 1625 285 De
1648 253 1712 284 libr.
1737 263 1800 285 aur.
1820 256 1944 296 velarg.

1078 304 1173 341 exem.
1196 304 1221 325 c.
1246 306 1276 333 4.
1298 303 1404 335 neque
1427 295 1536 334 inepte
1551 318 1560 332 ‚
1584 304 1688 336 neque
1712 303 1829 335 magno
1855 297 1946 328 moli-

1079 343 1191 368 mine:
1221 335 1242 367 fi
1268 336 1419 368 scribatur
1442 335 1516 368 XV.
1540 336 1605 369 HS.
1631 336 1680 367 vel
1705 338 1754 370 fi.
1779 334 1844 367 HS.
1867 337 1945 377 etii,

1080 378 1154 418 quia
1184 376 1297 409 Paulus
1320 378 1350 409 in
1374 377 1577 418 sequentibus
1600 378 1706 409 verbis
1729 386 1794 408 non
1806 374 1946 417 sestertio-

1078 427 1162 457 rum,
1186 417 1237 450 sed
1261 419 1459 458 denariorum,
1482 420 1649 457 meminit,
1679 419 1775 460 longe
1796 419 1945 458 probabi-

1079 460 1142 491 lior
1157 460 1234 491 milii
1251 458 1288 491 fit
1303 460 1486 501 conjectura
1502 461 1674 503 legentium
1684 483 1695 499 ,
1710 460 1872 501 quindecim
1885 461 1948 492 mil-

1082 500 1124 532 lia
1144 502 1344 532 denariorum:
1368 501 1477 541 estque
1500 501 1604 533 facilis
1628 511 1664 533 ea
1682 502 1835 533 mutatio:
1858 500 1880 533 fi
1896 511 1950 543 pu-

1085 549 1208 581 temus,
1240 541 1390 583 scriptum
1414 542 1506 575 fuiss'e
1522 544 1560 575 ad
1585 543 1666 574 hanc
1684 542 1819 574 formam
1838 541 1881 573 X.
1899 546 1949 578 ἦν,

1083 589 1196 614 mutua.
1228 582 1270 614 fic
1299 586 1383 616 enim
1413 586 1444 616 i‘n
1475 585 1637 616 veteribus
1665 583 1951 624 inscriptionibus,

1082 633 1214 670 quarum
1229 625 1377 670 exempla
1391 625 1589 666 alibi'posui,
1601 626 1632 658 ὃ(
1649 625 1768 657 denarii
1782 625 1813 657 &
1830 629 1952 659 numeri

1082 666 1248 698 millenarii
1270 674 1442 698 notantur:
1466 667 1561 699 mitto
1579 669 1689 706 quod,
1713 667 1795 708 apud
1818 666 1851 698 P.
1876 666 1953 698 Dia·

1084 716 1204 754 conum
1231 705 1279 737 De
1300 708 1374 738 notis
1395 708 1563 747 literarum,
1586 707 1629 740 X.
1651 708 1824 748 exponitur
1850 707 1950 740 Dena-

1084 757 1157 779 rzus.
1181 746 1234 779 sed
1252 747 1282 779 &
1298 748 1442 781 Valerius
1459 748 1602 788 Probus,
1626 750 1673 781 lib.
1694 749 1742 780 De
1757 750 1832 780 notis
1849 749 1955 782 Roma-

1085 798 1190 820 norum
1205 811 1215 828 ,
1247 799 1272 820 c.
1297 791 1330 820 de
1353 791 1428 821 notis
1452 800 1654 829 numerorum,
1679 790 1721 821 fic
1746 789 1852 821 scribit
1869 814 1879 830 ‚
1910 791 1952 822 Et

1075 831 1231 877 sciendum
1246 853 1256 869 ,
1279 832 1354 872 quod
1377 832 1505 873 quelibet
1524 831 1644 873 figura,
1666 830 1689 867 si
1711 832 1736 862 ei
1751 832 1853 872 jacens
1875 831 1953 864 reeta

1085 872 1162 902 linea
1169 876 1264 917 supra
1280 873 1424 911 ducatur,
1435 878 1476 904 tot
1484 872 1666 915 fignificabit
1682 874 1873 912 millenarios,
1883 879 1950 915 quot

1082 919 1134 954 per
1147 914 1182 952 se
1200 911 1353 954 significat
1368 916 1496 945 unitates
1511 938 1521 954 ,
1542 921 1577 945 ut
1593 918 1619 948 ἶ,
1646 913 1732 946 Mille
1752 916 1899 953 unitates,
1921 916 1951 946 id

1085 952 1131 1000 esi
1154 954 1230 984 mille
1247 953 1410 995 fignificat.
1435 960 1468 988 ῑι.
1492 957 1619 997 quinque
1643 955 1742 987 millia.
1767 955 1797 988 ἃ
1822 956 1952 996 reliqua.

1086 995 1186 1036 Igitur
1202 994 1333 1041 Publius
1347 996 1488 1028 Maevius
1504 997 1606 1028 Lucio
1624 996 1716 1028 Titio
1740 1005 1848 1029 mutua
1864 998 1953 1029 dedit

1084 1036 1128 1068 X.
1155 1037 1207 1071 iis.
1222 1036 1255 1068 id
1274 1036 1341 1077 est,
1365 1037 1566 1070 denariorum
1584 1039 1764 1079 quindecim
1788 1038 1902 1076 millia,
1925 1039 1954 1070 ei

1085 1084 1252 1126 munerata
1269 1080 1310 1110 de
1327 1081 1438 1110 domo.
1456 1080 1481 1111 is
1492 1079 1632 1111 Maevius
1650 1079 1814 1121 stipulatus
1831 1079 1876 1111 est
1887 1080 1955 1111 haec

1086 1132 1134 1153 xv.
1158 1120 1190 1166 id
1208 1118 1271 1158 est,
1295 1120 1478 1160 quindecim
1502 1121 1598 1153 millia
1615 1144 1625 1160 ‚
1655 1121 1756 1162 proba
1778 1121 1865 1153 recte
1890 1121 1955 1153 dari

1085 1161 1202 1207 futuris
1222 1159 1391 1194 Kalendis:
1415 1162 1444 1193 δι
1468 1160 1489 1193 fi
1506 1172 1542 1194 ea
1559 1163 1610 1194 die
1633 1161 1721 1203 supra
1739 1163 1852 1203 scripta
1878 1162 1957 1194 suin-

1085 1211 1136 1234 ma
1160 1211 1190 1233 ei
1213 1202 1337 1241 soluta,
1361 1203 1473 1235 satisve
1494 1213 1535 1235 eo
1560 1205 1692 1236 nomine
1715 1203 1834 1235 faClum
1850 1226 1859 1242 ,
1891 1213 1956 1236 non

1085 1244 1166 1282 erit,
1192 1251 1267 1274 tunc
1283 1267 1299 1290 ³.
1317 1245 1380 1275 five
1402 1245 1543 1284 exinde,
1576 1254 1617 1276 eo
1640 1247 1773 1286 amplius
1797 1254 1863 1286 quo
1889 1245 1958 1286 post

1087 1285 1228 1330 soluetur
1253 1286 1321 1325 (iic
1343 1286 1487 1326 loquitur
1509 1287 1618 1317 cautio
1635 1310 1644 1325 ‚
1672 1295 1824 1327 extatque
1854 1296 1890 1318 ea
1913 1287 1959 1318 lo-

1086 1334 1176 1373 cutio
1193 1324 1342 1373 'fimiliter
1367 1327 1388 1359 l.
1407 1331 1474 1359 126.
1499 1326 1528 1368 §.
1546 1337 1573 1359 2.
1600 1327 1643 1360 D.
1663 1329 1696 1359 de
1719 1330 1872 1359 verborum
1895 1328 1961 1359 obli·

1082 1368 1268 1409 gatzonzbu53
1292 1376 1329 1398 ac
1352 1368 1456 1407 valet,
1481 1377 1545 1408 quo
1562 1369 1679 1401 tardius
1697 1368 1853 1408 solvetur,
1876 1369 1960 1409 five,

1086 1418 1127 1454 ex.
1143 1417 1231 1454 mora
1242 1431 1253 1447 ‚
1276 1416 1310 1440 ut
1326 1419 1366 1441 ex
1381 1408 1584 1450 sequentibus
1599 1412 1761 1452 apparet)
1784 1420 1889 1451 poenae
1904 1420 1961 1442 no-

1085 1458 1172 1482 mine
1196 1450 1255 1496 (id
1274 1449 1337 1496 est,
1361 1451 1460 1482 usurae
1476 1452 1631 1484 nomine:
1654 1459 1689 1483 ut
1705 1451 1815 1493 saepe)
1838 1451 1959 1492 stipula-

1087 1499 1138 1522 tus
1157 1490 1201 1522 est
1224 1500 1256 1522 in
1281 1492 1348 1537 dies
1375 1492 1504 1533 triginta
1520 1516 1530 1533 ,
1559 1493 1656 1534 inque
1679 1493 1828 1525 denarios
1849 1501 1958 1524 cente-

1087 1541 1147 1564 nos
1163 1554 1174 1571 ,
1197 1532 1344 1564 denarios
1365 1532 1523 1574 fingulos,
1546 1535 1578 1566 id
1603 1534 1667 1573 est,
1699 1533 1804 1566 usuras
1827 1533 1959 1566 centesi-

1087 1582 1173 1621 nias:
1197 1581 1231 1604 ut
1248 1573 1336 1619 supra
1358 1574 1494 1607 ostendi.
1538 1575 1666 1607 Deinde
1683 1576 1754 1617 post
1771 1585 1840 1607 eam
1863 1575 1959 1616 stipu-

1087 1615 1240 1662 lationem
1264 1624 1296 1647 in
1327 1616 1508 1661 continenti
1533 1617 1688 1649 convenit
1711 1617 1795 1650 inter
1818 1617 1853 1648 P.
1878 1617 1960 1648 Mae-

1088 1664 1175 1702 vium
1196 1656 1228 1687 ὃς
1243 1655 1281 1689 L.
1298 1655 1443 1696 Titium,
1467 1666 1502 1690 ut
1517 1658 1570 1690 hic
1586 1657 1753 1695 P.Maevjo
1769 1658 1885 1690 futuris
1901 1657 1961 1690 Ka-

1086 1697 1190 1744 lendis
1207 1706 1272 1743 nou
1291 1706 1361 1729 tota
1379 1698 1517 1730 solveret
1536 1699 1719 1740 quindecim
1736 1700 1851 1739 millia3
1874 1699 1962 1741 quod

1086 1739 1292 1785 stipulatione
1314 1737 1419 1772 fuerat
1441 1740 1732 1780 comprehensum-z
1764 1739 1816 1773 sed
1845 1749 1880 1772 ut
1905 1740 1961 1772 fin·

1087 1782 1168 1822 gulis
1189 1779 1348 1812 mensibus
1370 1790 1411 1812 ex
1434 1790 1471 1812 ea
1494 1781 1613 1813 summa
1636 1782 1666 1813 ei
1685 1781 1872 1814 refunderet
1895 1789 1958 1814 tre-

1088 1830 1187 1853 cenos
1209 1821 1368 1854 denarios.
1413 1820 1490 1853 Non
1510 1821 1610 1854 soluta
1636 1822 1721 1855 sorte
1746 1824 1826 1855 intra
1851 1833 1958 1855 nume-

1088 1872 1158 1895 rum
1182 1861 1332 1909 mensium
1355 1864 1410 1904 qui
1437 1862 1586 1896 solutioni
1605 1865 1831 1906 competebat:
1855 1863 1959 1906 quaefi·

1089 1902 1240 1950 tum-fuit
1264 1913 1296 1935 in
1319 1905 1480 1936 auditorio
1503 1905 1630 1938 Aemilii
1657 1906 1847 1946 Papiniani,
1879 1907 1959 1938 Prae·

1088 1944 1166 1977 fecti
1183 1945 1516 1985 praetorio,affidente
1531 1947 1559 1978 ei
1577 1947 1608 1979 in
1627 1946 1768 1980 Confilio
1784 1949 1866 1980 inter
1880 1948 1958 1979 alios

1089 1986 1210 2033 Paule,
1234 1994 1272 2018 an
1289 1987 1323 2019 Ρ.
1341 1987 1466 2018 Maevio
1489 1991 1590 2020 totius
1615 1988 1706 2021 sortis
1727 1988 1825 2021 usurae
1843 1999 1883 2021 ex
1901 1990 1960 2029 pri-

1090 2038 1149 2060 mis
1166 2026 1318 2060 Kalendis
1336 2028 1554 2061 deberentur?
1577 2039 1613 2061 ac
1630 2029 1712 2068 suit,
1735 2031 1788 2070 qui
1806 2030 1957 2062 censeret.

1089 2069 1243 2116 movebat
1266 2078 1359 2109 eum,
1382 2070 1471 2111 quod
1490 2069 1527 2101 L.
1542 2069 1650 2104 Titius
1667 2071 1701 2103 P.
1719 2071 1844 2103 Maevio
1860 2072 1958 2102 totius

1089 2111 1200 2149 sortis,
1225 2108 1451 2151 usurarumque
1476 2111 1561 2152 ejus,
1586 2111 1778 2145 solutionem
1805 2113 1959 2153 proximis

1089 2151 1241 2197 Kalendiq
1254 2150 1414 2193 stipulanti
1432 2153 1594 2193 promisit:
1616 2163 1752 2195 eamque
1767 2153 1960 2186 solutionem

1089 2204 1126 2226 ea
1143 2194 1195 2240 die
1212 2202 1243 2224 ei
1260 2202 1325 2224 nou
1344 2192 1434 2224 fecit.
1458 2195 1592 2235 putabat
1606 2196 1701 2237 igitur
1712 2219 1721 2232 ‚
1738 2194 1842 2227 usuras
1858 2197 1960 2226 totius

1089 2235 1181 2267 sortis
1196 2234 1231 2266 P.
1250 2234 1375 2266 Maevio
1393 2234 1502 2267 deberi
1519 2245 1560 2268 ex
1576 2236 1683 2277 primis
1699 2235 1869 2269 Kalendis:
1892 2236 1960 2277 qui-

1088 2277 1147 2310 bus
1168 2277 1196 2308 ei
1218 2276 1375 2316 prorniss‘ae
1391 2299 1402 2316 ,
1432 2276 1485 2308 sed
1506 2286 1572 2309 non
1599 2277 1709 2310 solutae
1725 2301 1734 2316 ‚
1764 2277 1874 2311 essent.
1898 2286 1958 2309 nec

1089 2317 1241 2360 refragari
1268 2317 1421 2359 pactum,
1451 2317 1687 2360 stipulationem
1713 2319 1744 2351 in
1776 2319 1957 2351 continenti

1088 2359 1302 2392 subsecutum.
1324 2360 1459 2401 primum
1475 2382 1486 2399 ,
1516 2359 1589 2401 quia
1612 2370 1652 2392 eo
1676 2369 1874 2393 conventum
1897 2360 1958 2392 fuit

1089 2405 1130 2434 de
1148 2401 1232 2447 sorte
1249 2401 1281 2432 in
1304 2400 1475 2434 menstruas
1500 2401 1666 2442 pensiones
1690 2403 1881 2434 dividenda:
1905 2401 1957 2432 sed

1089 2446 1130 2477 de
1146 2443 1241 2474 usuris
1255 2442 1334 2474 nihil
1350 2451 1548 2474 conventum
1561 2443 1633 2474 fuit.
1658 2444 1824 2474 videbatur
1841 2444 1935 2484 igitur
1946 2466 1956 2481 ‚

1090 2485 1197 2527 quoad
1215 2482 1470 2525 usuras‚integra
1490 2483 1551 2515 esse
1568 2484 1744 2525 stipulatio:
1759 2493 1844 2523 aqua
1862 2484 1956 2523 patio

1089 2525 1244 2560 receffum
1267 2534 1334 2556 non
1360 2534 1436 2557 erat.
1461 2525 1621 2564 maxime,
1652 2535 1724 2556 cum
1747 2535 1811 2556 non
1835 2533 1955 2555 conve-

1089 2569 1172 2601 niret
1190 2566 1461 2607 rationi,paCtum
1480 2565 1547 2597 fieri
1566 2567 1605 2597 de
1622 2576 1655 2597 re
1674 2567 1792 2605 una,&
1809 2566 1846 2596 ad
1864 2566 1954 2597 aliam

1090 2608 1221 2642 extendi
1244 2607 1321 2647 l.27.
1341 2608 1369 2649 §.
1379 2619 1408 2646 4.
1426 2606 1469 2638 D.
1481 2608 1514 2637 de
1523 2607 1626 2646 poclis.
1647 2608 1743 2640 altera
1761 2606 1850 2638 causa
1867 2614 1957 2643 erat,

1089 2651 1179 2693 quod
1195 2649 1259 2680 hoc
1280 2649 1404 2689 paetum
1430 2647 1533 2688 posset
1559 2647 1594 2679 L.
1613 2647 1706 2680 Titio
1732 2649 1953 2689 quideinpro—

1089 2692 1176 2725 deffe
1196 2691 1235 2723 ad
1258 2690 1513 2730 exceptionem;
1544 2688 1595 2721 sed
1623 2689 1690 2731 ipso
1714 2690 1782 2729 iure
1809 2688 1956 2730 prodesse

1089 2744 1155 2767 non
1173 2731 1293 2775 poffet:
1318 2739 1489 2773 propterea
1503 2732 1590 2771 quod
1607 2741 1672 2763 non
1691 2739 1852 2772 patei-etur
1868 2738 1956 2771 regu-

1090 2777 1117 2809 la
1131 2775 1227 2816 juris,
1250 2773 1375 2813 pactum
1393 2772 1606 2812 stipulationi,
1629 2773 1661 2805 id
1685 2773 1749 2812 est,
1773 2772 1867 2804 stricti
1882 2771 1955 2812 juris

1090 2816 1287 2853 contractui,
1310 2813 1424 2853 iness'e3
1447 2820 1542 2854 atque
1566 2814 1641 2845 ideo
1666 2814 1729 2845 hoc
1752 2814 1869 2845 nudum
1884 2836 1893 2851 ,
1923 2813 1954 2843 id

1090 2859 1161 2898 est,
1190 2857 1304 2889 inutile
1321 2879 1331 2895 ,
1362 2855 1469 2886 haberi
1498 2863 1691 2895 oporteret.-
1723 2855 1777 2887 nifi
1801 2863 1954 2895 quatenus

1087 2902 1135 2943 jus
1154 2900 1336 2941 praetorium
1352 2896 1567 2929 intercederet
1582 2920 1591 2935 ,
1614 2897 1739 2937 objecta
1754 2896 1956 2936 exceptione.

1089 2942 1132 2975 fic
1153 2941 1217 2973 ille.
1261 2940 1304 2970 At
1328 2947 1441 2971 contra
1467 2937 1566 2970 visum
1590 2938 1690 2970 Paulo
1708 2961 1718 2977 ,
1747 2938 1858 2974 sortis,
1889 2945 1953 2967 non

1091 2983 1201 3016 solutae
1215 3005 1227 3021 ‚
1249 2980 1353 3021 usuras
1370 2990 1434 3012 non
1451 2987 1524 3011 ante
1543 2979 1630 3021 poss'e
1647 2981 1713 3021 peti
1731 2989 1747 3010 a
1763 2978 1795 3010 P.
1817 2977 1954 3015 Meet-io,

1092 3031 1186 3067 quam
1203 3023 1268 3066 ipsa
1285 3022 1350 3055 sors
1367 3022 1434 3064 peti
1453 3021 1605 3063 potuerit.
1621 3021 1755 3062 proinde
1772 3018 1872 3050 usui-as
1884 3020 1957 3090 tqui-

1907 3068 1957 3093 cm

714 3116 768 3152 (⁶3
790 3116 825 3144 ³¹·
847 3115 902 3143 ‘lies
917 3125 960 3151 25·
976 3118 1012 3143 2⁴⁷²·
1046 3118 1108 3160 (d)
1129 3118 1165 3147 al.
1187 3116 1285 3149 Publio.
1325 3116 1378 3155 (e)
1398 3115 1432 3145 al.
1453 3114 1582 3152 meifium.
1622 3113 1673 3150 (f)
1694 3112 1727 3141 al.
1748 3111 1852 3140 dicebat.
