2036 3495
177 125 247 167 462

661 202 982 254 NOT

1069 202 1329 254 ITI

1416 204 1464 253 A

182 338 1128 424 CAPITUM
1270 339 1950 425 OPERIS

1025 495 1112 533 DE

1261 510 1292 521 e·-

362 598 677 662 PACTIS
715 596 835 661 ET
874 595 1752 664 TRANSACTIONIBUS.

177 720 255 754 CAP.
269 722 293 754 I.
308 721 446 754 Edicium
461 722 494 752 de
527 720 599 754 attis
615 719 652 755 &⁹
667 719 909 752 transactionibus
923 719 1043 760 accepis-

247 764 284 801 se
306 765 444 804 originem
458 773 475 794 a
522 772 570 803 ege
590 762 755 792 Duodecim
771 760 957 792 Tabularum.
981 761 1042 802 ejus

252 804 340 846 Legis
356 804 392 838 ἐξ
410 803 509 834 Εαίὲἶὶ
526 804 595 841 usus
611 802 647 837 δ’
662 804 746 834 r‘atio.
981 811 1042 843 399

189 844 232 877 11.
256 846 293 878 In
301 844 403 876 Edic‘lo
415 845 551 876 Praetoris
566 844 622 875 late
635 850 732 884 patere
746 845 832 875 verba
842 866 853 881 ,
869 841 961 874 Pacta
975 853 1038 874 con-

255 892 360 918 venta:
375 896 426 917 nec
435 887 539 926 referre
549 909 558 923 ‚
574 892 671 917 utrum
679 884 741 923 fint
756 884 898 925 expreffa‚
915 894 954 915 an
968 886 1039 916 taci-

254 934 295 960 ta.
312 928 412 958 horum
425 927 570 967 complura
579 926 616 961 ὃ*
626 924 732 964 diversi
739 928 852 967 generis
862 926 988 966 exempla
994 927 1039 962 sa-

250 979 286 999 ne
297 970 458 1011 elegantia3
473 978 523 1000 nec
528 976 657 1009 perteque
666 968 745 999 clara
755 966 791 1002 ὅ)
799 968 953 998 evidentia.
977 976 1035 1007 401

178 1007 235 1042 ΙΙΙ.
258 1010 414 1042 Praetorem
435 1012 466 1041 in
490 1011 539 1041 boc
564 1008 667 1040 Edicto
675 1009 736 1049 sub
757 1008 944 1050 appellatione
959 1008 1037 1048 pacti

249 1053 384 1083 conventi
399 1057 458 1083 tam
474 1050 693 1083 transactionem
708 1049 851 1090 complecti
860 1073 868 1088 ‚
891 1059 977 1090 quani
992 1051 1037 1080 do-

245 1094 408 1124 nationem:
430 1094 461 1124 icl
475 1091 531 1132 est,
549 1091 707 1133 pactionem
724 1091 761 1125 δέ)
777 1092 990 1122 conventionem
1004 1092 1036 1122 in

239 1135 342 1175 specie.
368 1134 404 1169 ἐξ
419 1136 489 1176 quid
503 1135 547 1164 bis
555 1132 762 1174 fignificetur?
976 1142 1036 1172 404

164 1173 224 1206 IV.
248 1176 399 1208 Prcetorem
422 1179 452 1206 in
475 1175 525 1206 hoc
548 1174 781 1216 Edictoservare
791 1172 880 1213 pacta
895 1180 1035 1205 conventa

246 1217 278 1247 in
294 1226 370 1256 rem,
395 1217 431 1251 δ’
444 1217 474 1247 in
489 1216 645 1257 perfinam.
669 1215 705 1250 δέ)
720 1225 781 1256 quae
796 1214 871 1246 illa?
975 1224 1034 1256 407

176 1256 221 1289 V.
246 1258 320 1289 Cum
342 1268 361 1289 a
383 1258 508 1289 Pratore
524 1258 637 1298 petitur
655 1259 765 1293 servari
776 1255 896 1297 pactum
912 1265 1035 1287 conven-

243 1305 324 1338 tum,
334 1301 452 1340 probari
467 1306 588 1339 oportere
598 1322 607 1337 ‚
625 1297 675 1338 effe
688 1299 763 1328 inter
771 1307 814 1329 eos
830 1298 906 1328 inter
919 1307 989 1338 quos
1003 1307 1033 1328 a·

245 1342 349 1381 gitur,
365 1350 399 1371 ac
413 1341 446 1371 (le
455 1350 484 1370 re
500 1350 557 1381 qua
573 1341 606 1370 de
621 1341 740 1380 agitur,
752 1338 922 1379 consensum.
951 1337 1033 1369 Utri·

247 1391 336 1422 usque
348 1383 458 1423 generis
473 1380 600 1421 exempla
613 1381 732 1421 pulchra
750 1380 787 1414 ἐξ
803 1378 943 1419 difficilia.
974 1383 1035 1417 408

159 1420 221 1457 „VL
238 1422 484 1463 Prcetorempac'la
498 1427 639 1452 conventa
653 1423 683 1452 in
697 1423 746 1451 hoc
762 1421 864 1451 Edicto
875 1425 932 1462 non
948 1419 1035 1451 actio-

244 1473 280 1495 ne
294 1465 431 1502 servare,
446 1464 501 1501 sed
522 1464 681 1500 exceptione
688 1472 698 1498 ,-
724 1461 822 1501 &effe
839 1462 864 1491 ei
881 1466 1032 1495 sermonem

240 1514 301 1535 nors
324 1506 357 1534 de
377 1505 527 1544 quibusvis
540 1502 633 1543 paliis
644 1525 653 1540 ‚
674 1503 722 1541 sed
739 1504 772 1532 de
787 1503 830 1533 bis
847 1503 951 1543 quibus
967 1504 1030 1543 agi·

239 1551 309 1582 zur,
331 1545 383 1575 Ne
393 1550 521 1583 petatur.
552 1553 584 1574 ea
602 1543 738 1574 Praetoris
754 1552 831 1574 mens
849 1544 924 1574 unde
940 1544 1029 1586 conji-

235 1587 349 1616 ciatur:
372 1595 436 1616 cum
450 1584 584 1625 latiffima
589 1583 652 1622 sint
669 1585 730 1626 ejus
744 1586 842 1616 verba.
869 1584 1029 1625 Ulpianum

238 1627 272 1657 in
282 1625 380 1658 Edicti
395 1627 629 1667 interpretatione
638 1635 804 1658 enumerare
813 1628 907 1657 omnia
919 1625 1029 1666 pastio·

236 1677 308 1699 num
320 1677 446 1709 genera:
469 1677 533 1698 cum
549 1668 658 1698 Praetor
680 1673 751 1709 agat
765 1669 797 1698 de
808 1667 903 1707 paliis
920 1669 1027 1707 nudis,

236 1709 288 1741 Ne
300 1715 426 1749 petatur.
451 1708 487 1743 ὅ)
504 1719 565 1750 quse
573 1707 614 1746 sit
629 1709 691 1750 ejus
707 1710 749 1739 rei
764 1708 864 1740 ratio?
965 1718 1027 1748 410

152 1749 227 1786 VII.
246 1751 456 1782 Conventiones
474 1751 548 1782 alias
563 1750 613 1790 effe
624 1750 773 1790 publicas,
789 1750 862 1782 alias
872 1752 1028 1791 privatas:

236 1791 273 1827 &³
289 1792 340 1824 has
355 1793 456 1833 rursus
473 1791 523 1832 effe
539 1792 627 1832 Jaris
640 1792 791 1832 gentium,
813 1792 860 1822 vel
874 1792 1026 1833 legitimas.

235 1843 298 1875 quie
313 1835 462 1866 conventio
474 1833 514 1871 fit
529 1833 645 1873 publica
662 1839 714 1863 aut
727 1832 873 1874 privata?
966 1843 1025 1872 41¹

156 1874 241 1907 VIII.
252 1875 320 1919 Quo
332 1875 419 1914 sensu
441 1875 588 1915 Ulpianus
603 1876 634 1904 in
650 1874 668 1904 l.
680 1885 711 1914 5.
732 1875 777 1906 D.
803 1876 836 1905 de
848 1873 944 1915 pactis
958 1875 1026 1916 legi-

232 1920 332 1948 timam
347 1918 561 1947 conventionem
576 1914 736 1956 distinguat
751 1925 768 1946 a
783 1915 872 1956 Juris
887 1916 1026 1949 Gentium

237 1959 434 1990 conventione.
465 1957 554 1988 Pauli
569 1956 762 1996 definitionem
777 1967 838 1998 quae
855 1955 893 1998 est
910 1959 940 1988 in
955 1958 975 1989 l.
992 1962 1023 1989 6.

235 2001 284 2031 D.
303 2001 361 2030 eod.
382 2001 427 2030 tit.
451 1998 502 2038 effe
518 2000 619 2029 bonam
633 1998 699 2037 :sed
719 1997 844 2038 Ulpiano
863 2000 1024 2038 impruden-

226 2046 275 2071 ter
288 2041 376 2082 jungi
393 2041 429 2071 ab
438 2039 611 2071 Architectis
619 2039 717 2079 Jaris.
742 2039 869 2080 exempla
884 2041 1024 2081 legitima-

236 2091 304 2119 rum
321 2083 541 2113 conventionum
558 2091 593 2111 ex
601 2082 749 2120 sententia
770 2080 903 2121 Ulpiani.
936 2081 1023 2122 Legi-

229 2123 318 2153 zimas
333 2125 530 2154 conventiones
540 2122 695 2163 aliquando
710 2123 764 2159 usu
773 2120 818 2159 sic
832 2123 941 2162 accipi,
952 2132 1022 2163 qua-

221 2162 253 2201 fi
263 2162 322 2199 sint
336 2163 423 2203 Juris
438 2165 587 2195 Gentium.
605 2164 691 2194 etiam
706 2162 793 2203 Juris
803 2163 945 2194 Gentium
959 2173 1022 2195 con-

230 2206 378 2235 ventiones
402 2205 556 2245 aliquando
577 2206 694 2235 induere
718 2211 856 2235 naturam
881 2205 1021 2246 legitima-

228 2255 306 2277 rum.
338 2245 388 2286 effe
412 2245 501 2286 Juris
525 2246 664 2276 Gentium
681 2246 881 2276 conventiones
895 2255 1021 2288 quarum

233 2287 417 2327 obligationes
434 2288 573 2317 dicuntur
588 2287 702 2317 civiles.-
717 2286 754 2321 ὅ)
772 2286 850 2318 cur?
958 2297 1019 2327 412

148 2327 210 2361 IX.
235 2328 446 2359 Conventiones
468 2327 557 2368 Juris
570 2329 704 2368 gentium
721 2327 773 2367 effe
789 2329 883 2360 nudas
901 2329 947 2359 vel
963 2338 1020 2360 nort

230 2371 336 2402 nudas.
353 2371 404 2400 bas
413 2370 471 2401 dici
480 2368 651 2400 contractus.
667 2370 738 2410 quid
749 2369 935 2401 contractus?
957 2379 1021 2402 eum

231 2411 282 2452 effe
297 2410 453 2451 duplicem:
477 2411 566 2442 alium
581 2416 689 2442 certum
704 2420 738 2441 ac
753 2412 951 2443 nominatum:
968 2412 1020 2443 ali-

225 2463 276 2484 um
290 2454 432 2483 incertum
448 2451 485 2487 ὅ)
499 2453 721 2484 innominatum.
960 2462 1020 2493 414

164 2492 210 2524 X.
233 2495 285 2525 De
302 2495 390 2524 nudis
403 2495 649 2525 conventionibus.
960 2499 1020 2534 418

148 2533 210 2566 XI.
235 2535 287 2564 De
297 2533 392 2574 pactis
407 2534 526 2574 adjectis
542 2533 734 2566 contractibus
750 2537 828 2566 bonoe
839 2535 922 2575 fidei.
958 2545 1020 2575 4¹9

147 2573 223 2606 XII.
238 2576 289 2605 De
302 2575 395 2615 panis
409 2575 527 2617 adjebtis
536 2576 726 2607 contractibus
734 2574 835 2616 stricti
843 2577 932 2618 juris.
957 2587 1019 2618 423

147 2615 239 2648 XIII.
259 2617 311 2646 De
320 2616 454 2657 legitimis
466 2618 705 2649 conventionibus
720 2627 757 2649 ex
764 2617 928 2658 definitione
938 2618 1018 2651 Pau-

227 2657 249 2687 li
264 2657 283 2688 l.
301 2661 330 2688 6.
349 2657 391 2688 D.
415 2658 562 2699 depactis.
956 2667 1015 2700 427

146 2697 237 2730 XIV.
257 2696 435 2729 Donationes
450 2722 460 2738 ‚
485 2699 549 2738 five
575 2699 662 2741 pacta
691 2705 833 2731 conventa
854 2701 886 2731 in
902 2701 1015 2741 specie,

232 2744 349 2771 tantum
373 2739 481 2776 servari
498 2748 549 2781 per
571 2742 760 2782 exceptionem
771 2741 853 2782 paaz·
869 2743 1013 2775 conventi.

229 2778 435 2812 transactiones
452 2783 538 2813 etiam
552 2783 646 2815 aliter.
954 2793 1014 2825 ⁴32

145 2821 222 2856 XV.
239 2822 394 2854 Praetorem
409 2822 458 2851 boc
468 2822 570 2854 Edicto
588 2833 646 2855 non
654 2824 775 2864 servare
782 2823 870 2865 pacta
886 2823 1013 2866 injusta.-

228 2863 326 2906 qualia
333 2862 408 2903 sunt
424 2861 483 2893 dolo
499 2864 570 2894 malo
580 2865 677 2903 facta.
951 2876 1012 2908 434

146 2905 239 2939 XVI.
259 2904 330 2935 Non
344 2903 464 2944 servari
480 2913 497 2933 a
514 2904 637 2936 Praetore
659 2907 745 2946 pacta
764 2908 906 2946 adversus
920 2907 1013 2949 leges,

226 2952 280 2978 aut
293 2947 324 2976 in
332 2945 470 2985 fraudem
487 2943 581 2985 legum
602 2946 694 2982 facta.
726 2950 795 2989 quid
812 2947 853 2986 fit
877 2948 1015 2989 adversus

227 2988 315 3030 legem
333 2986 449 3026 sacere3
475 2984 511 3019 65⁹
534 2987 603 3025 quid
620 2988 717 3025 facere
733 2992 763 3020 in
771 2986 913 3029 fraudem
931 2991 1012 3032 legis.

219 3029 357 3063 Praetoris
367 3025 503 3059 Edictum
510 3025 554 3066 fic
568 3026 618 3066 effe
635 3035 779 3069 acceptum
789 3054 798 3069 ‚
814 3030 895 3071 quafi
909 3033 1011 3063 adver·

211 3071 267 3113 sus
291 3071 363 3112 teges
381 3068 547 3113 paciscatur
568 3068 620 3108 qui
628 3070 788 3110 paciscitur
804 3073 942 3112 adversus
954 3079 1008 3114 pu-

886 3152 1040 3187 FIN

1167 717 1268 749 blicam
1276 719 1449 757 utilitatem
1467 719 1503 754 ὅ)
1513 722 1565 762 qui
1569 723 1728 762 paciscitur
1741 723 1877 763 adversus
1888 724 1949 764 pri-

1164 765 1265 790 vatam
1281 761 1436 793 utilitatem
1447 785 1456 800 ‚
1468 763 1604 801 adversus
1613 764 1685 805 leges
1701 774 1758 795 non
1771 766 1948 805 paciscatur.

1156 800 1277 840 pactum
1292 802 1324 832 de
1339 802 1444 833 delictis
1453 805 1581 842 privatis
1591 828 1599 842 ‚
1616 815 1681 836 cum
1695 806 1820 837 civiliter
1835 807 1950 847 agitur,

1165 842 1260 873 valere
1275 848 1340 873 ante
1356 843 1501 883 commiffis
1517 845 1641 878 delictis.-
1656 846 1784 888 alioquin
1800 856 1856 877 non
1871 847 1950 878 vale—

1159 891 1198 914 re.
1221 884 1343 915 crimina
1351 885 1468 925 publica
1485 891 1536 914 aut
1542 888 1661 925 privata
1676 893 1832 928 numquam
1848 889 1950 926 recipe-

1165 933 1196 954 re
1207 923 1376 963 pactionem.
1407 936 1457 957 nec
1479 927 1601 966 referre,
1623 934 1721 959 utrum
1739 938 1771 960 ea
1780 927 1877 968 pactio
1887 928 1946 968 fiat

1153 964 1217 1005 post
1233 966 1352 1006 admzffa
1369 968 1509 1006 crimina,
1532 977 1570 998 an
1585 975 1661 1000 ante.
1691 970 1763 1010 quin
1779 970 1948 1000 transactio-

1164 1016 1229 1038 nem
1245 1008 1277 1037 de
1293 1008 1337 1038 his
1346 1007 1482 1047 factam,
1506 1010 1599 1040 videri
1615 1012 1839 1050 corruptionem,
1862 1012 1948 1042 etiam

1160 1047 1383 1089 concuffionem,
1406 1049 1582 1090 &falsum,
1606 1060 1656 1081 nec
1672 1053 1745 1082 citra
1757 1058 1872 1092 poenam
1887 1052 1949 1092 effe.

1164 1099 1209 1120 reo
1233 1096 1351 1130 tamen,
1369 1090 1399 1129 fi
1421 1093 1590 1132 transegerit
1614 1093 1647 1122 de
1670 1093 1789 1134 capitali
1812 1095 1947 1133 crimine,

1159 1131 1267 1171 ignosci
1282 1132 1454 1205 Princeipum
1469 1133 1655 1164 humanitate.
1886 1142 1947 1174 4535·

1078 1169 1204 1244 XVI&
1203 1172 1251 1203 De
1266 1178 1366 1205 transa
1397 1175 1458 1206 ione
1474 1174 1673 1206 alimentorum
1688 1184 1724 1206 ex
1747 1175 1885 1207 Oratione
1901 1175 1945 1208 D.

1201 1223 1279 1244 arci:
1310 1236 1313 1239 -

1077 1251 1202 1285 XVIII.
1219 1255 1271 1286 An
1283 1254 1367 1300 poffit
1392 1255 1514 1296 transigi
1536 1258 1569 1287 de
1595 1257 1789 1292 controverftis
1812 1267 1848 1290 ex
1864 1224 1946 1298 ῑεῗῗαῖ-

1154 1302 1247 1326 mento
1265 1297 1531 1336 proficiscentibus,
1554 1304 1621 1328 ante
1644 1309 1701 1330 non
1728 1299 1877 1339 inspectis,
1902 1309 1946 1331 co-

1154 1338 1283 1378 gnitisve
1302 1335 1462 1377 testamenti
1478 1339 1595 1369 vertis?
1881 1346 1943 1380 440'

1078 1373 1171 1409 XIX.
1190 1378 1311 1409 Praetori
1325 1379 1441 1419 noneffe
1454 1379 1623 1420 propofitum
1639 1381 1671 1411 in
1686 1381 1737 1412 hoc
1751 1380 1853 1412 Edicto
1864 1405 1872 1418 ,
1887 1385 1915 1419 se
1932 1400 1944 1406 -

1160 1428 1229 1450 vare
1241 1419 1329 1460 pacta
1347 1427 1487 1452 conventa
1497 1421 1583 1459 facta
1600 1423 1737 1462 adveryus
1754 1422 1814 1461 Jus
1830 1423 1943 1463 Civile,

1157 1469 1221 1491 cum
1227 1462 1372 1500 scriptum
1383 1484 1393 1500 ,
1409 1468 1470 1492 tum
1486 1471 1542 1493 non
1556 1463 1705 1503 scriptum.
1732 1463 1778 1494 De
1780 1465 1880 1503 forma
1884 1465 1945 1504 ple-

1157 1502 1252 1542 risque
1274 1504 1394 1543 negotiis
1415 1505 1485 1534 elata
1511 1504 1600 1534 Civili
1620 1504 1705 1544 Jure.
1739 1503 1775 1538 δέ)
1790 1515 1828 1535 an
1844 1513 1943 1537 contra

1151 1542 1226 1573 hanc
1243 1542 1326 1583 poffit
1344 1543 1463 1583 pactum
1486 1550 1658 1576 conventum
1671 1544 1740 1585 fieri
1758 1545 1879 1586 expreffe
1894 1547 1941 1577 vel

1155 1585 1249 1618 tacite.
1273 1583 1310 1619 ὅθ
1325 1586 1395 1625 quid
1410 1586 1443 1615 cie
1459 1585 1572 1623 caufis?
1882 1596 1939 1626 441

1073 1621 1150 1654 XX.
1170 1624 1283 1666 Pacisci
1300 1625 1374 1665 poffe
1389 1636 1481 1657 omnes
1499 1628 1549 1667 qui
1559 1626 1674 1666 poffunt
1694 1627 1864 1664 consentire.-
1885 1628 1941 1666 nisi

1141 1663 1172 1702 fi
1196 1666 1302 1708 regulis
1325 1666 1415 1706 Juris
1436 1668 1629 1707 excipiantur.
1658 1668 1723 1698 inde
1737 1671 1827 1709 quaeri
1841 1671 1873 1700 de
1887 1676 1942 1710 pu-

1149 1702 1220 1779 pilio
1230 1730 1240 1746 ,
1256 1708 1323 1738 item
1336 1709 1444 1739 minore
1453 1709 1563 1749 viginti
1575 1709 1702 1750 quinque
1716 1712 1818 1749 annis,
1835 1710 1942 1752 &pro-

1170 1758 1178 1778 i
1201 1758 1225 1780 0.

1070 1787 1166 1820 XXI.
1177 1758 1342 1822 gNemincm
1357 1790 1435 1830 Jure
1453 1791 1543 1822 Civili
1561 1791 1703 1833 poffesua
1714 1791 1844 1832 pactione
1858 1761 1943 1826 allelrfi

1148 1840 1245 1862 nocere
1260 1838 1312 1862 aut
1324 1832 1457 1873 prodeffe.
1505 1834 1557 1864 An
1570 1832 1671 1874 jussit
1686 1834 1816 1864 debitoris
1833 1834 1939 1866 beredi-

1151 1874 1222 1911 bus,
1240 1872 1324 1913 pacto
1341 1874 1397 1913 suo
1421 1883 1518 1904 nocere
1539 1875 1601 1916 ejas
1621 1874 1830 1905 creditoribus?
1852 1876 1939 1908 Num

1149 1916 1329 1955 quorundam
1346 1916 1516 1946 creditorum
1528 1915 1647 1955 pactum
1658 1925 1722 1946 cum
1739 1918 1877 1947 communi
1890 1918 1937 1948 de-

1151 1956 1238 1986 bitore
1245 1956 1365 1995 factum
1375 1979 1384 1994 ,
1407 1963 1503 1987 noceat
1519 1958 1583 1987 aliis
1593 1959 1643 1998 qui
1657 1967 1713 1988 non
1729 1957 1936 1996 consenserint?

1149 1995 1286 2036 Depacto
1299 1998 1414 2038 majoris
1429 1999 1523 2036 partis
1538 2001 1706 2029 creditorum
1716 1998 1798 2038 fabio
1813 2008 1875 2029 cum
1894 2000 1940 2030 de-

1150 2037 1249 2069 bitoris
1263 2038 1361 2072 herede
1366 2038 1527 2079 suspectam
1540 2040 1658 2070 habente
1672 2040 1733 2081 ejus
1746 2040 1937 2072 hereditatem.
1974 2079 1979 2084 .

1065 2117 1175 2151 XXII.
1195 2120 1350 2151 Sccevolam
1367 2121 1398 2151 in
1417 2121 1435 2151 l.
1450 2129 1496 2159 14.
1517 2121 1558 2152 D.
1576 2123 1608 2152 dc
1625 2121 1859 2154 transactionibus
1876 2132 1934 2154 nort

1134 2161 1262 2201 servaffe
1274 2162 1396 2202 gloriam
1414 2163 1598 2202 integritatis.
1870 2168 1933 2203 448

1063 2200 1192 2233 XXIII.
1209 2203 1262 2233 An
1285 2201 1322 2237 ὅ)
1339 2205 1452 2242 quando
1472 2205 1536 2244 quis
1546 2204 1655 2241 futuro
1680 2204 1774 2236 heredi
1785 2204 1933 2246 pactosuo

1138 2241 1221 2283 poffit
1236 2243 1357 2283 prodeffe
1373 2250 1426 2275 aut
1440 2245 1561 2276 nocere?
1872 2255 1930 2286 451

1062 2282 1191 2316 XXIV.
1215 2284 1262 2315 De
1273 2286 1357 2325 pacto
1378 2287 1474 2326 patris
1491 2285 1528 2320 ὅ)
1540 2285 1602 2326 filii
1618 2288 1649 2317 in
1662 2286 1797 2328 potestate
1812 2286 1931 2328 existen-

1150 2327 1197 2358 tis.
1220 2327 1286 2357 item
1300 2327 1333 2357 de
1342 2326 1520 2367 palloscrvi
1534 2330 1586 2369 qui
1591 2327 1632 2366 fit
1649 2330 1681 2360 in
1697 2330 1802 2360 domini
1811 2327 1932 2401 potest}-

1146 2373 1183 2398 te.
1387 2395 1392 2400 .
1853 2371 1894 2401 ibi
1919 2392 1930 2401 .

1064 2407 1175 2441 XXV.
1192 2409 1245 2440 An
1256 2410 1384 2450 perfimis
1401 2409 1561 2451 conjunitis
1576 2420 1633 2441 non
1649 2409 1830 2452 existentibus
1840 2411 1870 2441 in
1876 2416 1927 2450 po-

1146 2448 1246 2491 testate
1266 2453 1435 2491 paciscentis
1452 2458 1504 2482 aut
1515 2449 1705 2491 simulantis,
1729 2453 1789 2494 ejus
1799 2451 1928 2491 pactione

1144 2498 1196 2523 aut
1205 2490 1392 2532 stipulatione
1405 2493 1574 2534 adquiritur
1588 2495 1712 2534 exceptio
1721 2492 1817 2534 pacti,
1829 2499 1880 2524 aut
1896 2503 1929 2524 a·

1145 2532 1198 2564 &io
1216 2543 1252 2564 ex
1261 2531 1432 2574 stipulatu?
1865 2541 1925 2574 452

1061 2572 1188 2606 XXVI.
1209 2574 1257 2605 De
1271 2574 1365 2615 pactis
1374 2573 1657 2616 administratorum,
1673 2581 1706 2607 ut
1721 2580 1865 2613 tutorum,
1876 2585 1927 2606 cu-

1141 2621 1286 2655 ratorum,
1310 2615 1437 2647 aiterum
1453 2617 1615 2657 municipii.
1866 2619 1927 2656 456

1058 2655 1204 2688 XXVII.
1224 2656 1271 2687 De
1283 2656 1378 2697 pactis
1392 2664 1619 2698 procuratorum.
1661 2658 1719 2690 Eos
1731 2664 1928 2698 procuratores>

1137 2698 1231 2729 videri
1249 2698 1390 2739 duplices:
1413 2699 1460 2729 vel
1478 2698 1529 2739 effe
1551 2700 1640 2730 unius
1663 2700 1705 2730 rei
1717 2700 1769 2740 qui
1788 2706 1924 2739 procura-

1140 2745 1211 2770 tores
1218 2739 1355 2780 speciales
1381 2740 1580 2781 appellantur;
1604 2740 1650 2771 vel
1665 2739 1714 2781 effe
1728 2740 1924 2780 universorum

1142 2782 1337 2822 negotiorum,
1361 2780 1397 2815 ξδ’
1416 2782 1464 2812 bos
1481 2782 1538 2811 dici
1557 2782 1702 2823 generales
1715 2786 1925 2820 procuratores:

1141 2823 1226 2853 etiam
1241 2823 1299 2853 dici
1312 2822 1409 2853 habere
1420 2823 1536 2853 liberam
1551 2825 1677 2854 omnium
1686 2823 1858 2864 negotiorum
1873 2821 1925 2852 acl-

1135 2860 1379 2903 ministrationem.
1396 2874 1458 2905 quae
1467 2865 1539 2895 ratio
1548 2865 1608 2905 ejus
1625 2864 1788 2895 locutionis:
1805 2861 1841 2897 ὅ)
1854 2861 1924 2903 quid

1139 2914 1171 2936 ea
1178 2903 1385 2946 significetur?
1408 2908 1474 2936 item
1483 2928 1493 2944 ,
1509 2915 1570 2946 quce
1578 2904 1620 2943 sit
1629 2905 1778 2946 utriusque
1787 2910 1925 2944 procura-

1141 2947 1209 2977 toris
1220 2943 1367 2986 potestas?
1840 2943 1920 2974 ibid-

1054 2984 1213 3024 XXVIII.
1235 2986 1282 3017 De
1295 2986 1390 3028 pactis
1400 2988 1571 3029 principalis
1588 2987 1737 3024 debitoris,
1750 2985 1870 3023 itemque
1879 2982 1923 3030 fi:

1139 3028 1290 3071 Aejnfforts
1312 3027 1349 3063 &²
1364 3030 1455 3060 unius
1470 3039 1505 3064 ex
1523 3030 1631 3065 duobus
1645 3027 1763 3065 carreis,
1777 3022 1921 3063 fivespczi

1133 3069 1214 3111 fiat,
1228 3067 1294 3111 five
1309 3068 1448 3110 norifint.
1856 3073 1920 3103 459

1082 3152 1099 3186 Ι
1138 3152 1169 3186 S.

1728 3245 1916 3290 GERA&
