2036 3495
123 101 192 135 292
571 81 604 117 G
635 89 655 114 ε
689 88 712 113 R
744 87 767 112 Α
798 88 822 113 n
852 85 877 110 n
906 84 920 111 1

129 179 338 212 mandatum:
361 174 432 216 quia
450 172 496 204 est
514 171 544 202 δι
562 176 616 201 tua
633 168 663 200 &
680 176 751 200 mea
771 165 881 207 gratia.
904 163 1016 204 Sequi-

136 230 206 260 tur,
229 217 336 256 Autfi
351 226 408 247 non
425 213 489 254 effes
506 211 664 251 faezurus,
679 208 734 247 nist
751 217 801 250 ego
818 206 1016 247 mandaffem,

132 261 187 300 etsi
213 270 276 292 mea
301 268 358 290 non
378 255 537 293 interfuit,
570 259 667 284 tamen
692 252 748 282 erit
773 249 906 281 mandati
931 247 1017 279 aerio.

134 304 183 336 Ita
207 300 380 334 Florentiae
404 297 472 327 edit
496 294 692 326 Taurellius.
718 291 773 323 Tu
802 299 882 331 pro,
905 289 1018 328 aurft,

133 344 260 381 scribe,
284 338 363 377 atfi.
382 337 424 370 fic
440 336 572 369 suadent
590 333 794 374 manuscripti
810 332 904 364 libri:
921 339 954 362 ut
972 338 1018 362 te-

134 386 256 419 stantur
272 379 415 413 Russardi
433 380 462 411 ἃ
483 378 665 410 Charondae
690 374 880 415 marginales
898 372 1017 411 Notae,

131 427 231 459 etiam
247 422 363 455 Codex
376 419 635 453 Haloandrinus:
652 419 682 450 dt
701 415 878 449 senius:Ac
893 414 914 446 li
931 423 1020 446 inan-

134 466 211 500 davi
230 465 288 497 tibi
305 473 412 504 neque
430 472 500 495 mea
516 461 616 502 gratia
628 483 638 499 ,
662 468 769 500 neque
795 465 867 502 tua,
893 455 946 487 sed
964 455 1018 486 ali-

132 518 216 547 ena3
239 507 269 538 ὅ(
286 507 362 538 ideo
381 514 443 536 non
469 503 576 535 fuiss'es
601 502 758 538 facturus,
782 497 836 530 iiifi
853 498 911 529 tibi
929 507 1017 529 man-

132 549 271 588 dassem,
296 545 548 587 competituram
566 543 622 576 tibi
639 541 787 574 adversus
807 549 858 572 me
876 538 1014 571 mandati

132 592 315 628 afflonem,
339 588 395 620 etsi
411 597 482 620 mea
505 596 571 618 non
597 583 757 617 interfuit.
780 581 857 614 Hoc
873 581 950 613 milii
973 579 1016 610 vi-

133 633 249 671 detur,
265 631 296 663 &
312 627 655 668 indicariaJustiniano
665 626 695 668 §.
711 629 743 657 6.
760 621 833 664 Jnst.
853 623 881 654 h.
900 629 920 654 t.
937 620 1019 653 Haec

129 684 194 706 cur
209 681 276 705 tam
293 672 405 704 varie?
428 672 460 702 in
478 670 587 711 primis
605 678 678 700 cum
695 667 796 699 aliena
815 663 904 696 causa
922 666 1020 695 inter-

130 715 244 758 pofito
267 715 419 747 mandato
441 722 507 744 non
538 711 637 751 magis
664 718 736 742 mea
762 705 902 745 interiit,
925 713 1022 745 quam

131 767 214 790 cum
233 756 419 789 mandatum
437 753 482 785 est
508 762 561 784 tua
584 750 685 782 causa.
711 750 774 781 Sed
790 747 912 786 refert,
934 746 1023 786 quod

135 807 171 831 te
186 801 217 832 in
229 806 281 830 tua
290 796 381 829 causa
391 797 420 828 ἃ
430 796 617 836 diligentem
631 793 660 824 &
672 789 833 823 curiosum
850 788 912 820 esse
928 798 1024 829 opor-

134 849 207 880 tet,
237 841 267 871 in
285 840 387 870 aliena
412 846 478 868 non
494 838 592 867 item:
616 834 724 876 (quod
742 840 858 873 praeter
874 828 1024 861 Terenti-

136 892 213 921 um,
231 879 436 912 Heazicontz'm.
458 887 484 910 1.
507 887 532 910 1.
548 879 622 912 vers.
642 885 699 916 23,
722 874 819 905 etiam
837 880 931 904 notat
946 872 1025 904 Pau-

140 925 191 956 lus
203 925 221 954 l.
236 932 283 959 19.
295 921 337 953 D.
346 920 511 961 denovat.)
529 920 642 950 &ideo
660 919 690 948 iti
705 916 807 947 altero
826 913 897 945 casu
914 936 923 952 ,
955 913 975 944 fi
994 921 1025 943 a·

138 966 215 998 liter
232 964 326 996 cadat
342 972 412 1001 res,
429 971 535 1001 neque
553 957 737 1000 inquisivisti
750 954 1025 996 diligenter&cu-

136 1007 222 1040 riose
241 1007 272 1037 in
290 1014 358 1037 rem
375 1005 557 1036 mandatam
570 1026 579 1040 ,
603 1009 656 1032 tua
673 1000 767 1038 culpa
786 998 830 1029 est
843 1019 850 1031 ‚
873 996 903 1028 in
924 997 1026 1026 altero

137 1058 205 1080 non
224 1047 280 1080 est.
303 1046 386 1078 Haec
406 1045 472 1077 sere
490 1045 568 1077 olim
588 1042 702 1074 tradidi
718 1041 766 1071 lib.
781 1049 811 1078 4.
828 1038 1026 1070 Probabilizim

137 1100 164 1121 c.
182 1090 237 1121 ult.
255 1097 341 1120 nunc
356 1088 489 1125 addam,
513 1093 669 1125 oportere
696 1081 880 1117 consilium,
906 1089 945 1110 ne
965 1078 1024 1109 ob-

137 1132 324 1173 ligatorium
344 1128 400 1167 fit,
424 1129 509 1160 bona
532 1127 596 1159 fide
613 1127 722 1157 datum
744 1123 824 1154 else:
849 1129 1024 1158 caeterum,

138 1174 161 1206 si
176 1173 268 1205 dolus
288 1172 318 1203 &
336 1171 492 1203 calliditas
509 1166 703 1204 intervenit,
726 1165 781 1197 etsi
800 1173 865 1194 non
884 1161 1024 1193 sitirian-

139 1216 273 1253 datum,
297 1222 359 1245 nec
384 1213 536 1243 obtineat
560 1208 701 1241 mandati
726 1207 832 1242 36110,
857 1212 963 1235 tamen
982 1203 1026 1234 lo-

140 1266 214 1288 cum
225 1256 345 1287 habere
363 1256 403 1286 de
423 1254 502 1285 dolo
521 1251 681 1283 astionem
698 1250 776 1289 l.47.
794 1246 836 1278 D.
856 1248 889 1276 de
904 1253 964 1284 reg.
976 1245 1027 1286 ju-

140 1300 193 1331 ris.
212 1298 230 1329 l.
245 1307 272 1329 2.
286 1296 328 1328 D.
345 1297 378 1327 de
389 1295 566 1337 proxerzetic.
590 1291 751 1324 Nimirum
776 1297 843 1320 erat
860 1286 1025 1318 consulen-

139 1342 166 1372 ti
180 1340 359 1380 integrum,
378 1337 484 1368 amico
503 1336 578 1367 dare
596 1342 650 1365 aut
670 1342 735 1364 non
753 1335 828 1362 dare
837 1327 1025 1360 consilium:

138 1381 195 1413 sed
217 1381 299 1417 lcum
309 1379 415 1410 voluit
432 1379 525 1415 dare,
549 1384 622 1407 eum
640 1375 807 1415 decipere,
830 1370 936 1412 specie
950 1370 1025 1401 ami-

139 1423 218 1455 calis
237 1421 377 1459 confilii,
403 1429 467 1451 non
486 1418 608 1449 debuit.

186 1463 234 1495 Ut
252 1462 413 1493 absolvam
433 1468 548 1491 caetera
568 1459 606 1489 ad
624 1454 880 1488 contrahendum
898 1452 1026 1484 manda-

141 1513 212 1538 tum
238 1502 453 1545 pertinentia,
478 1506 612 1540 apparet
629 1522 638 1535 ,
671 1507 711 1529 eo
738 1497 840 1527 verbo
864 1494 1024 1535 indigitari

139 1547 321 1581 mandantis
338 1544 367 1576 &
384 1542 569 1575 mandatarii
585 1537 772 1571 consensum
789 1539 828 1569 de
844 1536 954 1568 futuro
972 1545 1025 1566 ne-

141 1587 236 1630 gotio
251 1588 350 1626 gratis
370 1585 526 1625 gerendo.
552 1583 581 1614 ἂ
599 1581 645 1613 est
663 1579 770 1611 causa:
795 1579 883 1620 quod
900 1578 955 1618 (ut
973 1576 1024 1608 Ci-

143 1639 223 1662 cero
241 1629 298 1660 Pro
318 1628 348 1659 S.
368 1626 470 1665 Roscio
489 1625 627 1656 Amerino
644 1622 813 1662 observat)
844 1629 908 1651 non
927 1618 1024 1650 facile

140 1671 273 1704 mandat
290 1671 458 1709 quisquam
477 1665 651 1704 alteri,nisi
668 1664 783 1695 amico.
801 1662 916 1693 Paulus
929 1661 948 1691 l.
960 1670 985 1692 1.
997 1659 1026 1700 §.

141 1723 171 1753 4.
190 1713 220 1744 h.
240 1718 259 1743 t.
280 1713 342 1747 ait,
367 1710 553 1743 mandatum
576 1705 730 1748 originem
756 1703 882 1735 trahere
903 1712 942 1733 ex
959 1701 1027 1733 offi-

142 1756 197 1786 cio
215 1762 313 1794 atque
331 1752 481 1785 amicitia.
505 1749 578 1781 Effe
596 1757 702 1779 autem
719 1744 827 1778 officio
845 1744 1028 1785 proprium,

140 1797 329 1830 mercedem
348 1793 496 1833 respuere
507 1815 517 1830 ,
533 1792 632 1822 docet
648 1789 771 1820 Seneca
783 1810 792 1826 ,
809 1787 857 1817 lib.
876 1796 904 1827 3.
925 1785 971 1816 De
987 1786 1030 1815 be-

141 1837 230 1880 nefic.
246 1847 271 1869 c.
295 1843 342 1873 18.
361 1844 434 1868 nam
457 1833 520 1866 offe
538 1831 614 1869 filii,
637 1829 762 1868 uxoris,
787 1837 939 1859 earumve
961 1836 1031 1867 per-

129 1879 290 1912 sonarum
310 1888 387 1919 quas
404 1875 605 1908 neceffitudo
623 1871 770 1911 suscitat,
787 1870 817 1902 &
832 1869 918 1901 ferre
934 1877 1031 1909 opem

142 1921 252 1964 jubet:
278 1930 339 1952 nec
357 1918 504 1959 distingui
526 1926 543 1948 a
569 1913 754 1952 benefici03
778 1910 833 1943 nisi
850 1911 938 1952 quod
956 1911 1033 1942 alte-

144 1973 217 1996 rum
236 1962 344 2003 potest
361 1961 425 1993 fine
447 1956 697 2000 reprehensione
726 1954 834 1986 omitti
851 1976 861 1992 ,
896 1953 1032 1983 alterum

143 2014 212 2038 noti
237 2003 355 2044 potest.
379 2003 432 2034 Sic
455 2001 589 2032 Seneca.
613 1997 720 2029 Etiam
750 1995 885 2027 Fronto.
919 1993 1031 2034 utique

143 2054 183 2079 ut
208 2046 262 2077 ille
289 2044 435 2077 officium
457 2042 529 2074 finit
554 2038 806 2072 ireceffitudine:
830 2037 874 2068 ita
899 2036 952 2067 hic
968 2035 1031 2074 ait,

146 2087 415 2121 necessitudinem
438 2084 501 2116 ess'e
523 2084 575 2114 vel
600 2080 756 2122 sanguinis
773 2079 826 2111 vel
844 2078 1033 2109 meritorum

145 2139 226 2162 cum
253 2127 511 2170 praeceptoribus
535 2124 588 2156 vel
617 2124 739 2155 amicis.
764 2121 872 2152 Aelius
898 2128 1031 2160 quoque

147 2171 283 2209 Gallus,
306 2170 391 2210 apud
417 2167 542 2199 Festum
570 2173 669 2196 vocat
694 2162 883 2195 necessarios
908 2160 961 2201 qui
978 2167 1032 2191 aut

150 2213 284 2254 cognati
309 2219 364 2244 aut
385 2210 515 2248 affines,
540 2208 571 2239 &
592 2209 623 2238 in
640 2216 721 2247 quos
740 2203 911 2236 neceffaria
928 2202 1035 2234 officia

148 2254 363 2287 conferuntur
382 2259 498 2294 praeter
515 2258 660 2280 caeteros.
692 2247 791 2288 Igitur
809 2245 829 2277 ii
849 2245 1034 2277 mandatum

150 2297 192 2328 ab
208 2296 317 2328 officio
333 2303 431 2335 atque
447 2291 586 2324 amicitia
606 2289 773 2330 procedit,
786 2287 945 2328 sequitur,
960 2294 1036 2317 eum

151 2338 206 2378 qui
224 2338 408 2370 mandatum
423 2333 569 2374 suscipit,
584 2333 623 2363 ad
640 2331 780 2372 gerenda
800 2329 928 2369 negotia
947 2336 1036 2359 natu-

153 2389 206 2417 ra,
231 2389 296 2411 non
322 2378 375 2419 spe
398 2376 580 2414 mei-cediS,
603 2372 751 2404 suscitari.
776 2372 808 2402 in
828 2371 991 2402 locatione
1007 2378 1036 2400 a-

153 2420 221 2452 liud
246 2421 301 2453 est.
329 2429 393 2452 non
419 2418 504 2450 enim
530 2425 566 2447 ut
588 2415 773 2448 mandatum
791 2436 801 2452 ,
825 2413 869 2443 ita
894 2411 1035 2448 locatio,

153 2464 241 2494 inter
266 2463 388 2494 amicos
414 2459 580 2500 suscipitur
598 2481 607 2497 ,
641 2463 798 2489 movente
823 2452 959 2485 officio:
983 2453 1037 2484 sed

156 2512 234 2534 cum
250 2504 341 2534 amici
359 2502 491 2541 desunt;
517 2499 638 2532 locatio
655 2500 739 2530 inter
755 2504 891 2528 caeteros
907 2495 969 2526 line
985 2504 1038 2525 ne-

157 2544 344 2576 ceffitudine
358 2545 427 2584 iure
445 2543 591 2585 gentium
610 2538 826 2572 contrahitur:
839 2537 869 2569 δι
887 2537 963 2568 ideo
981 2545 1040 2567 cur

156 2586 213 2618 hic
237 2586 316 2617 alter
336 2585 425 2617 alteri
449 2593 582 2625 operam
605 2582 705 2624 gratis
721 2581 843 2619 donet,
865 2577 958 2610 causa
973 2587 1039 2610 non

159 2627 219 2659 est.
236 2635 350 2658 contra
367 2635 401 2657 nt
420 2636 489 2658 eam
508 2622 858 2666 impendat,mercede
876 2620 1039 2651 invitatur.

158 2671 205 2702 ita
220 2668 336 2709 quibus
351 2667 470 2699 casibus
489 2666 599 2699 officio
621 2665 686 2698 fine
704 2663 858 2696 mercede
875 2661 1040 2701 suscepto,

159 2712 346 2744 mandatum
362 2708 407 2739 est
418 2731 426 2745 ‚
443 2710 478 2739 iis
489 2709 609 2740 casibus
620 2731 630 2747 ‚
642 2704 881 2738 interveniente
891 2703 1042 2735 mercede

161 2760 251 2784 certa
270 2751 300 2783 ἅ
311 2749 494 2790 pecuniaria
504 2773 514 2789 ‚
530 2750 651 2781 locatio
663 2748 692 2780 ἃ
706 2744 1043 2785 conductiointeiligi-

161 2803 215 2826 tur
230 2792 378 2824 contrahi
396 2792 423 2822 d.
441 2790 460 2821 l.
482 2800 507 2821 1.
524 2791 552 2831 §.
571 2792 625 2822 ult.
642 2790 687 2823 D.
709 2788 746 2824 δ’
761 2788 790 2831 §
810 2788 866 2819 ult.
881 2784 955 2827 1th.
973 2787 1002 2818 h.
1022 2791 1043 2817 t.

162 2837 254 2876 quod
270 2834 292 2866 fi
310 2835 431 2866 incerta
441 2840 564 2863 merces
574 2832 610 2862 sit
621 2855 631 2870 ,
644 2841 697 2863 aut
713 2831 772 2863 alia
787 2838 881 2869 quam
894 2829 1045 2869 pecunia-

164 2877 232 2918 iria·,
256 2885 317 2908 nec
330 2874 513 2907 mandatum
524 2895 533 2910 ‚
551 2882 611 2902 nec
627 2874 749 2904 locatio
765 2871 831 2911 est3
854 2870 908 2902 sed
924 2878 1047 2901 novum

163 2920 335 2961 negotium
351 2926 392 2948 ex
401 2924 465 2956 quo
483 2915 515 2945 in
526 2912 806 2954 factuinjuaicrum
823 2912 951 2944 dabitur
963 2911 982 2942 l.
995 2920 1044 2942 22.

163 2961 208 2993 D.
218 2962 251 2992 de
264 2959 378 3002 praescr.
395 2958 470 2989 verb.
485 2955 600 2992 Plane,
611 2953 631 2984 ss
642 2955 862 2986 remunerandi
880 2952 970 2985 causa
987 2953 1046 2984 ho-

164 3003 287 3041 nor(id
298 3001 359 3039 est,
372 2999 599 3033 honorarium,
610 2994 673 3027 sive
683 2996 843 3036 salarium)
853 2993 1046 3027 intervenit:

164 3046 212 3076 ait
222 3044 378 3085 Ulpianus
387 3042 405 3072 l.
416 3045 446 3073 6.
457 3040 485 3071 b.
495 3044 515 3070 t.
525 3037 587 3070 ess'e
602 3037 742 3068 mandati
754 3036 930 3069 actionem:
944 3036 975 3068 id
986 3035 1044 3074 est,

168 3086 213 3119 ob
224 3085 433 3117 honorarium
444 3091 508 3113 non
518 3078 661 3112 definere
671 3077 733 3108 effe
743 3079 1050 3118 mandatum:eoque

165 3136 284 3161 caetera
299 3135 370 3167 quae
386 3125 519 3156 veniunt
537 3123 569 3153 111
586 3119 725 3153 mandati
735 3119 895 3150 actionem
906 3141 917 3156 ‚
932 3119 963 3150 in
980 3128 1051 3151 eam

167 3168 280 3201 venii-e
312 3175 484 3208 propterea
509 3173 576 3196 noti
605 3161 757 3194 definere.
787 3157 917 3205 Nempe
942 3159 1049 3191 honor

168 3209 278 3250 differt
300 3218 318 3242 a
340 3208 503 3245 mercede.
527 3206 632 3241 honos
657 3201 820 3240 beneficio
838 3199 997 3242 habetur,
1017 3201 1051 3236 ὃς

1049 1577 1169 1618 Ἴ(31111111
1187 1577 1234 1607 lib.
1252 1586 1303 1608 XI.
1330 1576 1444 1608 Arinal.
1464 1587 1488 1607 c.

978 72 1245 111 Neon-r
1302 75 1516 111 Coitri.

1060 164 1109 209 his
1119 173 1190 212 quae
1204 164 1354 197 beneficii
1370 165 1476 198 vicem
1488 165 1648 197 obtinent.
1671 165 1780 206 itaque
1802 175 1866 199 non
1883 178 1932 200 re-

1063 215 1144 247 cipit
1161 207 1400 240 aestimatiouem
1412 232 1422 247 ,
1446 217 1510 239 non
1529 208 1648 248 magis,
1671 216 1765 247 quam
1783 208 1935 242 benefici·

1062 257 1127 279 um.
1153 258 1276 280 merces
1301 250 1433 281 solvitur
1459 259 1518 290 pro
1544 250 1650 289 operis
1675 258 1747 290 quae
1771 248 1935 283 beneficiis

1062 299 1129 321 non
1141 299 1383 331 comparantur,
1396 291 1510 323 &ideo
1522 290 1664 322 admittit
1674 291 1913 323 aestirnationem
1923 312 1935 332 ,

1063 330 1142 363 sicut
1160 341 1278 372 operae.
1294 334 1377 364 clare
1388 332 1544 374 Ulpianus
1559 333 1578 363 ἰ.
1595 341 1619 363 1.
1638 333 1678 363 D.
1691 332 1724 363 Si
1738 335 1854 369 mensor.
1867 333 1935 372 fals.

1063 374 1136 404 mod.
1155 375 1219 405 dix.
1236 383 1298 405 nec
1320 375 1424 406 minus
1449 373 1586 407 Ovidius
1608 374 1659 406 lib.
1680 383 1707 406 1.
1730 375 1832 405 Amor.
1852 374 1933 416 Eleg.

1067 423 1116 446 10.
1133 414 1207 453 vers:
1224 425 1275 456 45.

1107 455 1218 487 Omnia
1234 456 1390 488 conduffor
1399 458 1503 497 solvit.
1521 459 1646 489 mercede
1653 457 1773 497 soluta,

1176 497 1249 529 Non
1264 505 1360 543 manet
1376 498 1466 539 officio
1484 501 1592 531 debitor
1609 500 1655 530 ille
1674 505 1733 530 tuo.

1065 537 1121 570 Est
1139 539 1168 570 &
1186 538 1256 586 haec
1280 538 1478 585 differentia:
1501 542 1589 582 quod
1613 549 1647 572 ut
1664 539 1876 579 beneficium,
1896 540 1940 573 sse

1060 581 1291 619 honorarium,
1323 590 1364 611 ex
1393 582 1585 613 liberalitate
1609 582 1820 623 proficiscitur
1841 583 1936 613 ultro.

1062 622 1205 660 Seneca,
1217 622 1265 653 lib.
1280 631 1307 654 1.
1326 621 1508 664 Controverst
1520 633 1549 660 9.
1563 625 1735 666 Qudquid,
1746 623 1868 663 inquit,
1882 628 1936 654 aut
1971 638 1973 640 ·

1059 664 1234 710 praeiizz'ilaut
1244 664 1358 694 honoris
1376 666 1490 694 nomine
1498 666 1587 696 datur
1597 689 1606 704 ,
1617 667 1648 696 in
1663 672 1817 706 utramque
1828 671 1941 705 partem

1055 707 1139 751 JfflmJ
1156 705 1239 752 lzcep:
1261 705 1392 746 alioquin
1409 704 1512 746 definit
1523 708 1676 746 praemium
1697 707 1748 747 effe
1770 708 1818 737 cici
1834 704 1943 745 neceffi-

1067 754 1112 793 tas
1121 752 1275 788 jungitur.
1291 746 1414 778 Contra
1431 756 1555 780 merces
1572 748 1602 778 in
1613 749 1866 779 conventionem
1884 747 1941 777 ini-

1069 797 1115 819 tio
1138 789 1321 835 deducitur.
1343 787 1385 833 fic
1403 788 1502 820 habet
1526 788 1763 829 neceffitatem3
1786 799 1823 820 ac
1839 789 1859 820 si
1884 797 1944 829 pro

1068 839 1167 870 opera
1193 837 1387 867 intervenit,
1416 830 1537 861 locatio
1562 830 1738 862 condufilio
1761 831 1816 862 cst.
1845 831 1948 861 honor

1069 872 1122 902 ubi
1146 871 1284 902 habetur
1310 871 1535 903 remunerandi
1559 872 1667 910 causa,
1692 872 1876 902 mandatum
1891 870 1948 903 est.
1970 871 1980 874 ”

1069 922 1137 959 'ne-c·
1156 912 1335 957 distingue,
1359 921 1465 944 utrum
1490 923 1524 944 re
1548 914 1633 954 gesta
1657 913 1831 951 offeratur,
1853 922 1891 943 an
1907 912 1947 943 ab

1069 961 1162 986 initio
1177 956 1391 986 constituatur
1418 955 1510 986 unius
1536 956 1791 994 pollicitatione:
1816 962 1851 985 ut
1874 953 1943 985 inl.

1067 996 1122 1027 ult.
1140 995 1169 1037 §.
1188 1004 1215 1027 1.
1234 995 1276 1027 D.
1297 998 1329 1026 de
1343 997 1428 1043 ohlig.
1444 996 1481 1031 δ’
1496 996 1554 1028 aa.
1576 997 1724 1037 pactione
1741 996 1813 1027 sane
1831 995 1870 1026 ab
1888 995 1946 1026 ini-

1069 1039 1117 1068 tio
1139 1047 1204 1068 11011
1231 1038 1432 1078 promittitur
1460 1038 1546 1070 salvo
1573 1040 1714 1070 nomine.
1739 1037 1848 1078 postea
1871 1046 1945 1077 pro·
1979 1025 1987 1035 ἑ

1068 1079 1152 1110 mitti
1164 1102 1180 1126 ,ἱ
1198 1080 1241 1110 nil
1256 1079 1429 1120 prohibet:
1454 1081 1527 1121 quia
1543 1089 1582 1112 ex
1599 1081 1691 1111 initio
1711 1080 1944 1120 distinguuntur

1069 1128 1210 1166 negotia.
1229 1120 1298 1153 lino
1316 1121 1457 1153 salarium
1476 1122 1664 1162 quibusdam
1682 1121 1830 1161 pactione
1848 1121 1944 1151 etiam

1069 1163 1109 1193 ab
1132 1170 1225 1207 init-io
1247 1162 1470 1195 constituitur:
1493 1173 1528 1194 ut
1555 1162 1788 1196 Profefforibus
1814 1160 1947 1194 liberali-

1070 1213 1123 1235 um
1141 1213 1264 1235 artium.
1292 1204 1339 1235 his
1359 1206 1466 1236 datum
1478 1228 1487 1243 ,
1510 1213 1547 1236 ut
1571 1206 1602 1236 id
1620 1214 1660 1236 ex
1677 1204 1772 1245 pasto
1790 1209 1902 1244 petant
1918 1211 1948 1237 a·,

1070 1246 1136 1286 pud
1155 1245 1330 1277 Praetorem
1349 1255 1440 1277 extra
1459 1246 1626 1285 ordinem3
1648 1245 1727 1278 ficut
1742 1247 1838 1277 etiam
1856 1253 1947 1276 more

1070 1295 1186 1327 petunt
1202 1287 1266 1319 fine
1281 1287 1406 1326 pactol.
1428 1297 1454 1320 1.
1466 1287 1508 1319 D.
1525 1290 1559 1318 de
1568 1288 1715 1319 extraord.
1733 1288 1842 1329 cognit.
1858 1284 1948 1317 Tan-

1071 1337 1136 1375 tum
1154 1328 1223 1375 usus
1243 1330 1338 1374 valet.
1357 1337 1393 1360 ac
1408 1327 1530 1360 fitmihi
1543 1327 1729 1369 probabile,
1746 1328 1868 1359 causam
1887 1326 1949 1367 pri-

1070 1371 1190 1411 vilegio
1208 1369 1327 1415 de'disse
1345 1370 1414 1401 haec
1433 1377 1485 1401 aut
1511 1370 1620 1402 similia
1643 1379 1713 1409 quae
1739 1379 1799 1409 pro
1822 1368 1948 1399 honore

1069 1411 1270 1452 professionis
1281 1411 1481 1451 pulchrarum
1494 1412 1607 1443 artium
1620 1411 1760 1442 disseruit
1769 1410 1890 1442 Seneca
1898 1410 1948 1441 lib.

1068 1457 1098 1484 6.
1113 1454 1165 1484 De
1185 1451 1299 1492 benefic.
1313 1463 1336 1483 c.
1352 1462 1398 1492 14.
1414 1462 1459 1492 15.
1471 1452 1507 1487 &⁹
1527 1456 1573 1484 16.
1587 1462 1656 1492 quae
1675 1453 1728 1483 hic
1745 1452 1948 1489 describere,

1068 1494 1201 1535 longum
1218 1494 1315 1525 foret.
1338 1494 1560 1526 lnAdvocatis
1572 1495 1726 1524 variatum
1737 1495 1827 1533 saepe.
1844 1493 1946 1523 modo

1069 1534 1138 1567 Lex
1150 1558 1159 1573 ,
1171 1536 1267 1566 inodo
1279 1545 1361 1573 mos,
1373 1535 1548 1573 praevaluit.
1572 1533 1695 1575 Lipsius
1707 1535 1824 1572 docet,
1834 1534 1872 1564 ad
1881 1532 1949 1563 Ta-

1511 1586 1540 1616 5.
1557 1580 1588 1607 6.
1613 1585 1642 1616 7.
1661 1577 1739 1606 item
1756 1575 1947 1612 Manutius,

1069 1619 1118 1650 De
1137 1619 1219 1660 legib.
1238 1617 1368 1659 Romp.
1392 1627 1460 1659 145.
1476 1617 1513 1652 ἐξ
1535 1618 1593 1658 seq.
1620 1618 1749 1648 tandem
1775 1617 1844 1647 Lex
1868 1625 1947 1647 con·

1071 1660 1160 1691 ceffit
1177 1661 1331 1692 moribus.
1349 1660 1519 1701 Ulpianum
1530 1660 1605 1690 vide
1621 1660 1648 1689 d.
1667 1659 1685 1689 l.
1708 1668 1732 1690 1.
1751 1657 1780 1700 §.
1801 1666 1848 1690 10.
1865 1657 1950 1688 addo

1070 1701 1257 1751 Martialem
1280 1702 1328 1732 lib.
1353 1705 1382 1735 8.
1407 1700 1514 1743 Epigr.
1535 1710 1592 1742 17,
1616 1700 1647 1732 ἃ
1665 1700 1820 1735 Plinium,
1843 1699 1891 1730 lib.
1917 1708 1951 1740 5.

1073 1741 1168 1790 [epist.
1184 1753 1213 1782 4.
1234 1751 1281 1783 14.
1302 1743 1338 1778 δέ)
1356 1752 1405 1774 21.
1423 1752 1540 1782 quare,
1564 1742 1585 1774 fi
1605 1743 1644 1774 ab
1663 1740 1710 1773 his
1728 1750 1859 1782 quoque
1876 1749 1952 1781 pac·

1074 1794 1123 1816 tio
1149 1783 1202 1816 fiat
1224 1786 1264 1816 de
1286 1784 1397 1816 salario
1419 1785 1501 1816 intra
1526 1783 1649 1816 licitum
1674 1785 1825 1821 modum,
1847 1782 1954 1813 adhuc

1075 1827 1183 1858 honor
1201 1835 1254 1858 aut
1272 1826 1432 1865 salarium,
1447 1836 1514 1858 non
1531 1835 1655 1857 merces
1672 1825 1822 1856 habetur:
1838 1832 1955 1865 resque

1075 1869 1177 1909 magis
1194 1868 1327 1906 officio,
1350 1877 1447 1908 quam
1471 1867 1647 1905 locationi,
1671 1874 1887 1905 comparatur.
1909 1864 1953 1896 fic

1076 1910 1212 1949 censeo,
1236 1910 1266 1941 ἃ
1282 1909 1446 1941 subinvide
1464 1911 1504 1941 de
1523 1910 1697 1942 Advocato
1713 1907 1858 1949 Seneca,
1878 1905 1955 1942 Act.

1078 1961 1106 1984 1.
1123 1952 1196 1992 vers.
1219 1960 1284 1992 ¹72·
1303 1951 1426 1983 Hercul.
1436 1952 1556 1991 furent-

1188 1992 1253 2025 Hz'c
1270 1992 1384 2034 clamofi
1396 1993 1506 2030 rabiosa
1518 1992 1579 2030 fori

1188 2034 1303 2076 Jurgia
1319 2036 1448 2066 vendens
1465 2035 1631 2076 improbus,
1655 2034 1715 2065 iras

1191 2076 1233 2108 Ec
1252 2078 1341 2107 verba
1359 2076 1442 2107 locat.

1075 2117 1175 2157 Dixi,
1192 2118 1358 2158 quomodo
1375 2117 1584 2149 contrahatur
1600 2116 1795 2148 mandatum.
1811 2113 1957 2153 Dicam,

1075 2160 1246 2205 quomodo
1271 2160 1419 2191 solvatur.
1445 2159 1582 2199 primum
1608 2157 1717 2189 finitur
1741 2164 1855 2188 mutuo
1878 2164 1956 2187 con-

1076 2202 1184 2235 senlu;
1215 2201 1293 2232 licut
1321 2210 1361 2232 eo
1393 2200 1612 2232 contrahitur:
1644 2199 1690 2231 est
1713 2200 1800 2229 enim
1819 2196 1957 2229 naturali

1075 2244 1134 2285 juri
1152 2242 1369 2280 conveniens,
1386 2242 1641 2282 unumquodque
1658 2250 1699 2271 eo
1717 2238 1841 2271 dissolvi
1859 2239 1962 2269 modov

1079 2295 1145 2332 quo
1164 2285 1335 2324 colligatur
1354 2284 1373 2314 l.
1389 2294 1439 2325 35.
1458 2283 1499 2315 D.
1518 2285 1552 2314 de
1576 2283 1668 2327 regul.
1689 2282 1752 2323 jur.
1774 2280 1857 2313 Illud
1874 2288 1960 2319 quae-

1079 2334 1178 2365 111111,
1202 2336 1238 2356 an
1258 2329 1468 2357 revocatione
1485 2326 1679 2356 mandatoris
1698 2323 1855 2358 iolvatur‚
1880 2320 1960 2351 invi·
1980 2349 1993 2354 ,,

1080 2376 1115 2399 10
1139 2367 1366 2399 mandatario‘?
1394 2369 1496 2408 prima
1516 2365 1600 2398 facie
1626 2375 1691 2397 non
1716 2364 1860 2395 videtur:
1884 2361 1977 2401 quia¹
2030 2363 2036 2398 ζ

1081 2411 1176 2442 initio
1187 2409 1231 2440 est
1248 2409 1377 2449 quidem
1394 2408 1566 2448 unicuique
1578 2407 1674 2438 libera
1691 2404 1830 2445 potestas
1842 2403 1959 2434 haben·
1998 2400 1999 2405 ’

1081 2453 1134 2492 di,
1168 2451 1220 2483 vel
1247 2460 1312 2482 non
1342 2449 1510 2488 habendi,
1549 2446 1748 2484 contrastus3
1773 2454 1884 2476 verum
1910 2453 1959 2475 i-e-
1994 2471 1995 2474 ,

1082 2492 1236 2525 nunciare
1257 2492 1353 2523 semel
1370 2491 1550 2523 constitutae
1560 2488 1746 2529 obligationi
1759 2484 1959 2526 ‚adversario

1083 2545 1149 2566 non
1167 2533 1411 2572 consentiente,
1434 2540 1532 2563 nemo
1558 2528 1665 2571 potest
1680 2529 1698 2559 l.
1722 2539 1750 2569 5.
1774 2529 1808 2559 C.
1825 2530 1858 2558 de
1875 2528 1959 2568 ohlig.

1083 2576 1121 2611 ἐξ
1144 2575 1199 2607 ast.
1222 2575 1275 2606 sed
1306 2575 1337 2606 111
1363 2573 1530 2614 propofito
1553 2572 1637 2602 aliud
1658 2571 1704 2611 jus
1727 2568 1798 2601 est:
1830 2570 1959 2610 quando

1083 2618 1267 2649 mandatum
1285 2615 1330 2647 est
1346 2615 1465 2655 species
1483 2612 1653 2644 beneficii:
1675 2613 1763 2652 quus
1790 2611 1861 2642 brec
1874 2618 1962 2641 natu-

1084 2669 1118 2691 ra
1144 2659 1206 2690 est:
1230 2667 1263 2688 ut
1288 2658 1392 2688 invito
1417 2664 1590 2695 numquam
1615 2655 1825 2692 obtrudatur,
1848 2659 1962 2683 contra

1085 2700 1180 2742 poffit
1206 2709 1248 2731 eo
1272 2699 1327 2740 qui
1352 2698 1430 2729 velit
1454 2699 1526 2729 uti:
1558 2694 1611 2736 qui
1635 2696 1745 2734 nolit,
1777 2703 1842 2725 non
1867 2701 1962 2733 coga-

1087 2751 1137 2774 tur
1164 2741 1236 2773 uti:
1266 2749 1353 2779 nec,
1390 2738 1412 2770 fi
1442 2737 1581 2779 coeperit
1612 2739 1657 2768 titi
1676 2761 1686 2775 ,
1726 2736 1843 2767 diutius
1867 2743 1961 2771 Quam

1088 2782 1187 2822 velit,
1211 2790 1327 2814 utatur.
1351 2788 1460 2812 manet
1477 2779 1571 2821 igitur
1588 2780 1792 2816 mandatum,
1808 2787 1842 2808 re
1858 2776 1963 2807 adhuc

1089 2826 1231 2866 integra,
1257 2823 1492 2854 voluntarium:
1517 2831 1576 2853 nec
1597 2822 1671 2852 ideo
1688 2817 1904 2855 contrahitur;
1929 2823 1964 2847 ut

1089 2877 1107 2899 a
1130 2863 1327 2898 mandatario
1346 2888 1356 2903 ,
1387 2863 1493 2895 invito
1526 2863 1735 2900 mandatore,
1767 2860 1963 2901 impleatur:

1088 2908 1142 2940 sed
1153 2907 1409 2939 utinandatarius
1420 2903 1645 2937 mandatoriad
1662 2903 1860 2942 implendum
1874 2908 1963 2931 man-

1088 2951 1197 2983 datum
1212 2949 1298 2989 quod
1315 2947 1467 2988 suscepit,
1491 2947 1666 2987 obligetur.
1691 2944 1789 2984 Atqui
1806 2944 1890 2973 dicet
1909 2940 1964 2971 ali-

1089 2991 1176 3034 quis:
1207 2989 1301 3021 etiam
1328 2990 1494 3021 mandator
1517 2987 1715 3019 mandatario
1741 2985 1899 3023 obligatur
1922 2981 1965 3013 ad

1090 3032 1321 3066 restituendum
1337 3032 1423 3071 quod
1442 3029 1470 3062 ei
1486 3028 1583 3060 abest.
1604 3029 1690 3059 Bene
1706 3032 1834 3059 mones:
1853 3031 1964 3054 verum

1092 3076 1157 3107 hoc
1169 3074 1206 3106 fit
1218 3084 1282 3105 noti
1303 3073 1523 3114 principaliter
1535 3081 1545 3111 ς
1558 3070 1608 3101 sed
1621 3079 1678 3110 per
1686 3065 1966 3105 consequentiam:

1093 3118 1126 3149 id
1143 3117 1206 3155 est,
1222 3116 1302 3148 nein
1314 3116 1432 3146 damno
1442 3121 1587 3145 moretur
1596 3111 1823 3144 mandatarius,
1838 3106 1858 3138 fi
1871 3107 1967 3146 quid,

1094 3160 1229 3190 volente
1247 3158 1455 3194 mandatore,
1479 3156 1563 3186 bona
1579 3152 1641 3184 fide
1660 3150 1822 3189 implevit:
1848 3158 1913 3179 non
1930 3155 1967 3177 ut

1093 3203 1194 3242 quid,
1209 3200 1312 3235 invito
1328 3198 1535 3237 mandatore,
1557 3194 1664 3228 faciat.
1680 3191 1710 3225 &
1726 3198 1814 3226 certe
1830 3189 1970 3261 (μιὶᾱίὲῑζ
