2036 3495
565 94 631 137 Ar>
658 96 749 136 Liri.
776 91 834 134 iii.
873 100 974 136 ΤΠ.

89 195 221 238 *negotia
244 193 354 236 gessit,
375 191 491 226 Edicto
515 191 624 223 locum
650 189 721 222 esse.
753 189 904 236 idemque
929 187 969 222 de

86 235 212 269 furioso
231 235 381 268 'traditum
400 235 419 266 l.
438 245 467 276 3.
486 232 514 275 §.
533 244 560 273 5.
579 231 620 263 D.
639 232 667 263 h.
686 238 705 263 t.
734 239 870 280 inci-ito:
895 241 967 278 nam

91 277 241 311 Edictum
261 278 462 318 ignorantem
479 275 610 315 obligat.
628 272 679 319 ‘est
700 279 796 304 etiam
814 280 905 304 certo
921 281 967 313 Ju-

89 330 126 352 τε
142 319 328 358 definitum,
352 318 479 358 quoties
494 325 534 347 ex
550 324 602 353 re,
625 315 656 346 id
676 313 741 352 est,
756 323 821 359 uon
838 324 876 345 ex
895 323 964 354 pcr-

89 361 184 399 sona,
207 369 312 401 neque
329 358 415 390 faCto
438 356 549 398 pupilli
566 364 618 401 aut
641 354 773 393 suriest,
798 355 848 387 led
868 366 906 402 οξ
924 366 964 386 ae-

89 403 212 444 quitate
231 401 322 442 ipsius
344 401 389 432 rei
414 399 467 431 seu
484 397 603 439 negotii
616 396 714 443 ⁵.h0‘³
733 396 795 434 est,
811 398 902 442 *quali
921 406 962 429 ex

85 443 275 481 contractu,
300 441 382 473 aetio
401 440 552 476 nascitur3
578 446 676 469 toties
701 438 730 469 ἃ
756 437 908 470 furioluin
933 440 962 470 &

88 485 245 526 pupillum
263 478 393 524 obligari
403 482 422 512 l.
434 485 484 520 4¹6.
497 479 539 511 D.
558 481 590 510 cle
605 478 801 525 oblig.&at't.
823 479 876 510 ctli
896 486 961 511 nnn

89 528 120 558 in
139 525 316 563 infinitum;
339 523 390 555 sed
409 530 565 562 quatenus
594 521 790 561 locupletior
809 530 844 552 ea
862 531 894 551 re
918 520 960 551 sa-

84 568 156 600 trus
172 567 216 598 est
226 565 360 606 pupillus
378 565 475 596 ἀλα.
493 562 535 594 fic
546 563 629 594 enim
646 564 812 602 receptum
824 570 863 593 er<
876 562 960 594 Con-

87 608 252 641 stitutione
270 606 311 637 D.
323 605 387 637 Pii:
404 605 443 636 ad
461 613 600 645 eumque
618 605 748 635 modum
766 606 855 644 'putat
872 604 959 643 Jaco-

85 650 145 682 bus
170 648 331 688 Cujacius,
358 647 395 677 V.
422 646 483 678 CL.
505 646 554 677 lib.
582 655 627 686 13-
656 644 775 686 Observ.
791 655 814 676 c.
833 655 871 684 7,
897 644 959 676 else

90 690 311 731 explicandum
333 687 571 728 Ulpianorum.
585 697 613 727 3.
624 687 691 729 §.4
720 687 794 717 dum
815 686 956 731 lega-tur,

86 729 317 772 Pupilliscznefi
334 731 448 771 negotia
461 727 561 769 geffit:
576 728 727 760 suadente
746 736 956 772 connexione

84 771 294 814 'praecedentis
320 770 545 810 sequentisque
571 770 599 812 §.
628 768 748 800 sensum
774 778 851 799 vero
877 768 956 814 elle:

83 814 165 845 Sane
186 812 208 844 si
231 813 299 852 quis
319 812 431 852 pupilli
456 812 586 852 negotia
601 811 708 852 geffit:
730 810 835 851 potest
858 810 957 849 pupil-

82 855 148 892 lus,
166 853 237 895 post
250 853 449 894 Rescriptum
468 852 510 884 D.
534 852 601 891 Pii,
615 853 646 898 in
666 852 697 883 id
714 851 799 897 quod
815 851 956 891 locuple-

83 897 148 928 tior
163 895 265 927 factus
279 894 343 934 est,
362 895 487 927 actione
506 901 666 925 contraria
683 899 885 937 negotiorum
902 902 954 934 ge-

81 937 202 970 storum
219 937 397 968 conveniri.
429 935 449 967 ii
468 943 575 966 autem
599 934 737 975 pupillus
753 942 824 974 agat
840 934 955 965 directa

80 979 208 1011 actione
218 979 423 1019 negotiorum
438 976 597 1019 gestorum
608 986 618 1015 ;
629 976 724 1021 etiam
736 975 841 1015 potest
850 975 956 1020 gestor

81 1021 114 1052 id
137 1021 225 1060 quod
250 1019 358 1061 gellit,
383 1028 514 1059 quoque
540 1015 883 1062 locupletiorem'femt
903 1023 956 1056 pu=

81 1062 194 1102 pillum
212 1085 221 1101 ,
245 1071 286 1092 eo
311 1061 432 1100 judicio
453 1061 522 1101 jure
545 1058 825 1103 compenlatlonls-
838 1057 955 1088 habere

82 1103 211 1134 salvum.
234 1102 286 1133 Sic
298 1102 457 1143 CuJacius.
475 1101 505 1133 ὅ(
522 1101 628 1132 addit:
645 1099 732 1140 quod
751 1099 887 1142 pupillu}
903 1106 953 1143 an·

82 1153 118 1176 te
142 1144 341 1183 Rescriptum
371 1142 411 1175 D.
438 1142 485 1174 Pii
510 1141 690 1183 patiebatur
723 1142 957 1180 compenlatio-

83 1194 177 1225 nem;
201 1185 272 1225 post
300 1184 499 1223 Rescriptum
527 1183 645 1223 patitur
668 1182 763 1213 etiam
789 1180 956 1212 actionem.

84 1236 236 1258 caeterum
264 1226 305 1257 ait
338 1226 452 1257 Paulus
471 1249 479 1263 ‚
511 1224 573 1257 litis
599 1222 783 1255 contestatae
808 1230 956 1261 tempore

83 1269 180 1308 quaeri
200 1267 298 1298 solere
313 1291 321 1305 ,
338 1277 374 1298 an
394 1266 532 1307 pupillus
545 1266 632 1304 cujus
649 1272 778 1304 negotia
794 1262 858 1294 fine
871 1271 955 1293 tuto-

81 1311 124 1342 ris
140 1309 326 1341 auctoritate
342 1308 426 1349 gesta
444 1308 528 1344 suut,
546 1305 741 1345 locupletior
751 1313 790 1335 ex
801 1313 836 1336 ea
854 1314 886 1334 rc
903 1313 956 1334 cu-

79 1351 131 1390 jus
156 1350 312 1381 actionem
337 1350 473 1389 patitur,
498 1347 599 1378 factus
624 1346 678 1384 sit,
702 1346 719 1377 l.
739 1345 854 1391 37.·D.
880 1347 908 1377 h.
933 1351 953 1376 t.

81 1390 155 1424 Nec
174 1392 251 1424 illud
268 1390 483 1422 omittendum
503 1388 565 1420 est:
589 1389 676 1429 quod
693 1386 878 1432 Marcianus
897 1386 955 1417 ob·

81 1433 183 1464 servat
203 1433 222 1464 l.
248 1442 296 1473 47.
323 1431 351 1473 §.
376 1440 400 1463 1.
424 1431 466 1462 D.
489 1430 739 1467 desolationibus,
762 1427 882 1459 etiamsi
905 1437 954 1459 res

82 1475 212 1515 perierit
230 1482 303 1505 ante
330 1474 418 1505 litem
435 1471 664 1509 contestatam,
688 1470 847 1502 interdum
869 1468 953 1509 quali

83 1515 329 1555 locupletiorem
344 1513 461 1545 facium
486 1513 638 1544 intelli‘ri:
662 1511 692 1543 &
710 1510 772 1542 effe
790 1511 884 1542 talem
903 1520 951 1541 cn-

84 1555 168 1587 sum:
186 1556 205 1587 fi
223 1564 330 1595 empta
345 1555 373 1586 ei
390 1554 425 1586 [it
440 1564 488 1586 res
502 1537 688 1591 necessaria,
705 1561 798 1598 quam
817 1551 954 1583 necessa-

86 1598 138 1628 rio
151 1597 190 1627 de
207 1597 261 1627 suo
279 1604 345 1627 erat
362 1604 538 1637 empturus.
554 1604 624 1626 nam
640 1595 704 1625 hoc
721 1594 788 1635 ipso
807 1603 871 1634 quo
888 1598 954 1625 'non

86 1637 131 1669 est
148 1638 314 1678 pauperior
332 1636 452 1673 factus,
475 1636 723 1676 locupletiorem
742 1634 814 1666 effe.
839 1676 844 1681 ι

131 1679 209 1709 Vult
228 1679 323 1719 igitur
339 1677 476 1717 Praet0r3
491 1677 610 1718 (redeo
628 1677 713 1708 enim
732 1677 770 1708 ad
786 1675 955 1716 Edictum)

87 1728 123 1752 ut
136 1720 170 1751 sit
185 1720 276 1751 locus
295 1718 409 1751 astioni
426 1719 630 1760 negotiorum
644 1717 822 1759 gestorum,
833 1717 953 1758 gestum

89 1761 151 1793 esse
167 1761 291 1793 alterius
310 1761 486 1801 negotium.
531 1759 605 1791 Hoc
620 1769 698 1791 vero
717 1767 781 1791 tum
802 1759 856 1798 fit;
879 1766 952 1791 cum

87 1802 209 1842 gestum
226 1803 263 1834 ad
277 1802 342 1841 ejus
359 1803 507 1833 damnum
524 1810 576 1832 aut
593 1802 799 1833 commodum
815 1799 950 1841 speum:

88 1843 152 1875 sive
168 1843 234 1884 ipso
251 1842 340 1885 gestu
356 1843 395 1874 ab
412 1844 522 1881 initio,
544 1842 608 1874 five
630 1852 671 1874 ex
688 1841 856 1883 postfacto.
902 1842 951 1889 Ab

88 1885 181 1917 initio
205 1885 238 1916 id
263 1884 389 1924 evenit3
411 1884 431 1916 fi
457 1893 575 1925 aegrum
601 1885 708 1916 curavi
733 1883 853 1916 servum
878 1884 951 1915 alie-

87 1935 183 1965 num,
207 1926 340 1958 domino
360 1925 567 1957 constitutum
584 1935 648 1958 non
664 1926 830 1965 inutilem3
853 1925 954 1957 statim

87 1976 128 1998 eo
144 1966 212 2007 ipso
227 1967 271 1999 illi
289 1966 475 2006 profuturus
491 1967 511 1998 l.
531 1976 578 1999 10.
597 1967 630 1998 C.
647 1966 676 2000 h.
694 1967 716 1998 t.
732 1967 839 1999 Simile
850 1977 954 1999 exem-

85 2008 173 2049 plum
191 2007 254 2046 est,
271 2007 292 2039 fi
311 2009 380 2048 quis
396 2008 547 2040 creditori
564 2017 657 2047 meo,
678 2008 767 2049 quod
784 2009 811 2039 ei
829 2009 955 2048 debeo,

84 2048 206 2088 solvat;
229 2050 258 2081 δι
274 2058 325 2081 me
341 2049 380 2081 ab
400 2050 456 2081 illo
475 2049 590 2081 liberet
604 2050 623 2081 l.
647 2051 692 2081 12.
711 2050 744 2081 C.
764 2051 822 2081 eod.
842 2053 886 2082 tic.
904 2050 955 2082 Ex

85 2090 243 2132 postfacto
260 2090 324 2122 hoc
339 2091 499 2132 contingit
515 2091 546 2122 in
558 2091 608 2127 l.9
629 2091 662 2122 C.
677 2092 704 2122 h.
715 2097 736 2123 t.
756 2100 823 2132 quae
842 2100 875 2123 ut
891 2093 954 2131 ple-

86 2133 156 2163 nior
171 2131 207 2163 fit
218 2155 227 2170 ,
243 2132 464 2174 conjungenda
482 2141 554 2164 cum
573 2133 592 2163 I.
610 2143 639 2174 3.
656 2133 689 2164 C.
709 2134 743 2163 de
760 2134 955 2165 contrahenda

78 2170 284 2215 stipulatione:
306 2173 390 2214 cujus
417 2183 487 2214 pars
513 2173 577 2213 est,
601 2175 646 2205 uti
669 2184 710 2206 ex
727 2174 891 2214 utriusque
907 2184 952 2206 te-

84 2214 380 2255 noreintelligitur,
396 2215 474 2247 licet
484 2215 583 2246 variet
598 2216 761 2256 utriusque
774 2215 953 2257 Inscriptio.

84 2254 205 2295 species
225 2256 292 2287 talis
308 2255 363 2287 est.
407 2256 566 2297 Quidam,
590 2256 654 2289 five
670 2257 868 2296 Hadrianus,
889 2258 953 2290 five

83 2296 262 2334 Sallustius,
286 2306 358 2329 cum
376 2298 542 2338 pecuniam
559 2298 640 2329 suam
660 2299 710 2330 alii
732 2299 898 2338 crederet,
922 2309 954 2331 u-

83 2337 131 2369 sus
149 2337 321 2378 estJuliani
340 2339 491 2378 nomine;
514 2340 545 2370 in
571 2340 702 2380 ejusque
726 2339 860 2372 absentis
885 2350 954 2381 per-

81 2378 187 2411 sonam
205 2380 357 2420 concepit
375 2380 608 2421 stipulationem
625 2382 664 2412 de
682 2382 842 2412 reddenda
858 2391 954 2422 pecu-

82 2421 135 2452 nia
153 2421 283 2452 credita.
300 2430 422 2453 certum
440 2422 503 2459 est,
521 2431 584 2453 non
597 2422 702 2453 valere
718 2421 952 2462 stipulationem

81 2463 113 2493 in
132 2461 288 2494 honorem
313 2462 425 2503 Juliani
448 2463 581 2495 fastam:
604 2465 677 2505 quia
700 2463 789 2495 alteri
812 2463 951 2505 stipulari

85 2512 181 2534 nemo
208 2503 322 2542 potest.
352 2514 412 2536 una
435 2505 529 2546 igitur
550 2504 688 2546 superest
710 2505 753 2536 rei
778 2507 952 2538 contractae

84 2543 255 2584 obligatio,
280 2545 311 2576 id
328 2545 390 2585 est,
413 2546 575 2578 condictio
592 2549 670 2578 certi
690 2556 729 2578 ex
750 2555 885 2586 mutuo,
909 2556 952 2578 at-

85 2593 148 2624 que
167 2593 203 2616 ea
218 2586 368 2617 creditori
385 2590 554 2628 competit.
583 2588 723 2628 Julianus
739 2596 845 2620 tamen
864 2589 951 2620 debi-

84 2633 207 2663 torem,
231 2627 285 2657 etii
310 2637 375 2659 non
399 2628 532 2660 haberet
556 2630 733 2669 obligatum
757 2629 832 2668 sibi,
856 2631 950 2662 inter-

85 2666 217 2707 pellavit
241 2675 330 2699 extra
349 2668 520 2708 judicium,
545 2671 574 2702 &
597 2671 787 2702 solutionem
813 2675 949 2713 accepit.

85 2707 253 2746 quaeritur,
269 2717 307 2739 an
325 2709 476 2741 creditori
493 2712 639 2743 adversus
660 2721 733 2744 eum
743 2721 907 2753 competat
924 2722 951 2743 a·

86 2749 150 2780 ctio
176 2750 376 2789 negotiorum
400 2751 582 2790 gestorum?
606 2753 737 2793 quaestio
763 2754 827 2785 huc
850 2756 952 2793 redit3

84 2797 190 2822 utrum
207 2789 328 2830 gestum
345 2800 361 2821 a
378 2790 501 2830 Juliano
523 2792 560 2824 fit
583 2794 751 2826 creditoris
774 2796 951 2837 negotium.

86 2831 174 2871 quod
192 2840 255 2861 non
273 2839 351 2870 puto
363 2854 372 2869 ,
395 2833 505 2873 utique
521 2834 560 2864 ab
576 2834 686 2873 initio,
710 2837 741 2867 id
759 2836 822 2876 est,
847 2846 953 2876 quam-

85 2874 138 2904 diu
156 2881 219 2902 non
239 2871 336 2903 habet
351 2880 449 2904 ratam
471 2873 662 2907 solutionem
678 2876 801 2915 Juliano
819 2877 952 2910 factam:

85 2914 158 2954 quia
175 2917 237 2944 tam
257 2914 310 2943 diu
334 2915 372 2944 ad
395 2914 459 2954 ejus
483 2916 630 2947 damnum
647 2939 656 2954 ‚
678 2916 859 2950 fructumve
885 2928 950 2950 non

84 2954 246 2997 pertinet;
270 2964 309 2985 eo
336 2959 422 2995 quod
439 2955 565 2987 debitor
578 2956 640 2988 sine
657 2960 806 2991 mandato
824 2961 873 2991 alii
893 2959 951 2991 sol-

82 3006 185 3033 vens,
210 3005 303 3036 quam
328 2996 496 3034 creditori,
519 2998 559 3028 ab
582 3007 622 3028 eo
646 3007 710 3030 non
728 3000 887 3032 liberatur.
911 3002 952 3032 iic

83 3035 123 3071 'ab
138 3037 244 3069 initio.
260 3045 291 3068 at
304 3037 323 3068 fi
341 3045 438 3070 ratam
457 3038 564 3070 habuit
582 3037 774 3072 solutionem
791 3043 953 3080 creditor-3

85 3088 120 3112 ut
137 3078 177 3110 ab
192 3078 284 3109 initio
302 3087 367 3110 non
385 3079 482 3110 fuerit
497 3080 562 3120 eJ‘us
577 3079 761 3121 negotium,
779 3090 883 3114 tamen
901 3085 951 3114 dc-

84 3121 160 3153 inde
182 3119 243 3151 effe
270 3120 400 3161 incipit:
423 3121 494 3161 quia
511 3121 565 3152 ubi
581 3130 680 3153 ratam
697 3122 808 3154 habuit
824 3123 953 3155 solutio-

82 3170 176 3198 nem,
190 3161 228 3191 ab
244 3171 285 3192 eo
295 3161 445 3193 liberatus
463 3162 508 3193 est
524 3162 668 3202 debitor,
686 3165 819 3203 perinde
827 3174 864 3196 ac
879 3165 900 3197 fi
916 3175 957 3198 ex

81 3205 150 3276 ⁰qu-
163 3203 312 3274 maffdlato
329 3203 445 3237 solutio
461 3203 629 3238 effetfacta
644 3204 663 3239 l.
676 3214 724 3241 12.
734 3204 763 3248 §.
773 3215 801 3247 4.
814 3205 857 3241 D.
869 3208 956 3250 deso-

147 3252 199 3276 om.
266 3267 273 3275 .

1004 100 1051 137 V.
1088 101 1140 138 De
1158 103 1289 150 negotiis
1305 103 1414 151 g'estz'r.
1844 104 1891 150 ’75-

1011 191 1141 224 lzctionib.
1159 192 1245 224 recle
1261 193 1357 234 igitu'r
1372 188 1490 226 exinde
1507 193 1611 226 danda
1627 194 1655 225 ei
1670 194 1715 226 est
1731 196 1814 227 acuo
1830 201 1887 228 ne'-

1009 234 1172 274 gotiorum
1189 233 1372 275 gestorum3
1396 243 1430 266 ut
1455 236 1483 273 ei
1502 235 1682 267 restituatur
1699 236 1835 269 solutum
1853 248 1887 269 e-

1006 276 1054 314 J'us
1073 276 1211 307 nomine.
1236 276 1345 308 Simile
1362 278 1547 318 exemplum
1563 277 1608 309 est
1624 277 1655 310 in
1673 277 1691 310 l.
1707 282 1737 310 6.
1754 279 1780 320 §.
1799 289 1828 316 9.
1844 279 1886 311 D.

1008 316 1035 346 b.
1057 322 1078 346 t.
1112 315 1220 348 Ecce:
1245 327 1306 356 ego
1323 317 1448 350 Titium
1468 320 1521 359 qni
1540 329 1605 351 non
1623 327 1690 351 erat
1709 328 1780 352 tuus
1797 320 1886 353 debi-

1008 364 1077 394 tor,
1094 358 1242 388 admonui
1262 358 1345 396 quali
1358 360 1549 392 debitorem.
1574 361 1626 392 ille
1642 363 1730 401 quod
1745 362 1803 393 'tibi
1817 372 1883 394 non

1006 397 1167 436 debebat,
1192 399 1268 429 mihi
1289 398 1381 430 solvit
1401 410 1456 440 per
1473 411 1624 433 errorem.
1647 411 1681 433 tu
1699 412 1772 435 cum
1791 404 1822 436 id
1837 405 1884 435 in—

1005 439 1153 471 tellexisti
1170 462 1179 477 ,
1203 447 1302 471 ratam
1325 440 1459 472 habuisti
1484 441 1686 476 solutionem.
1711 445 1882 492 quaeritur-3

1004 489 1041 512 an
1069 480 1163 520 possis
1185 490 1236 512 me
1261 483 1438 513 convenire
1461 482 1587 515 afflone
1605 487 1811 525 negotiorum
1829 497 1882 528 ge-

1004 521 1120 553 storum
1133 523 1148 553 ‘2
1166 521 1209 553 est
1230 522 1314 553 enim
1332 524 1498 563 negotium
1525 532 1578 555 tua
1602 528 1880 566 contemplatione

1003 563 1136 604 gestum.
1160 563 1285 594 interim
1304 573 1367 595 non
1384 563 1430 595 est
1449 573 1559 604 tuum3
1582 575 1654 597 cuin
1677 568 1753 599 nihil
1779 568 1880 601 suerit

1004 605 1061 635 tibi
1086 605 1241 636 debitum.
1266 612 1364 644 atque
1387 606 1429 636 ita
1446 605 1491 637 est
1515 607 1553 637 ab
1570 607 1673 638 initio.
1708 618 1880 649 caeterum,

1003 645 1170 686 postquam
1182 653 1278 677 ratam
1297 646 1429 678 habuisti
1441 645 1635 679 solutionem
1647 649 1722 680 inihi
1740 650 1857 683 factam
1868 675 1877 689 .

1002 688 1116 726 incipit
1141 695 1229 718 tuum
1253 687 1315 718 effe
1339 688 1505 728 negotium
1525 691 1613 728 quod
1638 698 1712 721 ante
1729 701 1794 723 non
1812 702 1880 724 erat

1002 736 1101 759 tuum.
1119 737 1180 767 qua
1197 728 1346 761 ratione?
1371 730 1443 767 quia
1458 739 1492 761 ut
1510 731 1587 762 nihil
1605 731 1661 761 tibi
1680 731 1778 763 suerit
1793 734 1881 765 debi-

1000 776 1089 807 tum,
1117 775 1225 809 eoque
1245 770 1362 802 intuitu
1378 772 1416 802 ad
1435 779 1466 802 te
1485 781 1548 804 non
1569 773 1728 813 pertineat
1744 772 1879 813 soluti0,

1000 810 1146 850 quamvis
1171 820 1228 841 tuo
1253 812 1385 843 nomine
1409 812 1510 844 fasta:
1534 821 1586 844 tua
1604 821 1709 846 tamen
1727 815 1878 847 ratihabi-

1001 852 1048 882 tio
1075 858 1163 884 tuum
1187 851 1287 883 efficit
1316 852 1507 893 negotium:
1539 865 1580 886 eo
1606 856 1694 896 quod
1718 857 1747 887 ei
1771 867 1787 887 a
1813 866 1879 898 quo

1000 892 1149 924 exactum
1167 901 1224 924 tuo
1251 895 1382 925 nornine
1406 895 1450 926 est
1468 896 1666 935 indebitum,
1690 896 1807 937 deinde
1825 900 1878 931 ad—

999 933 1106 965 versus
1133 943 1164 965 te
1186 936 1345 974 competit
1370 938 1522 976 repetitio
1539 938 1676 970 indebiti
1698 937 1802 971 soluti.
1827 950 1873 972 re-

1000 975 1049 1006 Cle
1074 975 1170 1016 igitur
1194 975 1250 1006 tibi
1276 986 1406 1018 quoque
1428 978 1490 1019 jam
1518 979 1665 1011 adversus
1682 990 1733 1012 me
1752 981 1879 1013 dabitur

999 1016 1082 1048 aelio
1111 1018 1318 1057 negotiorum
1350 1018 1509 1060 gestorum
1529 1020 1539 1059 '3
1570 1029 1604 1052 ut
1634 1021 1691 1053 tibi
1716 1021 1880 1055 restituam

1000 1058 1088 1098 quod
1108 1058 1184 1089 licet
1200 1068 1265 1089 non
1279 1068 1347 1090 erat
1363 1060 1505 1093 debitum
1525 1062 1581 1093 tibi
1594 1086 1602 1099 ‚
1620 1065 1726 1094 tamen
1744 1073 1802 1095 tuo
1819 1075 1878 1096 no-

1001 1099 1086 1130 mine
1110 1101 1240 1140 accepi,
1265 1100 1295 1131 &
1316 1109 1375 1132 tuo
1404 1103 1547 1142 periculo
1565 1103 1620 1135 est.
1666 1104 1791 1137 Eodem
1809 1116 1878 1138 mo-

1001 1141 1043 1171 do
1062 1140 1081 1172 si
1100 1141 1280 1173 debitorem
1290 1140 1392 1177 Titii.
1411 1145 1460 1175 cui
1478 1152 1509 1175 te
1529 1145 1680 1177 heredem
1696 1146 1758 1178 esse
1774 1147 1880 1179 existi-

1000 1183 1123 1213 mabam
1135 1206 1144 1221 ,
1167 1191 1240 1214 cum
1258 1183 1335 1215 alius
1353 1183 1430 1216 ell'et
1448 1185 1539 1217 heres
1551 1210 1559 1223 ,
1576 1196 1766 1219 convenero
1783 1197 1877 1220 extra

995 1222 1167 1262 judicium,
1193 1224 1222 1255 ὁὶ
1238 1233 1398 1266 exegero3
1423 1236 1487 1257 non
1513 1226 1558 1258 est
1582 1235 1670 1259 tuum
1690 1231 1876 1270 negotium:

1000 1265 1070 1303 quia
1087 1266 1167 1296 adte
1185 1275 1250 1296 non
1269 1267 1421 1305 pertinet.
1439 1267 1584 1300 &tamen
1603 1267 1624 1300 fi
1641 1278 1743 1301 ratum
1761 1272 1879 1303 habue-

1000 1307 1040 1336 ris
1064 1311 1081 1337 a
1106 1314 1157 1338 me
1182 1306 1321 1347 gestum:
1345 1308 1479 1348 incipiet
1505 1318 1594 1342 tuum
1617 1310 1679 1341 ess'e
1698 1313 1878 1352 negotium-

1000 1347 1074 1378 inde
1094 1347 1186 1388 igitur
1203 1349 1280 1380 mihi
1298 1349 1445 1382 adversus
1468 1358 1519 1390 te,
1543 1351 1573 1382 δε
1592 1351 1723 1384 vicissim
1741 1354 1797 1385 tibi
1822 1355 1878 1385 ad-

998 1388 1102 1420 versus
1121 1394 1191 1427 me,
1209 1391 1366 1430 competit
1381 1391 1464 1423 aetio
1477 1394 1682 1433 negotiorum
1699 1394 1878 1435 gestorum.

997 1430 1084 1468 atqui
1101 1432 1266 1471 negotium
1283 1441 1347 1463 non
1364 1433 1408 1464 est
1420 1439 1520 1465 tuum.
1543 1433 1596 1466 sed
1607 1435 1791 1468 ratihabitio
1809 1436 1876 1468 hoc

998 1471 1096 1502 efficit
1111 1480 1217 1503 tuum:
1239 1474 1312 1513 quia
1330 1473 1401 1514 post
1419 1484 1488 1507 eam
1508 1476 1622 1515 incipis
1638 1486 1678 1508 ex
1696 1477 1878 1510 hereditate

998 1513 1118 1552 aliquid
1138 1514 1296 1554 possidere
1320 1524 1379 1554 pro
1403 1515 1521 1548 herede
1538 1517 1590 1549 vel
1606 1526 1664 1557 pro
1681 1518 1875 1558 poll'ess'ore;

997 1562 1103 1593 eoque
1121 1556 1252 1586 nomine
1269 1565 1363 1596 potes
1379 1566 1395 1588 a
1407 1567 1484 1588 vero
1503 1559 1621 1589 herede
1638 1561 1804 1592 conveniri
1820 1570 1880 1601 ρει

999 1595 1114 1626 titione
1135 1596 1321 1628 hereditatis
1337 1598 1365 1629 d.
1380 1598 1399 1630 l.
1415 1602 1444 1631 6.
1463 1594 1492 1640 §.
1515 1609 1560 1631 10.
1579 1598 1622 1631 D.
1639 1600 1666 1632 h.
1682 1607 1705 1634 t.
1722 1601 1786 1634 Sed
1806 1602 1876 1633 haec

998 1638 1173 1677 prudenter
1197 1638 1425 1671 consideranda
1446 1640 1533 1672 sunt:
1556 1642 1681 1682 optime
1698 1643 1784 1676 enim
1800 1653 1878 1684 pro·

998 1679 1117 1710 cedunt
1141 1679 1173 1710 in
1196 1679 1410 1721 superioribus
1432 1681 1596 1722 speciebus
1615 1682 1646 1715 in
1668 1683 1784 1723 quibus
1802 1685 1876 1717 rati-

997 1719 1120 1751 habitio
1137 1720 1216 1752 facit
1238 1722 1404 1762 negotium
1430 1731 1518 1755 tuum
1541 1725 1629 1766 quod
1653 1725 1698 1757 est
1721 1733 1774 1758 tua
1797 1735 1879 1759 con·

998 1762 1208 1802 templatione
1223 1764 1365 1804 gestum,
1388 1764 1463 1796 licet
1480 1775 1544 1797 non
1562 1765 1598 1798 fit
1615 1773 1725 1800 tuum:
1750 1771 1876 1801 tantum

996 1804 1085 1842 quod
1102 1812 1162 1835 nec
1173 1805 1302 1836 alterius
1321 1805 1366 1838 sit.
1384 1814 1490 1847 neque
1507 1811 1592 1839 enim
1612 1809 1725 1840 mirum
1743 1810 1808 1850 est,
1825 1809 1878 1842 ef-

995 1844 1047 1876 fici
1065 1852 1154 1877 tuum
1171 1847 1337 1887 quoderat
1352 1849 1479 1880 nullius.
1498 1848 1575 1881 Non
1592 1850 1678 1881 idem
1695 1849 1741 1882 est
1756 1851 1787 1883 in
1805 1850 1879 1893 spe-

998 1887 1048 1917 cie
1064 1888 1093 1917 d.
1109 1887 1129 1917 l.
1145 1891 1175 1918 6.
1195 1887 1222 1929 §.
1241 1897 1299 1920 xi:
1324 1890 1355 1921 in
1374 1898 1438 1930 quo
1454 1891 1620 1931 negotium
1639 1900 1718 1923 ame
1732 1891 1878 1935 gestum,

998 1937 1065 1958 erat
1090 1929 1228 1961 alterius.
1252 1929 1356 1971 finge:
1382 1940 1456 1962 cum
1482 1940 1513 1963 te
1536 1932 1689 1965 heredem
1706 1942 1877 1976 putarem,

997 1968 1068 2000 fulfi
1092 1969 1222 2002 insulam
1239 1971 1471 2003 hereditariam.
1495 1974 1573 2005 alius
1592 1973 1637 2006 est
1653 1975 1757 2006 heres.
1782 1984 1818 2008 tu
1833 1985 1878 2008 ta-

997 2020 1070 2042 men
1090 2020 1192 2043 ratum
1209 2012 1341 2044 habuisti
1359 2022 1375 2044 a
1390 2023 1442 2045 me
1460 2014 1592 2056 gestum.
1615 2025 1653 2047 an
1670 2016 1715 2048 est
1727 2015 1807 2049 mihi
1823 2018 1879 2050 ad-

998 2052 1105 2084 versus
1123 2062 1155 2085 te
1173 2054 1254 2086 actio
1274 2055 1479 2096 negotiorum
1496 2056 1684 2097 gestorum?
1707 2067 1803 2100 negat
1819 2058 1878 2091 Ul-

999 2094 1129 2135 pianus:
1154 2094 1319 2134 praefatus,
1336 2097 1423 2136 quod
1442 2096 1506 2128 hoc
1523 2097 1610 2129 facto
1627 2107 1703 2131 meo
1716 2100 1778 2141 jam
1797 2101 1878 2133 alter

998 2135 1036 2167 fit
1056 2137 1290 2177 locupletatus;
1314 2137 1453 2178 ideoque
1472 2138 1600 2170 alterius
1618 2149 1653 2172 re
1671 2141 1733 2180 ipsa
1750 2141 1878 2183 gestum

996 2176 1033 2208 fit
1048 2178 1234 2218 negotium;
1250 2187 1309 2211 nec
1319 2179 1412 2219 poffit
1428 2180 1478 2211 alii
1492 2180 1757 2223 adquisitumipso
1765 2182 1880 2224 gestu,

998 2226 1087 2249 tuum
1112 2219 1276 2260 negotium
1297 2220 1397 2252 videri
1416 2230 1551 2262 propter
1569 2228 1654 2255 tuam
1678 2224 1877 2256 ratihabitio-

998 2269 1082 2291 nem.
1106 2259 1208 2292 sensus
1232 2260 1294 2293 est:
1319 2262 1407 2302 quod
1431 2265 1460 2294 in
1487 2263 1650 2305 propofita
1665 2264 1771 2305 specie
1787 2275 1804 2296 a
1821 2275 1876 2298 me

996 2301 1118 2341 gestum
1135 2301 1180 2333 est
1197 2310 1254 2333 tuo
1269 2304 1420 2342 nomine,
1444 2313 1478 2336 re
1497 2314 1571 2336 vera
1593 2305 1719 2337 heredis
1737 2305 1819 2339 fuit:
1843 2308 1876 2340 ei

997 2343 1118 2374 scilicet
1135 2343 1322 2383 acquifitum
1340 2345 1408 2385 ipso
1424 2345 1608 2387 gestu‚quo
1624 2348 1726 2387 coepit
1742 2347 1876 2381 insulam

998 2384 1115 2415 habere
1132 2386 1310 2418 meliorem.
1327 2395 1358 2417 at
1376 2396 1472 2418 nemo
1491 2387 1626 2426 dixerit,
1643 2390 1731 2428 quod
1743 2390 1874 2422 alterius

996 2425 1116 2457 fac'tum
1135 2425 1180 2457 est
1199 2426 1266 2467 ipso
1284 2427 1392 2469 gestu,
1416 2436 1550 2469 propter
1567 2437 1653 2461 tuam
1670 2430 1874 2463 ratihabitio-

997 2476 1070 2498 nem
1087 2467 1230 2499 dessnere
1248 2469 1330 2501 illius
1341 2469 1421 2508 effe,
1437 2469 1468 2500 ὃ(
1486 2478 1573 2501 tuum
1590 2469 1669 2503 fieri.
1686 2472 1873 2505 ratihabitio

995 2508 1079 2539 enim
1089 2510 1240 2541 conciliat
1252 2511 1419 2551 negotium
1430 2519 1519 2542 tuum
1531 2513 1620 2552 quod
1629 2521 1693 2545 non
1706 2513 1751 2546 est
1762 2521 1851 2547 tuum
1862 2539 1875 2554 ‚

994 2550 1095 2581 modo
1111 2560 1171 2582 nec
1185 2551 1312 2582 alterius
1330 2550 1374 2582 fit.
1397 2559 1428 2582 at
1445 2553 1534 2591 quod
1548 2553 1610 2593 jam
1628 2553 1756 2586 alterius
1774 2556 1819 2588 est
1837 2566 1874 2588 re

994 2600 1087 2630 vera,
1111 2592 1142 2623 id
1167 2600 1203 2623 ut
1226 2600 1280 2623 tua
1295 2592 1522 2625 ratihabitione
1540 2603 1629 2635 tuum
1652 2595 1708 2627 fiat
1723 2596 1787 2629 fine
1805 2598 1873 2638 ejus

994 2631 1101 2671 facio,
1126 2633 1190 2664 hoc
1213 2634 1294 2665 ratio
1312 2643 1378 2665 non
1394 2634 1473 2666 finit.
1521 2634 1673 2668 Occurrit
1696 2638 1749 2669 hic
1766 2639 1796 2671 ὅ(
1812 2640 1871 2670 alia

995 2674 1211 2713 deliberati03
1234 2675 1318 2706 unde
1340 2675 1467 2708 alterius
1489 2678 1653 2718 negotium
1678 2679 1871 2719 aestimetur,

995 2723 1100 2746 utrum
1115 2725 1155 2746 ex
1167 2725 1219 2754 re,
1236 2725 1273 2747 an
1290 2725 1330 2747 ex
1343 2718 1482 2757 gerentis
1498 2720 1677 2759 opinione?
1693 2720 1777 2752 Mihi
1795 2731 1877 2762 pro-

995 2756 1080 2787 clive
1098 2756 1162 2795 est,
1185 2765 1226 2787 ex
1250 2764 1382 2797 utraque
1399 2758 1562 2794 aestimare.
1604 2761 1745 2794 Proinde
1761 2762 1780 2793 fi
1799 2762 1868 2801 quis

996 2797 1040 2828 ita
1057 2796 1258 2838 simpliciter,
1276 2799 1308 2831 id
1325 2797 1387 2838 est,
1403 2802 1446 2831 ita
1463 2800 1575 2840 stulte,
1591 2802 1730 2835 versatus
1746 2802 1808 2840 est,
1832 2810 1870 2833 ut

996 2838 1028 2869 in
1047 2837 1105 2869 suis
1123 2838 1216 2870 bonis
1235 2838 1320 2872 suum
1338 2842 1437 2882 egerit
1454 2845 1621 2884 negotium
1638 2844 1721 2885 quafi
1738 2851 1844 2875 mcum
1856 2854 1867 2874 :

997 2880 1039 2910 ait
1057 2878 1210 2920 Ulpianus
1224 2881 1243 2911 l.
1260 2885 1289 2912 6.
1307 2881 1376 2923 §.4
1395 2882 1437 2913 D.
1454 2884 1482 2916 h.
1499 2891 1521 2916 t.
1539 2886 1655 2917 nullam
1673 2895 1713 2916 ex
1730 2892 1870 2924 utroque

996 2920 1095 2951 latere
1112 2922 1220 2953 venire
1231 2922 1406 2956 actionem:
1422 2925 1452 2956 ὅ(
1468 2926 1636 2966 praefatur‚
1653 2926 1740 2965 quod
1756 2934 1817 2955 nec
1831 2924 1868 2957 fi-

998 2961 1053 2992 des
1070 2963 1153 2994 bona
1165 2962 1229 2994 hoc
1238 2965 1364 3004 patitur.
1383 2966 1486 2999 reche:
1504 2977 1574 2999 cum
1591 2968 1676 2998 enim
1685 2975 1726 2996 ex
1743 2975 1777 2996 re
1788 2975 1869 2999 con-

997 3002 1057 3033 stct
1073 3003 1141 3034 haec
1164 3004 1337 3046 obligati03
1361 3008 1437 3047 quid
1454 3009 1554 3039 aliena
1572 3008 1649 3038 sacit
1666 3008 1868 3047 contempla-

997 3044 1054 3075 tio.
1072 3045 1241 3078 deficiente
1257 3049 1477 3089 negotiiquod
1493 3049 1622 3079 alterius
1638 3047 1693 3086 fit,
1710 3048 1867 3089 gestione.

996 3084 1137 3126 Oportet
1152 3087 1246 3128 igitur
1258 3089 1367 3131 reapse
1380 3090 1501 3132 gestum
1518 3089 1579 3120 effe
1596 3089 1724 3122 alterius
1740 3094 1868 3130 negoti-

999 3136 1057 3160 um.
1088 3128 1254 3169 Amplius,
1277 3132 1343 3170 ejus
1360 3130 1633 3170 contemplatione
1650 3132 1678 3162 cl.
1694 3131 1715 3163 l.
1731 3136 1761 3163 6.
1781 3133 1811 3174 ᾖ.
1827 3144 1867 3176 3,

997 3169 1028 3200 &
1043 3171 1172 3210 gerendi
1189 3172 1492 3213 negotiiaffectione
1507 3171 1526 3201 l.
1547 3181 1592 3208 19.
1609 3171 1637 3213 §.
1650 3182 1675 3203 ρ.
1693 3174 1722 3205 h.
1736 3180 1756 3205 t.
1780 3176 1868 3212 quali

997 3210 1087 3246 amici
1104 3211 1191 3286 LKgo.
1211 3214 1270 3248 eocl.
1287 3215 1334 3249 tic.
1353 3214 1423 3251 vel,
1440 3220 1474 3245 ut
1493 3211 1605 3248 Paulus
1620 3214 1682 3255 ait,
1698 3224 1739 3249 ex
1754 3214 1872 3265 officie

1162 3263 1181 3287 2
1792 3265 1868 3293 &Ima
