2036 3495
169 129 243 174 256
614 121 648 157 G
679 131 700 156 ε
734 128 758 153 R
791 128 814 153 A
847 126 870 152 tt
902 127 927 154 1>
957 128 977 162 ιγ

172 216 339 252 fraudandi
361 211 548 249 creditoris,
573 210 603 242 &
627 209 692 241 hoc
714 207 894 249 specialiter
910 215 975 239 non
992 217 1046 240 ex-

175 259 334 302 presserit,
361 256 446 297 quod
469 254 506 284 ad
531 252 619 283 navis
638 249 761 281 causam
778 251 910 290 accipit,
935 258 1048 282 contra

176 302 258 339 effe,
282 308 416 338 eamque
434 294 666 326 distinctionem
687 302 704 323 a
723 292 821 322 Pedio
840 291 977 332 probari.
1001 291 1048 323 ln·

176 343 267 383 super
290 341 377 371 addit
404 335 558 375 Ulpianus
586 334 604 375 §
638 343 685 366 10.
709 336 736 365 d.
754 335 772 364 ι.
795 342 818 364 ι.
845 333 864 364 li
884 334 914 363 iii
945 334 1052 372 pretiis

178 391 283 415 rerum
308 387 487 419 emptarum
509 376 627 408 fefellit
656 376 818 416 magister:
844 375 915 404 sore
931 374 1038 406 exerci

177 425 255 457 toris
271 425 440 458 damnum,
465 428 529 450 non
545 420 722 449 creditoris.
751 418 789 448 Et
809 417 838 447 in
855 416 884 458 §.
907 425 951 448 11.
977 415 997 447 si
1015 417 1054 447 ab

181 467 243 497 alio
267 469 447 498 mutuatus,
472 460 617 492 liberavit
641 469 713 491 eum
740 461 791 499 qui
818 468 848 490 in
867 467 953 489 navis
970 457 1051 489 rese-

181 507 320 538 &ionem
338 502 535 540 crediderat,
559 509 649 540 putat
670 501 838 541 Ulpianus,
862 501 957 531 etiam
979 499 1054 530 huic

181 548 315 580 dandam
331 544 510 581 actionem,
536 542 619 584 quasi
637 544 667 573 in
685 551 798 574 navem
816 540 997 573 crediderit.

221 589 284 620 Sed
308 588 389 618 bene
406 586 746 621 animadvertendum,
768 586 819 615 cui
847 583 890 613 rei
909 580 1042 622 praepofi

181 637 230 662 tus
253 628 289 661 sit
312 626 477 668 magister:
510 636 580 658 nam
607 624 787 666 praepositio
808 632 927 655 certam
952 624 1054 663 legem

182 673 236 703 dat
258 670 534 701 contrahentibus.
558 677 594 699 ac
621 666 641 698 si
662 666 824 698 exercitet
847 674 918 696 eum
938 673 1055 705 praepo-

182 712 243 744 suit
259 714 329 743 navi
348 712 385 742 atl
404 710 469 742 hoc
488 710 607 747 solum,
632 717 666 739 ut
684 708 825 739 vecturas
841 708 966 747 exigat,
991 714 1055 736 non

182 762 218 786 ut
235 755 322 786 locet
337 776 346 791 ,
371 753 458 791 quod
481 751 568 781 forte
592 749 656 790 ipse
677 750 857 786 locaverat,
883 757 947 779 non
967 756 1054 778 tene-

181 795 267 827 bitur
289 795 470 830 exercitor‚
494 791 516 824 si
540 790 686 832 magister
713 790 886 821 locaverit:
911 788 961 820 vel
980 787 1000 819 si
1019 788 1056 819 ad

182 837 355 870 locandum
380 843 525 872 tantuin,
550 843 614 864 non
633 833 672 863 ad
689 831 902 873 exigendum,
927 830 1010 861 idern
1027 839 1045 860 e

183 879 227 911 rit
251 878 433 909 dicendum.
459 882 511 906 aut
534 873 555 906 fi
582 875 619 906 ad
643 873 724 910 hoc,
750 880 783 903 ut
808 872 988 903 vectoribus
1014 871 1055 902 lo-

185 927 258 959 cet,
285 927 348 950 non
365 925 400 948 ut
421 916 581 948 mercibus
607 924 719 947 navem
743 913 888 952 praestec,
912 912 962 943 vel
981 921 1056 943 con-

184 970 231 994 tra
246 984 255 999 ,
281 960 411 992 modum
433 957 570 999 egressus
587 980 597 996 ,
628 966 692 988 non
717 953 873 995 obligabit
897 955 1055 985 exercito·

185 1012 264 1036 rem.
282 1001 333 1032 sed
354 1001 382 1032 δι
398 999 419 1031 fi
437 1008 469 1030 ut
486 998 581 1031 certis
600 996 758 1030 mercibus
776 1005 845 1027 eam
864 996 1056 1035 locet,pi·ae-

185 1043 306 1086 positus
328 1041 394 1081 est,
420 1049 495 1081 puta
525 1039 693 1080 legumini,
717 1037 882 1068 cannabae:
905 1035 958 1067 ille
983 1045 1058 1066 mar—

187 1085 331 1118 moribus
350 1084 400 1114 vel
417 1083 475 1113 alia
493 1083 621 1113 materia
642 1081 778 1112 locavit:
794 1077 962 1109 dicendum
981 1077 1061 1114 erit,

188 1136 255 1159 non
274 1125 386 1156 teneti.
411 1126 554 1164 quaedam
573 1122 656 1153 enim
676 1129 772 1152 naves
792 1120 963 1155 onerariae,
981 1127 1062 1157 quae-

188 1169 260 1200 dam
277 1168 332 1206 (ut
349 1164 404 1207 lpsl
422 1165 552 1205 dicunt)
568 1161 719 1197 ‘ziriCaernyoi
732 1183 740 1196 ‚
761 1161 792 1193 ld
804 1161 872 1199 est,
896 1159 1061 1190 vectorum

189 1209 346 1241 ductrices
373 1207 452 1237 sunt.
476 1207 504 1238 ὅ(
531 1206 704 1246 plerosque
727 1203 876 1234 mandare
903 1201 986 1238 scio,
1018 1210 1057 1231 ne

189 1251 336 1282 vectores
361 1247 533 1287 recipiant3
558 1247 588 1278 ἂ
612 1245 671 1284 sic,
696 1253 729 1275 ut
754 1253 840 1289 certa
857 1243 1007 1283 regione,
1030 1241 1058 1272 «St

190 1300 283 1322 certo
304 1291 378 1321 mari
405 1289 605 1329 negotietur:
630 1295 664 1318 ut
690 1294 767 1317 ecce
793 1286 861 1315 lunt
878 1293 972 1314 naves
990 1291 1061 1323 quae

189 1330 398 1368 Brundusium
416 1340 432 1361 a
460 1329 622 1368 Caffiopa.
649 1327 695 1358 vel
723 1336 738 1356 a
759 1325 938 1367 Dyrrachio
955 1324 1061 1355 veilo-

189 1384 240 1407 res
256 1373 434 1413 trajiciunt,
455 1372 494 1402 ad
511 1380 607 1402 onera
623 1368 797 1400 inhabiles:
824 1368 898 1397 item
918 1367 1061 1406 quaedam

191 1415 279 1447 fluvii
298 1422 451 1451 capaces,
475 1412 513 1443 ad
536 1421 622 1443 mare
647 1419 710 1440 non
737 1408 927 1440 sufficientes
948 1411 975 1438 d.
994 1407 1014 1437 l.
1036 1415 1062 1438 1.

190 1457 219 1500 §.
240 1465 284 1488 12.
314 1455 390 1485 Dies
402 1463 465 1485 non
477 1452 609 1483 sufficiet
625 1459 851 1481 enumeraturo
864 1458 976 1480 omnes
986 1456 1049 1488 prae

192 1498 385 1538 positionum
419 1493 564 1525 formas:
594 1501 654 1523 nec
686 1499 790 1521 tamen
825 1498 1064 1529 praetermittam

192 1539 258 1571 hoc
275 1547 312 1568 ex
331 1536 359 1577 §.
381 1544 424 1576 13.
444 1536 471 1565 d.
491 1535 500 1564 l
523 1533 544 1565 fi
561 1533 666 1574 plures
683 1533 740 1563 sint
759 1532 891 1572 magistri
906 1555 914 1568 ,
939 1539 1001 1561 non
1019 1531 1061 1562 di-

139 1584 143 1592 '
190 1578 261 1611 vifis
278 1576 410 1614 officiis,
428 1576 656 1616 quodcumque
671 1582 742 1604 curn
763 1583 826 1603 uno
845 1572 966 1612 gestum
984 1573 1064 1609 erit,

192 1617 348 1660 obligabit
364 1618 595 1649 exercitorem:
621 1615 639 1646 si
659 1613 780 1651 divisis,
803 1623 835 1644 ut
863 1615 941 1644 alter
961 1614 1066 1644 locan-

193 1662 255 1698 do,
279 1660 358 1691 alter
383 1659 563 1699 exigendo,
596 1666 655 1697 pro
680 1656 833 1695 cujusque
855 1653 964 1686 officio
983 1654 1047 1684 obli

191 1700 316 1745 gabitur
331 1699 502 1732 exercitor.
527 1698 578 1730 secl
597 1699 625 1730 (St
643 1696 663 1729 fi
683 1696 723 1728 sic
743 1695 932 1736 praeposuit,
950 1704 983 1726 ut
1001 1695 1062 1733 ple-

192 1752 328 1784 rumque
344 1741 489 1780 faciunt,
512 1750 553 1771 ne
569 1740 648 1770 alter
664 1737 726 1769 sine
743 1738 844 1768 altero
862 1737 937 1776 quid
955 1744 1063 1776 gerat,

193 1783 502 1827 quicontraxitcum
516 1791 599 1818 un0,
615 1779 883 1817 fibiiinpiitabita.
901 1779 920 1810 Ι.
941 1786 964 1808 1.
976 1777 1004 1819 §.
1019 1786 1063 1815 14.

234 1824 333 1863 Dixi,
357 1825 485 1864 quando
510 1822 655 1854 obtineat
679 1820 870 1852 exercitoria
888 1823 980 1850 actio.
1005 1827 1065 1851 nec

192 1867 316 1905 minus,
340 1875 390 1897 cui
414 1871 597 1905 competat:
623 1870 753 1902 apparet
780 1870 862 1892 enim
890 1870 907 1891 a
926 1861 1065 1894 l’raetore

193 1907 340 1951 promitti
367 1908 395 1938 ei
422 1908 474 1945 qui
509 1914 581 1937 curn
606 1902 753 1946 magistro
777 1903 940 1936 contraxit
965 1903 1005 1933 de
1029 1910 1066 1935 ea

194 1960 231 1984 re
249 1950 298 1981 cui
316 1947 499 1989 praepositus
516 1946 560 1978 sit.

240 1991 341 2023 Porro
358 1990 469 2021 addam
505 1988 568 2019 dari
589 1985 735 2019 adversus
753 1984 982 2017 exercitorem:
998 1992 1068 2016 nam

193 2033 281 2067 hunc
301 2029 584 2071 Praetoriiidigitat.
604 2029 761 2060 Uttamen
779 2027 871 2058 nobis
883 2026 998 2057 electio
1009 2023 1066 2057 sit:

195 2083 302 2107 utrum
320 2074 531 2103 exercitui-em
543 2095 553 2109 ,
576 2079 613 2102 aii
630 2069 809 2108 magistrum
824 2069 999 2098 convenire
1018 2076 1068 2097 ve-

195 2117 301 2150 limus.
324 2114 388 2145 hoc
406 2113 489 2145 enim
514 2113 597 2144 clare
620 2112 763 2152 praecipit
791 2107 941 2149 Ulpianus
957 2110 985 2138 d.
1003 2108 1023 2138 l.
1045 2116 1068 2138 t.

196 2158 228 2202 §.
249 2157 370 2200 17.b.t.
388 2155 418 2187 &
444 2152 519 2186 ideo
539 2152 599 2195 (fic
629 2153 744 2186 deinde
768 2149 891 2193 subjicit
906 2149 936 2181 in
954 2149 982 2194 ς.
999 2150 1068 2191 24.)

1019 116 1278 154 Noonr
1335 115 1550 153 Coun.

1090 205 1111 238 fi
1128 213 1201 238 cum
1218 215 1292 240 utro
1307 217 1419 240 eorum
1432 208 1535 239 aCtum
1545 205 1609 245 est,
1627 214 1698 240 cum
1716 207 1817 240 altero
1833 208 1880 250 agi
1897 219 1962 245 non

1093 247 1210 292 potest.
1234 249 1285 281 sed
1303 250 1322 281 si
1343 253 1417 291 quid
1444 250 1476 281 iit
1509 249 1659 288 solutum,
1685 249 1703 280 si
1722 249 1849 289 quidem
1869 259 1884 282 a
1901 260 1963 283 ma-

1094 289 1209 330 gistrO,
1235 290 1302 330 ipso
1315 292 1386 332 jure
1405 293 1555 325 minuitur
1580 291 1751 331 obligatio:
1775 292 1825 323 sed
1841 295 1869 322 ot
1890 292 1909 323 fi
1926 293 1965 324 ab

1097 339 1300 371 exercitore,
1333 334 1394 364 live
1421 336 1474 365 i'uo
1500 334 1652 371 nomine,
1683 337 1713 363 id
1739 333 1803 371 eil,
1835 341 1965 373 propter

1098 374 1299 417 honorariam
1317 375 1567 416 obligationem,
1594 374 1655 405 iiie
1678 374 1813 414 iiiagislii
1840 375 1966 407 nomine

1098 416 1258 460 solvent,-
1277 417 1436 448 minuetur
1460 416 1634 456 obligatio:
1666 424 1814 455 quoniam
1841 415 1869 446 ὅ(
1893 416 1970 448 alius

1098 465 1157 498 pto
1175 466 1225 488 me
1242 458 1393 488 solvendo
1418 468 1469 490 mc
1495 462 1613 489 lititrat.
1639 457 1840 498 Quamquam
1862 465 1969 491 autem

1098 499 1220 530 Praetor
1236 498 1392 530 actionem
1411 502 1538 532 demum
1560 500 1764 539 polliccatur,
1779 499 1798 530 li
1817 507 1887 529 cum
1904 508 1967 532 ma-

1066 545 1068 548 ’
1097 540 1193 582 gistro
1217 539 1282 579 ejus
1308 540 1428 580 gestum
1454 541 1506 573 sit:
1532 550 1636 573 tanitn
1656 544 1709 580 (ut
1735 539 1873 579 julianus
1889 549 1967 580 quo.

1097 591 1160 621 que
1179 579 1315 621 sciiplit)
1331 581 1449 613 etiamsi
1466 591 1536 614 cum
1556 583 1621 623 ipso
1639 590 1821 614 cxci-citou:
1839 580 1875 613 fit
1892 591 1969 614 con-

1099 623 1251 705 ἳωξὶιξῐη,
1277 630 1365 662 pater
1382 624 1566 656 doininusve
1590 623 1621 656 in
1646 624 1780 657 solidum
1797 632 1923 655 tenetur
1938 625 1968 656 d.

1114 690 1119 696 .
1144 674 1168 696 ι.
1208 687 1217 695 .
1238 673 1285 704 23.

1140 703 1242 751 Datur
1260 704 1353 745 igitur
1370 705 1397 736 ei
1418 704 1551 744 quicum
1570 705 1716 748 magistro
1734 709 1897 740 contraxit
1914 715 1969 738 ex-

1101 755 1247 778 ercitoria
1273 746 1354 777 aetio
1379 747 1523 778 adversus
1550 750 1772 781 exercitorem.
1799 750 1848 780 sed
1867 748 1970 781 obser-

1102 789 1238 819 vandum
1256 793 1344 827 quod
1364 789 1393 818 in
1411 787 1439 829 §.
1457 793 1502 822 18.
1520 788 1574 819 αλ.
1591 798 1613 820 i.
1631 789 1671 820 fic
1685 789 1970 830 scribitUlpianus:

1102 829 1152 861 Ex
1178 830 1340 860 contrario
1366 839 1528 860 exercenti
1555 839 1666 861 navem
1684 832 1827 864 adversus
1848 842 1899 864 cos
1917 833 1972 872 qui

1101 880 1173 902 cum
1191 870 1335 911 ir=agistto
1346 878 1571 902 contraxerunt
1584 894 1593 909 ,
1609 872 1691 902 astio
1709 881 1772 903 non
1785 873 1971 913 pollicetur:

1101 913 1171 952 quia
1185 921 1247 942 non
1259 913 1370 942 eodem
1383 911 1499 943 auxilio
1510 911 1682 953 indigebat.
1700 912 1750 944 scd
1761 922 1814 945 aut
1830 925 1869 946 ex
1888 915 1974 945 loca-

1101 962 1136 984 to
1154 962 1226 984 cum
1247 953 1411 993 inagislr0‚
1429 954 1448 985 fi
1458 959 1606 985 mercede
1625 964 1754 994 operam
1773 956 1800 985 ei
1820 955 1971 986 exhibet:

1100 1002 1155 1025 aut
1180 993 1200 1025 si
1223 996 1412 1038 gratuitam,
1437 994 1575 1026 mandati
1600 1005 1692 1036 agere
1717 996 1831 1036 potest.
1855 996 1970 1027 Solent

1103 1036 1196 1076 plane
1215 1035 1357 1066 Praefecti
1377 1045 1507 1076 propter
1518 1036 1720 1068 ministerium
1731 1046 1878 1074 annonae¹
1895 1046 1973 1070 item

1104 1079 1133 1108 in
1153 1077 1324 1117 provinciis
1342 1075 1491 1109 Praefiacs
1510 1078 1766 1118 provinciarum,
1783 1087 1874 1110 eXtra
1892 1078 1975 1111 ordi-

1105 1127 1176 1149 nem
1194 1128 1247 1162 eos
1264 1119 1373 1158 Juvaie
1391 1128 1429 1149 ex
1447 1118 1612 1150 contractu
1630 1120 1857 1160 magnii-orum.

1145 1158 1311 1199 Reliquum
1334 1159 1399 1197 est,
1422 1169 1455 1190 ut
1472 1161 1595 1199 dicam,
1619 1161 1655 1191 ad
1681 1161 1756 1200 quid
1776 1162 1868 1192 detur
1885 1169 1975 1192 exer-

1104 1202 1218 1231 citoria
1243 1201 1324 1232 actio
1361 1210 1433 1240 puta
1457 1210 1583 1237 autem,
1607 1202 1671 1233 dari
1696 1204 1726 1233 in
1751 1202 1880 1234 solidum
1909 1201 1974 1241 ejus

1105 1244 1144 1273 de
1161 1251 1225 1282 quo
1243 1242 1346 1273 atium
1364 1242 1427 1281 est·,
1445 1242 1515 1283 quia
1535 1242 1674 1274 infinitus
1691 1242 1733 1274 est
1751 1243 1898 1276 Praetoris
1917 1244 1975 1274 ler-

1105 1292 1158 1314 mo
1176 1306 1184 1320 ,
1208 1283 1362 1327 Judicz'um
1387 1285 1475 1319 dubo,
1500 1284 1586 1314 nullo
1612 1285 1735 1323 adjecto
1759 1286 1873 1317 modo:
1896 1282 1976 1316 ficut

1105 1325 1133 1356 ἂ
1150 1327 1179 1355 in
1198 1323 1325 1355 solidum
1345 1333 1506 1355 exereitor
1523 1325 1721 1358 contrahenti
1741 1326 1894 1357 consensit
1912 1334 1977 1356 ma-

1104 1364 1211 1406 gistro.
1237 1365 1282 1396 Sit
1300 1367 1359 1396 ita:
1376 1365 1394 1396 fi
1413 1375 1490 1395 unus
1501 1375 1790 1398 exerceatnmem:
1808 1368 1858 1398 sed
1872 1367 1947 1408 quid
1960 1390 1972 1405 ,

1105 1406 1127 1438 si
1145 1407 1247 1445 plui-es
1265 1416 1333 1437 eam
1361 1408 1557 1438 exerceant?
1579 1409 1622 1438 ait
1651 1408 1802 1445 Ulpianus
1818 1409 1845 1438 (I.
1862 1407 1881 1439 l.
1901 1417 1924 1438 i.
1944 1407 1974 1448 §-

1106 1448 1157 1478 ult.
1183 1456 1255 1478 cum
1281 1448 1425 1488 quolibet
1451 1457 1560 1478 eorum
1593 1449 1622 1480 in
1647 1449 1775 1479 solidum
1802 1450 1848 1489 agi
1876 1448 1972 1488 posse.

1108 1489 1278 1526 videlicet,
1304 1499 1343 1520 ne
1370 1491 1399 1519 in
1428 1489 1531 1528 plures
1556 1490 1745 1521 adversarios
1764 1492 1975 1529 denuntiatur

1108 1539 1250 1569 quicum
1269 1538 1332 1561 uno
1346 1532 1538 1560 contraxerit
1557 1530 1576 1560 l.
1597 1540 1623 1560 2.
1641 1535 1667 1560 Δ).
1685 1538 1705 1561 t..
1726 1541 1784 1561 nec
1803 1531 1976 1569 quidpiam

1107 1572 1215 1602 facere
1232 1580 1272 1601 ait
1293 1571 1405 1602 Paulus
1423 1572 1479 1611 ¹·3·
1493 1579 1620 1609 quotam
1638 1580 1770 1611 quisquis
1792 1579 1976 1610 poitioiitm

1107 1612 1136 1644 in
1155 1622 1234 1643 nave
1259 1611 1384 1642 habt-at.
1418 1614 1588 1651 additque,
1612 1621 1683 1643 eum
1703 1612 1752 1652 qui
1780 1613 1975 1651 praestiterit,

1107 1653 1265 1685 societatis
1283 1654 1402 1694 jud.cio
1421 1662 1436 1683 a
1455 1652 1576 1684 caeteris
1594 1654 1848 1685 consecuturum
1877 1652 1905 1684 Si
1930 1662 1975 1684 ta-

1107 1704 1179 1726 men
1197 1695 1298 1734 plures
1319 1704 1372 1734 pet
1402 1694 1430 1725 se
1457 1703 1567 1725 navem
1586 1702 1776 1732 exerceant,
1802 1703 1858 1734 pro
1877 1694 1976 1735 porti·

1107 1738 1221 1768 onibus
1246 1736 1452 1768 exeicitionis
1476 1737 1730 1768 conveniuntur:
1765 1745 1868 1776 neque
1892 1735 1978 1769 tnitn

1105 1779 1242 1809 invicem
1262 1778 1302 1808 iiii
1323 1776 1457 1818 magistri
1475 1777 1622 1808 videntur
1637 1777 1655 1807 l.
1674 1788 1699 1817 4.
1716 1779 1742 1808 ci.
1758 1783 1778 1808 t.

1150 1818 1294 1852 Tamum
1316 1821 1354 1849 dt:
1372 1821 1478 1859 priore
1506 1817 1607 1849 Edisti
1634 1828 1747 1858 capite.
1774 1817 1927 1855 pollet-ius
1944 1819 1977 1852 in

1107 1861 1135 1892 d.
1150 1861 1169 1892 l.
1190 1870 1214 1892 1.
1230 1860 1248 1904 §
1283 1869 1327 1896 ¹9.
1344 1861 1409 1891 hoc
1425 1860 1523 1891 inodo
1549 1861 1693 1899 proditur
1711 1860 1750 1890 ab
1767 1859 1927 1897 Ulpiano:
1944 1861 1978 1893 Si

1110 1904 1134 1936 is
1156 1905 1206 1944 qui
1230 1912 1335 1933 navem
1359 1904 1535 1939 exercuerit,
1569 1902 1599 1931 in
1625 1902 1719 1932 aliena
1740 1899 1874 1940 potestate
1901 1903 1977 1941 eric,

1111 1944 1228 1985 ejusque
1242 1943 1394 1975 voluntate
1417 1952 1521 1974 navem
1544 1944 1722 1980 exercuerit,
1745 1945 1819 1990 quiid
1835 1952 1898 1973 cum
1918 1953 1979 1974 ma-

1108 1983 1198 2026 gistro
1216 1985 1277 2026 ejus
1289 1982 1400 2025 gestum
1422 1992 1492 2014 erit.
1517 1984 1548 2013 in
1575 1994 1638 2014 eum
1661 1987 1692 2014 in
1708 1993 1791 2026 cujus
1805 1983 1938 2023 potestate
1953 1985 1980 2015 is

1111 2030 1183 2063 erit,
1206 2027 1257 2067 qui
1273 2035 1377 2056 navem
1394 2025 1570 2062 exfrcuerit,
1589 2025 1735 2066 judicium
1761 2027 1841 2055 dabo.
1868 2024 1979 2055 Tenes

1113 2067 1215 2099 EdiCti
1226 2075 1382 2098 tenorem.
1397 2066 1645 2106 explicationem
1654 2065 1764 2108 accipe
1780 2068 1819 2100 ab
1839 2063 1979 2107 Ulpiano

1111 2109 1139 2141 d.
1158 2108 1177 2140 l.
1199 2117 1223 2140 1.
1241 2108 1268 2151 §.
1287 2118 1336 2142 20.
1357 2106 1481 2153 &seqq-

839 2235 876 2271 T
911 2245 924 2270 1
958 2245 981 2269 τ
1016 2246 1038 2270 u
1062 2243 1082 2268 1.
1116 2245 1140 2271 u
1173 2245 1189 2269 s
1283 2233 1327 2270 Π.

884 2312 937 2348 De
953 2312 1018 2358 lege
1037 2311 1155 2347 Rhodia
1173 2310 1206 2345 de
1215 2312 1315 2357 justu.

204 2420 212 2432 e
306 2407 418 2439 itulnm
443 2404 498 2437 De
513 2402 706 2437 exercitoria
729 2401 856 2434 afflone
874 2399 996 2440 excipit
1013 2399 1069 2433 Ti-

207 2408 287 2485 T
314 2450 395 2481 tulus
413 2447 463 2480 De
485 2446 570 2487 Lege
589 2445 713 2477 Rhodia
733 2443 885 2484 dejaffli:
903 2442 1070 2474 occasione

199 2489 245 2522 rei
261 2490 423 2521 mai-itimae
440 2489 477 2520 ad
488 2496 581 2528 quam
592 2485 743 2526 ipeetavit
763 2484 953 2517 exercitoria
969 2484 1050 2515 aetio
1061 2507 1070 2521 ,

202 2531 286 2563 hanc
305 2531 412 2563 seriem
424 2530 682 2561 commendante.
701 2526 829 2558 Nomen
842 2525 918 2567 Legi
938 2525 1071 2556 Rbodiae

200 2571 281 2604 fecit
299 2570 381 2602 Urbs
405 2572 557 2608 Rhodus,
581 2569 634 2601 sita
652 2571 680 2600 in
699 2568 794 2599 insula
806 2567 946 2607 ejusdem
968 2567 1064 2598 nomi—

202 2614 261 2645 nis.
286 2613 320 2643 A.
336 2611 459 2644 Gellius
483 2613 531 2643 lib.
550 2621 567 2652 7
604 2610 692 2642 Non.
715 2610 807 2640 Attic.
824 2619 848 2639 c.
866 2619 894 2649 3.
913 2618 980 2639 eam
998 2608 1070 2639 civi-

203 2661 303 2685 tatem
331 2653 360 2684 &
385 2653 487 2684 insulae
515 2653 780 2694 opportunitate,
804 2651 833 2681 ἃ
858 2659 991 2688 operum
1016 2659 1072 2680 no-

203 2695 347 2731 bilitate,
373 2694 402 2725 &
418 2695 581 2735 navigandi
604 2691 726 2724 solertia
741 2716 749 2729 ‚
767 2691 994 2730 navalibusque
1010 2689 1073 2722 vic-

207 2736 298 2769 toriis
321 2734 511 2765 celebratam
536 2734 614 2772 asse,
639 2733 811 2765 attestatur.
839 2731 950 2764 Florus
973 2732 1019 2762 lib.
1045 2741 1073 2762 2.

203 2789 228 2811 c.
247 2787 274 2818 7.
295 2777 454 2809 nauticum
474 2777 625 2814 populum
642 2777 720 2807 dicit
750 2783 863 2816 praeter
881 2783 995 2804 caetera
1014 2774 1073 2803 lau-

203 2821 297 2852 datur
320 2827 336 2848 a
361 2816 517 2847 Strabone
540 2816 586 2847 lib.
614 2826 659 2853 14.
679 2818 743 2856 ejus
760 2814 924 2856 diligentia
940 2815 1071 2854 pruden-

203 2863 311 2897 tiaaue
322 2860 403 2889 circa
423 2857 510 2887 res&
528 2856 612 2897 leges
630 2860 777 2888 nauticas.
799 2858 843 2888 lta
860 2866 923 2887 non
941 2857 1073 2893 mirum,

203 2900 363 2941 Populum
397 2897 575 2929 Romanum
609 2899 660 2936 qui
686 2907 759 2929 ante
791 2899 925 2938 primum
955 2897 1073 2928 bellum

204 2946 360 2978 Puiizcutii
379 2939 526 2980 (auetore
544 2937 640 2968 Floro
656 2940 684 2968 d.
701 2939 748 2970 lib.
766 2949 792 2971 2.
810 2949 833 2970 c.
852 2942 903 2978 2.)
921 2948 985 2969 iion
1003 2938 1073 2969 atti-

204 2986 251 3027 git
269 2993 318 3015 res
335 2980 494 3018 nauticas,
517 2979 632 3023 necne
651 2978 697 3008 his
713 2979 819 3018 posuit
837 2979 939 3021 Leges
957 2981 985 3010 in
1005 2978 1071 3010 Du-

204 3021 476 3057 odecimTabulis
485 3030 539 3051 aut
550 3020 644 3063 alias-5,
661 3028 724 3048 non
736 3019 897 3060 indignum
917 3020 966 3052 sua
982 3021 1061 3060 maje

205 3067 283 3100 state
301 3062 505 3099 existimasse,
522 3069 656 3102 egregiis
668 3062 711 3089 uti
724 3060 844 3100 legibus
863 3061 935 3093 socii
956 3062 984 3093 &
1000 3062 1073 3092 ami-

205 3108 233 3139 ci
252 3105 382 3145 Populi:
407 3112 561 3144 quatenus
579 3101 635 3132 suis
660 3109 723 3131 non
751 3101 995 3133 adversarentur.
1013 3102 1074 3133 Sed

205 3149 271 3182 hoc
287 3147 364 3184 lmp.
377 3144 547 3186 Augustum
559 3167 567 3181 ‚
591 3143 620 3173 &
637 3140 745 3182 postea
764 3143 976 3179 Antoninum,
991 3144 1070 3183 judi.

205 3188 305 3225 cass'e,
321 3187 429 3218 austor
444 3185 489 3217 est
508 3182 653 3217 Volusius
671 3182 844 3213 Maecianus
860 3181 881 3212 l.
898 3191 927 3218 9.
946 3183 986 3213 D.
1002 3186 1030 3215 h.
1050 3190 1072 3216 t.

204 3231 236 3263 in
256 3238 317 3272 qua
332 3228 440 3269 (quod
457 3227 564 3259 obiter
573 3226 704 3266 addam)
721 3222 833 3265 injecta
853 3223 978 3254 mentio
998 3233 1072 3256 nau·

1113 2398 1204 2440 fragii
1222 2399 1252 2431 in
1271 2398 1359 2431 Italia
1376 2397 1469 2437 fasti,
1489 2397 1640 2439 &ptaedae
1656 2397 1897 2438 publicanorum
1914 2394 1982 2438 Cy·
2030 2394 2031 2433 J

1113 2442 1219 2473 clades
1229 2440 1339 2472 insulas
1352 2439 1606 2476 inhabitantium,
1620 2449 1683 2470 non
1696 2439 1757 2470 fine
1769 2438 1891 2468 ratione
1903 2438 1982 2477 saepe

1115 2483 1143 2514 ἃ
1160 2483 1292 2514 multum
1317 2484 1459 2513 exercuit
1486 2481 1578 2512 Viros
1599 2480 1739 2511 noem:
1765 2478 1981 2510 animamurs'o
2030 2506 2031 2514 ,

1115 2524 1215 2564 spatio
1233 2525 1312 2555 inter
1331 2522 1770 2562 ltaliam&Cycladesiniulas
1787 2521 1878 2551 niiiiis
1898 2529 1981 2561 mag·
2029 2548 2030 2557 ,

1117 2575 1159 2597 no
1196 2565 1256 2596 Sed
1276 2566 1442 2595 evanescet
1466 2563 1649 2600 difficultas;
1673 2561 1695 2594 s1
1722 2572 1779 2602 pro
1798 2561 1885 2592 naim
1901 2563 1981 2602 lega·
2029 2564 2030 2569 ¹

1117 2615 1167 2637 tur
1198 2606 1341 2637 AEihalia.
1374 2604 1415 2637 fic
1442 2614 1489 2635 res
1517 2603 1690 2642 desiderat,
1720 2604 1749 2635 ὃ(
1776 2603 1895 2634 tentavi
1920 2611 1980 2643 ego

1116 2647 1162 2678 lib.
1187 2656 1212 2678 1.
1232 2648 1350 2678 observ.
1366 2656 1389 2676 c.
1411 2655 1445 2686 13
1477 2646 1527 2676 ubi
1547 2646 1638 2677 vide:
1661 2645 1681 2676 si
1699 2644 1744 2676 est
1764 2645 1852 2676 tanti.

1161 2689 1244 2729 Lege
1268 2686 1391 2718 Rhodia
1420 2689 1459 2717 de
1479 2687 1560 2726 jactu
1580 2711 1589 2723 ,
1620 2687 1706 2726 cujus
1732 2685 1982 2725 explicationem
2028 2682 2029 2724 J

1117 2730 1277 2770 promittit
1298 2727 1452 2765 Robrica,
1475 2736 1516 2758 ait
1539 2727 1649 2759 Paulus
1673 2728 1691 2758 l.
1711 2736 1736 2759 1.
1764 2728 1792 2758 b.
1821 2733 1841 2756 t.
1857 2726 1980 2757 caveri:
2028 2758 2029 2762 ,

1122 2771 1166 2803 Ut
1178 2769 1204 2808 fi
1219 2770 1345 2801 issevandae
1362 2771 1447 2799 navis
1453 2770 1551 2810 gratia
1560 2768 1659 2810 justus
1668 2770 1800 2799 mercium
1808 2767 1906 2805 fastus
1922 2764 1980 2806 est,

1115 2815 1242 2844 omnium
1258 2812 1462 2841 contributione
1469 2812 1614 2845 sarciatur
1629 2819 1702 2851 quari
1721 2817 1767 2845 pro
1790 2809 1921 2839 ommibus
1935 2808 1984 2838 da-

1118 2860 1180 2885 tum
1197 2851 1245 2892 esi.
1272 2850 1400 2883 Utilitas
1418 2850 1511 2893 Legis
1529 2853 1582 2882 vix
1593 2862 1664 2891 eger
1685 2848 1983 2882 commendatione:
2027 2844 2028 2879 ]

1117 2896 1202 2927 ultro
1219 2892 1302 2924 enim
1321 2893 1350 2923 se
1367 2891 1515 2924 ostendit.
1534 2902 1597 2923 non
1616 2902 1718 2923 tamtn
1737 2891 1835 2932 piguit
1854 2889 1984 2921 Paulum
2027 2895 2028 2900 ¹

1116 2938 1135 2968 l.
1162 2946 1188 2967 2.
1209 2936 1240 2965 in
1258 2933 1314 2976 fin.
1330 2940 1374 2974 pr.
1401 2934 1542 2973 praefati,
1577 2934 1779 2974 aequxffimum
1806 2931 1883 2968 esse,
1917 2929 1983 2974 fieri

1117 2986 1287 3009 commune
1305 2976 1530 3007 detrimentum
1550 2985 1659 3006 eorum
1677 2977 1727 3015 qui
1746 2980 1875 3012 propter
1893 2979 1983 3001 arnis-

1115 3020 1160 3050 sas
1185 3027 1233 3049 res·
1258 3017 1390 3048 aliorum
1416 3016 1577 3047 consecuti
1605 3015 1691 3053 sunt,
1718 3024 1750 3046 ut
1775 3021 1896 3045 merces
1916 3010 1981 3042 suas

1117 3060 1212 3092 salvas
1230 3059 1394 3089 haberent.
1421 3056 1463 3088 Ut
1481 3059 1518 3087 ad
1535 3066 1600 3088 rem
1621 3058 1762 3088 veniam:
1780 3054 1844 3084 Lex
1863 3051 1983 3082 contri·

1117 3101 1283 3133 butionem
1301 3100 1457 3130 indultura
1481 3099 1629 3130 damnum
1654 3099 1682 3129 in
1702 3104 1780 3127 nave
1799 3093 1885 3132 passis
1904 3101 1983 3137 tem-

1116 3142 1236 3184 pestate
1254 3146 1318 3173 duo
1344 3141 1516 3171 desiderat:
1541 3148 1674 3179 nempe,
1695 3136 1809 3176 Jactum
1830 3142 1982 3165 mei-cium

1115 3185 1202 3216 navis
1224 3183 1366 3214 levandae
1394 3183 1491 3223 gratia
1512 3180 1574 3213 esl'e
1589 3179 1704 3222 saetam
1720 3176 1749 3207 ἃ
1766 3175 1849 3207 hunc
1866 3175 1983 3221 jactum

1115 3225 1240 3259 caeteris
1253 3222 1428 3265 profuiffe,
1449 3230 1531 3255 nave
1546 3221 1635 3253 salva.
1657 3226 1796 3259 primum
1812 3217 1900 3256 vult,
1913 3223 1982 3287 tJac-

1929 3264 1982 3288 um
