2036 3495
134 114 201 156 178
573 100 1020 140 GettA-R‘DtN

1053 109 1243 137 oonr
1303 97 1510 133 Contra.

812 190 1155 227 TxTULus
1210 189 1262 225 ΙΙ.

846 267 900 301 Ad
916 265 1034 312 Legem
1051 266 1220 312 Aquiliam.

138 359 303 440 Altera
319 359 442 392 noxalis
452 357 534 389 actio
545 366 615 398 quae
625 355 660 388 fit
670 346 810 397 Legibus
821 353 992 401 constituta
1003 377 1012 394 ,

237 414 253 435 a
269 402 442 443 Justiniano
458 398 486 441 §.
504 408 534 438 4.
554 397 626 439 Inst.
641 399 675 429 de
691 397 790 428 noxal.
808 396 863 428 ati.
882 396 964 438 Legi
975 399 1014 427 A·

135 446 239 488 quiliae
261 445 452 485 imputatur:
475 449 546 482 quae
562 440 672 472 locuta
695 437 757 470 fuit
775 439 815 471 de
833 440 950 471 damno
968 440 1014 470 in-

795 522 1148 559 T11-utus

1054 354 1133 394 iuria
1145 336 1236 387 Xdato.
1258 355 1297 387 ad
1315 356 1397 387 hanc
1414 354 1541 394 respicit
1559 352 1693 393 praesens
1706 344 1859 394 Titulus,
1878 355 1929 389 m—
1960 338 1964 347 ι

1057 394 1151 427 tehac
1166 405 1184 428 a
1200 405 1252 429 me
1268 398 1429 439 expolitus
1447 394 1571 438 speciali
1588 396 1680 429 lith.

1205 522 1277 557 III.

718 599 769 634 De
789 600 837 633 bis
853 599 902 644 qui
920 597 1089 644 effuderint
1106 598 1158 632 vel
1173 598 1348 645 dejecerint.

172 698 175 699 ’
223 703 265 725 on
282 699 404 725 tantum
423 691 547 732 legibus
571 688 751 720 constitutae
778 687 870 718 fuere
886 687 1018 718 noxales

236 734 395 771 actiones,
412 732 464 763 sed
481 742 497 763 a
513 731 654 763 Praetore
670 739 810 771 quoque.
836 729 865 760 ἃ
885 728 928 759 est
948 729 1018 758 talis

137 778 194 810 sub
217 778 282 808 hoc
304 774 420 807 Titulo
447 774 536 812 haec,
561 772 613 804 De
638 772 686 802 his
705 773 759 811 qui
777 769 949 802 effuderint
966 770 1017 800 vel

136 820 323 861 dejecerint.
355 816 460 847 Edisti
481 815 578 845 verba
596 816 627 845 in
645 813 663 843 l.
685 822 710 844 1.
728 813 800 844 talia
818 811 897 842 sunt.
931 811 1018 842 Unde

136 863 168 893 in
191 871 255 892 eum
272 859 381 895 locum,
406 867 460 898 quo
480 856 563 896 volgo
583 856 637 887 iter
648 853 720 895 fiet,
745 854 791 885 vel
807 856 837 885 in
855 862 911 895 quo
926 851 1012 890 confi-

127 900 244 944 stetur‚
267 899 408 942 deflebam
430 898 476 929 vel
498 898 622 939 effusum
637 897 708 937 quid
726 898 797 933 erit,
820 900 962 936 qnantum
979 903 1016 924 ex

136 954 169 976 ea
184 953 214 975 re
236 943 374 974 damnum
397 942 499 972 datum
510 939 663 978 scribamve
678 939 750 975 erit,
775 938 807 967 in
830 940 894 971 eripi.
910 938 961 977 qni
977 936 1015 966 ibi

114 1017 117 1020 ,
137 985 332 1022 habitaverit,
349 983 381 1013 z‘rz
399 983 519 1022 duplum
529 981 677 1024 judicium
693 980 772 1010 dabo.
798 979 832 1010 Si·
846 988 874 1010 eo
892 977 954 1009 ἰδία
971 977 1017 1008 ho-

136 1037 180 1059 rno
192 1027 265 1063 -lz'ben
277 1023 378 1065 periffe
394 1024 520 1061 dicetur,
537 1023 754 1064 quinquaginta
766 1029 917 1051 aureorum
930 1019 1014 1060 judi-

138 1070 216 1100 cium
232 1068 313 1099 dabo.
330 1067 364 1097 Si
372 1065 472 1103 vivet,
490 1065 674 1104 nocuumque
683 1064 708 1093 ei
717 1061 768 1103 effe
778 1063 907 1099 dic-etur,
923 1070 1014 1101 quan·

138 1118 202 1142 tum
217 1110 249 1142 ab
265 1118 327 1140 eam
348 1117 407 1138 rem
421 1116 536 1148 aequum
549 1104 655 1146 Judz'cz'
671 1105 838 1140 videbitur,
862 1112 926 1133 eum
950 1111 1017 1132 cum

137 1162 193 1194 quo
202 1157 324 1193 agetur,
341 1148 544 1186 condemnari,
561 1148 637 1178 tami
647 1146 792 1188 judicium
811 1146 891 1176 dabo.
917 1143 1015 1182 Siser-

138 1203 197 1224 vus
210 1192 346 1233 insciente
361 1191 472 1222 domino
480 1188 581 1230 feczffe
593 1189 724 1227 dicetur,
741 1188 773 1218 in
784 1187 895 1228 judicio
912 1185 1014 1226 adjici-

138 1245 206 1274 am,
230 1240 284 1266 aut
299 1242 408 1265 noxam
424 1233 529 1263 dedere.
555 1229 709 1271 Ulpianus
725 1229 743 1260 l.
767 1237 792 1260 1.
811 1228 840 1270 §.
862 1236 886 1259 1.
912 1227 1014 1258 lauda-

139 1285 228 1308 turus
256 1284 349 1307 more
367 1274 422 1305 suo
448 1272 614 1310 Edictum,
641 1270 778 1308 summa,
800 1269 922 1309 inquit,
945 1277 1017 1299 curn

137 1316 277 1350 utilitate
290 1316 321 1348 id
340 1315 515 1347 Praetorem
532 1312 681 1351 edixisse,
699 1320 795 1343 nemo
812 1311 877 1349 est,
894 1310 947 1351 qui
964 1319 1018 1341 ne-

137 1367 212 1401 get:
230 1358 261 1390 &
276 1357 446 1399 praefatur,
464 1355 592 1397 publice
609 1355 686 1385 utile
707 1353 788 1392 effe,
804 1353 867 1383 fine
885 1359 973 1383 metu
989 1351 1019 1382 &

137 1400 284 1441 periculo
302 1409 359 1440 per
371 1399 483 1430 itinera
499 1396 682 1428 commeari.
706 1394 778 1436 Ego
794 1395 927 1431 addam,
943 1392 1019 1424 fuis-

138 1441 251 1473 se-hoc
268 1451 309 1472 eo
327 1441 425 1481 magis
443 1438 670 1470 necessarium:
688 1437 777 1476 quod
791 1436 882 1477 plebs
901 1434 1018 1466 Roma-

137 1492 179 1516 na
201 1491 315 1524 magna
338 1491 379 1513 ex
401 1489 490 1521 parte
509 1478 671 1510 habitabat
695 1479 727 1509 in
750 1477 945 1509 coenaculis:
969 1475 1022 1517 (id

139 1524 205 1564 est3
227 1523 258 1555 in
275 1522 487 1563 superioribus
510 1521 625 1552 aedium
647 1520 746 1558 locis;
769 1528 842 1551 nam
860 1528 896 1549 ea
913 1527 1020 1550 coena-

138 1567 210 1598 cula
226 1566 443 1605 appellantur,
461 1562 619 1594 &aedibus
628 1570 666 1592 ac
682 1560 831 1592 domibus
848 1569 1018 1601 opponun-

138 1616 206 1639 tur:
231 1615 264 1637 ut
285 1605 406 1637 ostendi
425 1605 472 1635 lib.
491 1613 515 1635 1.
536 1603 581 1634 De
596 1601 753 1646 usufrustu
769 1612 794 1633 c.
816 1602 884 1643 13.)
909 1611 949 1633 ex
972 1601 1019 1633 his

137 1658 238 1690 porro
261 1647 436 1679 coenaculis
460 1645 532 1685 quia
555 1645 692 1685 plurima
708 1644 740 1675 in
756 1645 838 1675 viam
858 1643 1020 1684 publicam

138 1690 369 1730 dejiciebantur
393 1688 423 1719 δί
448 1686 711 1718 effundebantur:
735 1685 790 1716 vix
814 1692 942 1725 poterat
956 1685 1020 1716 line

135 1731 301 1773 periculo,
327 1738 388 1771 qua
405 1729 501 1770 vulgo
518 1729 577 1759 iter
595 1736 680 1766 erat,
697 1725 829 1759 transiri.
853 1726 885 1758 id
903 1736 953 1758 res
972 1727 1019 1758 lo-

138 1773 264 1814 quitur3
282 1773 311 1804 &
328 1770 477 1803 observat
495 1770 659 1806 ⁴luvenalis
676 1769 741 1801 Sat.
760 1779 791 1810 3.
808 1769 878 1808 ‘vers
895 1773 965 1803 268.
982 1767 1019 1802 {5⁰

129 1815 210 1858 seqq.
233 1813 399 1851 intererit,
423 1810 534 1843 vidiffe
552 1811 671 1843 locum.
697 1811 763 1851 ejiis
781 1810 876 1841 verba
892 1810 970 1841 sunt.

183 1855 411 1899 Quodspcziium
427 1853 509 1884 testis
522 1853 708 1891 sublimibus,
732 1853 809 1883 unde
825 1853 967 1882 cerebrum

179 1896 263 1938 Testa
276 1898 365 1935 ferit,
388 1897 498 1937 quoties
513 1894 615 1933 rimosa
633 1893 670 1928 ὅ)
686 1900 772 1925 curta
781 1891 919 1933 fenestris

182 1939 265 1980 Vasti
283 1940 392 1970 cadum
405 1961 414 1975 ,
438 1943 584 1978 quamtum
597 1934 723 1976 percuffo
739 1937 863 1975 pondere
873 1933 992 1976 signent

179 1981 224 2014 Er
239 1981 342 2012 laedaizt
354 1978 474 2018 filicem.
493 1977 577 2019 poffis
595 1981 722 2018 ignavus
738 1978 852 2014 baberi,

182 2023 226 2056 Et
233 2024 328 2062 subiti
343 2022 426 2059 cultis
441 2020 638 2060 improvidus,
660 2019 697 2049 ad
713 2016 859 2056 coenamfi

181 2061 415 2102 Intestatus·eas.
439 2063 505 2093 adeo
525 2067 565 2092 tor
576 2061 665 2100 fata,
691 2066 760 2100 quot
778 2060 830 2090 illa

182 2105 280 2140 Notie
292 2110 396 2145 patent
412 2103 535 2145 vigiles,
560 2109 586 2132 ze
599 2107 808 2143 praetereunte,
825 2098 972 2141 fenestrae.

186 2147 270 2189 Ergo
289 2153 381 2187 optes,
406 2152 561 2186 votumque
570 2144 653 2183 feras
668 2143 823 2183 miserabile
842 2149 955 2180 tecum,

190 2189 236 2220 Ut
248 2187 312 2227 sz
325 2193 466 2219 contentae
480 2185 600 2227 patulas
616 2185 772 2223 defundere
785 2183 901 2225 pelveis.

141 2231 243 2272 Igitur
260 2232 382 2261 bonurn
407 2227 526 2259 fac'tum
549 2226 715 2258 Praetoris:
740 2226 804 2257 hoc
830 2224 947 2256 Edicto
963 2223 1022 2255 viis

141 2283 201 2313 per
217 2281 294 2313 quas
311 2271 410 2312 vulgo
426 2270 486 2300 iter
502 2268 556 2307 fit,
580 2269 781 2308 procurantis
801 2267 1022 2303 securitatem,

141 2313 307 2354 propofita
330 2314 361 2344 in
383 2311 503 2343 saelum
527 2310 671 2348 actione,
695 2318 768 2341 cum
793 2308 931 2345 diretta,
955 2315 1023 2338 tum

141 2355 269 2394 noxali,
295 2353 442 2386 adversus
465 2352 720 2384 inhabitantem:
742 2351 796 2392 qui
819 2348 934 2390 utipse
957 2357 1023 2380 non

145 2396 331 2437 deliquerit,
348 2404 453 2427 tamen
465 2394 547 2433 quasi
558 2392 722 2434 deliquiffe
732 2392 940 2424 credebatur:
958 2400 1023 2421 non

145 2438 362 2479 prospiciens,
387 2446 448 2468 nec
464 2445 600 2473 cavens,
624 2442 659 2465 ut
675 2434 848 2475 oportebat
864 2434 882 2464 l.
899 2436 927 2463 6.
968 2456 974 2462 .
992 2442 1021 2463 2.

145 2478 189 2511 D.
207 2480 234 2510 b.
252 2486 271 2510 t.
296 2489 336 2510 ne
364 2489 403 2510 ex
423 2479 476 2509 suo
493 2477 663 2509 coenaculo
681 2486 698 2507 a
718 2476 821 2508 libero
839 2482 893 2506 aut
912 2473 1022 2511 servo,

148 2520 357 2560 dejiceretur,
381 2527 435 2551 aut
457 2518 696 2552 effunderetur,
719 2527 785 2558 quo
803 2517 870 2548 aliis
889 2517 1021 2547 nocere·

148 2568 210 2594 tur.
229 2570 324 2601 quare
335 2561 379 2593 est
396 2560 559 2592 haeoactio
570 2562 600 2591 in
611 2559 731 2591 factum
741 2559 771 2590 in
782 2558 948 2600 personam
958 2564 1024 2587 non

149 2603 280 2645 proprie
298 2612 337 2633 ex
360 2602 517 2633 maleficio
529 2626 540 2641 ,
563 2601 617 2633 sed
633 2600 718 2642 quasi
732 2610 772 2631 ex
787 2599 964 2631 maleficio:
990 2604 1025 2628 ut

150 2643 353 2676 observatum
371 2653 387 2674 a
405 2643 488 2683 Gajo
503 2644 520 2675 l.
538 2654 567 2683 5.
585 2643 614 2684 §.
634 2653 664 2683 5.
682 2642 724 2673 D.
743 2643 776 2672 de
792 2641 875 2682 obli‘g.
896 2640 932 2675 ὅ)
947 2639 1003 2671 [τᾶ.

189 2684 288 2718 Nunc
310 2685 438 2724 quando
462 2686 570 2716 locum
590 2685 708 2715 habeat
726 2683 778 2715 illa
793 2683 895 2720 actio,
920 2681 1027 2713 videa-

150 2737 232 2760 muS.
247 2727 347 2766 prima
357 2725 420 2756 huc
436 2725 671 2757 ducuntEdic'ti
682 2725 796 2758 verba:
818 2723 905 2755 Unde
916 2725 949 2755 in
962 2732 1028 2753 eum

152 2770 243 2801 locum
258 2777 312 2809 quo
328 2767 411 2807 volgo
427 2768 482 2796 iter
493 2766 564 2806 fiet,
580 2767 627 2798 vel
642 2770 737 2808 inquo
755 2764 939 2805 consilietur,
955 2765 1028 2805 deje-

153 2811 231 2842 &um
241 2809 287 2840 ‘vel
305 2808 428 2850 effusum
442 2808 588 2851 quid-erit.
613 2808 693 2840 Haec
707 2809 805 2839 verba
820 2808 890 2840 stmt
901 2814 1030 2847 genera-

154 2852 214 2885 lia:
231 2854 291 2883 ne'c
304 2857 424 2880 tantum
439 2849 478 2879 ad
496 2849 641 2881 civitates
658 2850 687 2880 ὅ(
699 2850 808 2888 vicos,
828 2848 968 2880 sed&ad
986 2848 1031 2877 vi·

154 2903 208 2932 as,
225 2902 283 2934 per
299 2900 377 2932 quas
393 2890 490 2931 vulgo
501 2889 561 2920 iter
572 2888 626 2927 fit,
641 2891 815 2930 pertinent.
833 2891 850 2922 l.
867 2894 896 2921 6.
918 2889 958 2920 D.
975 2889 1032 2920 lm.

153 2936 247 2969 Parvi
265 2941 396 2975 quoque
413 2929 560 2963 interess'e
573 2931 687 2969 debet,
704 2940 807 2963 utrum
825 2930 970 2973 publicus
988 2931 1034 2961 lo-

157 2986 213 3009 eus
229 2975 283 3013 fit,
300 2985 336 3005 an
357 2973 515 3014 privatus:
539 2971 714 3003 dummodo
730 2982 787 3012 per
805 2983 878 3005 eum
894 2973 994 3014 vulgo
1010 2972 1034 3002 i-

157 3026 208 3050 ter
224 3017 290 3048 fiat.
306 3015 377 3056 quia
391 3014 452 3046 iter
466 3013 659 3045 facientibus
674 3013 880 3054 prospicitur,
896 3024 962 3046 non
978 3022 1035 3055 pu·

156 3060 250 3091 blicis
266 3058 324 3089 viis
341 3057 493 3089 studetur.
508 3054 630 3095 semper
648 3055 734 3085 enim
751 3064 787 3085 ea
802 3056 874 3086 loca
892 3065 948 3095 per
964 3064 1034 3096 quae

157 3101 328 3140 vulgoiter
338 3099 419 3130 solet
435 3097 522 3137 fieri,
541 3096 685 3128 eamdem
701 3095 900 3128 securitatem
917 3097 1035 3128 habere

160 3141 293 3175 debent.
318 3142 409 3171 Unde
420 3140 450 3171 ez
466 3138 665 3178 fialiquando
681 3137 792 3176 vulgus
808 3137 839 3167 in
856 3146 892 3167 ea
910 3138 958 3167 via
969 3147 1035 3170 non

162 3181 386 3218 commeabat,
405 3181 435 3212 ὅ(
452 3190 529 3213 tunc
547 3178 703 3220 dejec'tu'm
719 3176 795 3218 quid
812 3177 864 3208 vel
882 3176 1033 3217 effusum,

159 3233 235 3258 eum
249 3222 354 3255 adbuc
363 3222 565 3255 secretaloca
579 3220 698 3260 client,
714 3219 814 3253 modo
829 3218 932 3260 coepit
946 3227 1033 3252 com-

1060 686 1178 726 meari,
1203 696 1268 718 non
1286 688 1384 720 debet·
1401 688 1466 720 hoc
1481 688 1598 721 Edicto
1615 687 1714 720 teneri
1731 687 1758 718 ci.
1775 686 1793 717 l.
1814 696 1841 718 1.
1860 685 1879 728 §
1907 693 1934 719 2.

1061 728 1103 778 Q.
1115 730 1147 774 ⁷b.
1164 734 1186 760 t.
1217 727 1339 761 Eadem
1361 730 1485 762 ratione
1511 730 1620 762 Labeo
1636 730 1654 760 l.
1671 733 1699 760 6.
1715 728 1744 769 §.
1766 736 1789 759 1.
1806 729 1936 761 demum

1061 769 1178 801 Edicto
1189 770 1298 801 locum
1316 771 1410 802 dabat
1421 794 1430 809 ,
1445 771 1466 803 fi
1482 771 1620 803 interdiu
1630 771 1787 810 dejectum
1798 769 1852 808 sit,
1871 776 1937 802 non

1061 812 1175 844 noete:
1194 812 1361 850 nimirum,
1381 811 1452 852 quia
1468 811 1613 845 homines
1632 810 1830 843 honestiores
1846 811 1875 842 in
1893 812 1937 842 ci-

1061 853 1215 884 vitatibus
1235 853 1265 884 &
1283 854 1364 885 vicis
1381 864 1446 885 non
1463 854 1566 885 solent
1584 855 1624 886 de
1642 853 1738 884 noCte
1755 858 1939 884 commeare

1059 895 1091 926 in
1109 895 1166 925 viis
1186 893 1337 934 publicis:
1361 895 1525 936 magisque
1547 895 1578 926 id
1596 895 1639 926 est
1657 893 1763 925 furum
1779 894 1809 925 ὃ(
1827 893 1940 934 graffa-

1060 944 1187 975 torum3
1202 937 1255 976 qui
1265 935 1422 968 Petronio
1433 937 1555 977 Satyric.
1565 946 1589 968 c.
1603 946 1648 977 15.
1659 935 1694 970 ὅ)
1704 945 1728 965 c.
1739 940 1785 969 82.
1806 935 1939 975 aliisque

1059 978 1182 1009 idcirco
1198 978 1294 1009 etiam
1311 977 1448 1009 nobbmni
1462 978 1679 1018 appellantur:
1695 984 1729 1007 ut
1744 976 1788 1007 ibi
1807 984 1940 1017 apparet

1058 1018 1089 1050 in
1102 1018 1199 1050 Notis
1210 1019 1559 1057 editionisBurmanni,
1578 1019 1643 1050 Viri
1661 1016 1846 1056 Clarissimi,
1864 1017 1941 1050 Cora
1995 1046 1997 1050 ,

1057 1061 1138 1102 legae
1151 1060 1181 1092 &
1194 1060 1297 1093 Amici
1314 1061 1387 1093 mei.
1414 1060 1476 1092 Sed
1493 1061 1532 1092 ad
1550 1060 1758 1097 Labeonem,
1776 1059 1837 1099 (eo
1854 1059 1939 1091 enim

1058 1102 1179 1142 redeo)
1195 1102 1304 1142 adjicit
1319 1103 1345 1134 ei.
1363 1102 1390 1144 ᾗ.
1408 1113 1436 1134 2.
1456 1102 1589 1141 Paulus,
1605 1101 1635 1133 in
1656 1101 1843 1142 quibusdam
1861 1101 1940 1132 locis

1060 1144 1089 1174 ἀ
1106 1143 1274 1175 ῃοξὶυίῑει·
1289 1142 1367 1176 fieri.
1383 1144 1484 1184 Igitur
1495 1144 1525 1176 in
1537 1143 1584 1175 his
1595 1151 1726 1183 quoque
1743 1142 1852 1174 locisfi
1865 1143 1940 1182 quid

1057 1185 1094 1217 s1t
1103 1185 1198 1217 nostu
1206 1185 1363 1225 dejectum
1371 1185 1628 1224 effulhmve‚h0c
1637 1183 1752 1215 Editio
1761 1186 1941 1216 coercetur.

1105 1228 1159 1258 Ait
1174 1226 1270 1268 igitur
1284 1227 1426 1260 Praetor:
1447 1227 1534 1258 Unde
1551 1229 1582 1258 z'n
1599 1235 1663 1257 etim
1681 1226 1773 1257 locum
1787 1235 1841 1266 quo
1857 1226 1940 1267 volgo

1061 1269 1116 1299 iter
1126 1267 1198 1308 fiet,
1215 1268 1261 1299 vel
1274 1270 1306 1300 in
1322 1278 1376 1310 quo
1392 1267 1580 1309 confistetur‚
1597 1266 1737 1308 dejebium
1753 1268 1799 1298 vei
1817 1266 1941 1308 effusum

1061 1312 1132 1352 quid
1142 1312 1204 1342 erit.
1228 1308 1273 1341 Et
1287 1318 1437 1351 apparet,
1450 1319 1522 1342 eum
1535 1311 1621 1350 loqui
1640 1310 1680 1340 de
1696 1308 1815 1340 aedibus
1832 1309 1860 1340 <St
1877 1318 1944 1341 coe-

1063 1352 1192 1383 naculis.
1215 1360 1288 1383 nam
1305 1352 1460 1393 proponit
1476 1351 1635 1384 actionem
1653 1349 1801 1381 adversus
1820 1349 1944 1381 inhabi-

1061 1400 1193 1425 tantem.
1211 1392 1256 1425 est
1271 1401 1378 1425 autem
1396 1393 1587 1424 inhabitatio
1597 1392 1728 1432 proprie
1745 1391 1859 1423 aedium
1875 1391 1894 1422 l.
1915 1401 1940 1423 1.

1063 1435 1091 1476 §.
1110 1445 1139 1474 4.
1155 1435 1182 1469 b.
1198 1439 1219 1465 t.
1244 1435 1382 1475 proinde
1397 1434 1417 1466 fi
1435 1435 1474 1466 de
1494 1442 1576 1466 nave
1593 1434 1630 1465 fit
1646 1432 1821 1473 dejectum:
1847 1435 1887 1464 de
1905 1442 1943 1464 ea

1064 1485 1129 1507 non
1142 1475 1234 1507 senfit
1251 1476 1382 1508 Praetor.
1407 1474 1570 1508 Uttamen
1587 1474 1628 1507 nil
1645 1474 1774 1506 interest
1791 1475 1942 1506 damnum

1064 1518 1157 1556 palii,
1179 1526 1285 1549 utrum
1303 1518 1343 1548 de
1359 1518 1480 1549 aedibus
1496 1515 1732 1553 coenaeulisve,
1751 1524 1789 1546 an
1807 1516 1846 1546 de
1862 1523 1943 1553 nave

1063 1559 1099 1591 sit
1109 1559 1266 1605 deJec'tum
1278 1558 1471 1591 effusumve:
1486 1559 1530 1590 ita
1542 1558 1563 1590 fi
1574 1559 1614 1590 de
1628 1566 1709 1588 nave
1721 1556 1877 1595 dejectum
1890 1556 1943 1594 fit,
1967 1593 1969 1595 ι

1064 1601 1094 1632 &
1111 1608 1274 1632 nocitum:
1299 1609 1365 1632 non
1390 1600 1446 1631 abs
1463 1610 1497 1631 re
1515 1599 1633 1638 fuerit,
1656 1600 1687 1629 in
1705 1607 1778 1629 eum
1796 1598 1848 1638 qui
1871 1598 1945 1629 navi

1062 1640 1252 1683 praepofitus
1276 1640 1332 1681 sit,
1358 1643 1470 1673 utilem
1493 1641 1653 1673 actionem
1677 1639 1743 1671 dari
1759 1661 1770 1678 ,
1794 1637 1877 1680 quasi
1903 1644 1944 1672 ex

1062 1692 1173 1714 niente
1189 1682 1338 1714 Praetoris
1357 1685 1385 1715 d.
1406 1683 1424 1714 l.
1441 1687 1469 1714 6.
1488 1682 1516 1725 §.
1532 1693 1562 1724 3.
1580 1683 1607 1713 b.
1623 1686 1642 1713 t.

1103 1724 1206 1756 Porro
1218 1724 1371 1765 Dejeftum
1380 1724 1542 1766 effzisumve
1551 1733 1623 1755 cum
1637 1722 1679 1754 ait
1694 1722 1833 1761 Praetor,
1849 1728 1945 1754 manu

1063 1767 1222 1807 dejectum
1239 1774 1292 1798 aut
1309 1765 1441 1798 effulum
1462 1765 1626 1807 fignificat.
1650 1763 1701 1796 sed
1719 1763 1875 1805 Ulpianus
1887 1764 1906 1794 l.
1918 1771 1945 1795 1.

1063 1808 1091 1850 §.
1102 1819 1130 1849 3.
1142 1809 1199 1840 h.t.
1218 1809 1287 1848 plus
1303 1816 1413 1849 putat,
1430 1808 1526 1839 etiam
1537 1831 1546 1846 ,
1562 1807 1583 1838 fi
1600 1806 1676 1846 quid
1688 1815 1761 1837 cum
1777 1805 1946 1845 suspende-

1064 1859 1170 1886 retur.
1195 1850 1334 1888 decidit,
1353 1851 1451 1890 magis
1471 1849 1628 1889 dejectum
1648 1848 1768 1879 videri:
1793 1847 1945 1885 idemque·

1066 1890 1147 1929 effe,
1164 1890 1184 1922 si
1196 1890 1372 1931 suspensum
1384 1890 1524 1929 decidit3
1542 1900 1611 1921 narn
1625 1890 1655 1921 dc
1675 1889 1737 1920 hoc
1747 1898 1805 1929 pro
1819 1888 1945 1927 trejecto

1065 1933 1185 1963 haberi.
1210 1933 1345 1972 proinde
1371 1934 1432 1972 ait,
1458 1933 1486 1964 δι
1506 1933 1526 1963 fi
1545 1932 1623 1972 quid
1650 1932 1792 1971 pendens
1811 1929 1945 1961 effusum

1064 1973 1120 2012 sit,
1136 1975 1281 2013 quamvis
1298 1984 1393 2006 nemo
1407 1974 1471 2005 hoc
1487 1972 1656 2010 effuderit,
1672 1971 1818 2002 Edittum
1835 1971 1944 2002 locum

1064 2015 1201 2054 habere,
1225 2015 1314 2046 sorte
1333 2017 1406 2047 data
1421 2016 1545 2046 actione
1563 2015 1630 2045 utili
1647 2023 1687 2044 ex
1706 2011 1805 2043 Edzssi
1824 2020 1944 2043 mente.

1108 2055 1207 2095 Dixi,
1231 2058 1359 2097 quando
1379 2058 1472 2088 detur
1495 2066 1512 2087 a
1529 2056 1668 2087 praetore
1685 2054 1778 2085 attio.
1804 2052 1946 2094 sequitur

1066 2099 1104 2130 ad
1120 2099 1196 2137 quid
1206 2099 1307 2130 detur.
1329 2100 1371 2130 ait
1381 2099 1521 2131 Praetor:
1539 2098 1576 2129 In
1593 2097 1714 2137 duplum
1726 2095 1873 2136 judicium
1892 2096 1944 2126 du-

1065 2142 1105 2171 bo.
1129 2139 1272 2181 Duplum
1288 2141 1400 2181 accipe
1417 2139 1522 2171 damni
1539 2138 1614 2170 dati.
1630 2138 1660 2169 &
1675 2137 1822 2168 observat
1834 2135 1945 2176 Ulpia-

1064 2191 1143 2220 nuS‚
1158 2182 1246 2222 quod
1264 2191 1328 2213 non
1339 2182 1487 2222 adjicitur
1501 2181 1603 2221 culpae
1622 2181 1746 2211 mentio
1758 2179 1808 2210 vel
1825 2177 1946 2209 infic'ia⁶

1066 2223 1163 2254 tionis
1175 2246 1184 2262 ,
1201 2231 1235 2254 ut
1251 2223 1281 2254 in
1300 2224 1432 2264 duplum
1448 2224 1540 2255 detur
1558 2221 1661 2260 actio,
1679 2221 1822 2261 quamvis
1839 2220 1945 2251 damni

1067 2264 1206 2304 iniuriae,
1230 2265 1262 2296 id
1278 2264 1342 2303 est,
1367 2264 1464 2305 Legis
1489 2264 1623 2305 Aquiliae
1649 2270 1820 2301 uti-umque
1838 2260 1945 2302 exigat

1066 2307 1086 2337 l.
1107 2316 1132 2338 1.
1171 2315 1224 2346 .4.
1246 2305 1284 2337 D.
1304 2307 1330 2337 h.
1351 2312 1372 2338 t.
1400 2306 1568 2347 Competit
1591 2305 1688 2345 igitur
1712 2304 1782 2334 haec
1804 2302 1886 2334 actio
1912 2303 1946 2334 in

1067 2348 1199 2387 duplum
1221 2347 1409 2379 indistincte.

1110 2389 1172 2420 Sed
1189 2389 1265 2421 cui?
1288 2388 1353 2421 fine
1369 2389 1468 2421 dubio
1484 2389 1532 2427 ei,
1548 2387 1636 2427 cujus
1652 2385 1790 2424 interfit,
1807 2385 1861 2417 fibi
1879 2394 1945 2416 non

1067 2430 1128 2462 csse
1144 2431 1292 2462 damnum
1309 2431 1427 2463 datum.
1449 2439 1486 2462 an
1504 2430 1533 2461 ὅ(
1550 2429 1720 2460 heredibus
1731 2427 1748 2459 ‘2
1778 2428 1821 2458 ait
1838 2427 1946 2467 Ulpia-

1066 2482 1123 2504 nus
1140 2472 1158 2503 l.
1173 2483 1202 2510 5.
1221 2471 1249 2513 §.
1267 2482 1296 2511 5.
1316 2473 1346 2503 ἃ
1364 2472 1467 2503 recte:
1493 2471 1564 2512 quia
1589 2469 1759 2501 defunetus
1780 2472 1837 2510 per
1852 2468 1946 2499 here-

1067 2515 1139 2545 dem
1158 2514 1399 2553 repraelentatu·r
1413 2514 1444 2544 in
1460 2521 1494 2544 re
1511 2512 1643 2552 privata.

1107 2554 1237 2594 Restat,
1261 2553 1407 2586 adversus
1431 2562 1527 2594 quem
1549 2552 1620 2583 haec
1633 2552 1726 2584 detur
1743 2550 1835 2582 attio.
1859 2550 1889 2582 δε
1904 2551 1948 2582 ait

1067 2597 1209 2634 Praetor,
1227 2597 1373 2637 judicium
1396 2596 1467 2627 dabo
1490 2596 1521 2626 i'n
1545 2604 1608 2625 eum
1623 2595 1674 2635 qui
1690 2594 1730 2624 ibi
1747 2593 1945 2631 habitaverit,

1067 2639 1099 2670 id
1115 2637 1180 2670 est:
1195 2637 1250 2678 (ut
1266 2636 1419 2676 Ulpianus
1435 2638 1664 2677 interpretatur
1681 2635 1706 2665 d.
1726 2634 1745 2664 l.
1760 2643 1784 2665 1.
1801 2634 1828 2675 ἓ.
1848 2634 1897 2674 4.)
1914 2635 1947 2665 in

1070 2689 1142 2711 eum
1159 2681 1212 2719 qui
1224 2678 1402 2716 inhabitat,
1419 2687 1491 2709 cum
1508 2676 1582 2718 quid
1600 2677 1808 2716 dejiceretur,
1832 2676 1884 2707 vel
1902 2675 1949 2706 ef-

1069 2721 1279 2759 funderetur3
1295 2719 1406 2751 nonin
1422 2720 1589 2751 dominum
1599 2718 1724 2749 aedium.
1739 2717 1768 2748 &
1779 2717 1948 2757 praefatur,

1072 2763 1198 2803 culpam
1214 2760 1277 2792 effe
1293 2764 1391 2801 penes
1409 2769 1481 2792 eum
1493 2784 1501 2797 ,
1523 2760 1555 2791 id
1571 2760 1634 2798 est,
1658 2768 1756 2799 penes
1772 2758 1949 2790 inhabitan-

1073 2808 1149 2836 tem.
1173 2802 1329 2835 Habitare
1346 2810 1453 2834 autem
1469 2801 1623 2843 Ulpianus
1642 2802 1668 2832 ci.
1685 2801 1704 2831 l.
1724 2810 1749 2831 1.
1764 2800 1793 2841 §.
1811 2809 1839 2836 9.
1857 2799 1950 2831 inter-

1074 2851 1217 2885 pretatur
1232 2844 1284 2875 vel
1298 2842 1330 2875 in
1348 2843 1403 2875 suo
1420 2844 1472 2875 vel
1487 2844 1518 2875 in
1541 2842 1704 2875 conducto
1729 2843 1781 2873 vel
1799 2842 1950 2882 gratuito.

1074 2886 1129 2919 De
1139 2885 1268 2927 hospite
1277 2894 1358 2917 vero
1370 2885 1411 2917 sic
1427 2885 1498 2917 infit
1514 2887 1541 2916 d.
1552 2884 1579 2926 §.
1590 2894 1620 2922 9.
1639 2884 1759 2924 hospes
1776 2884 1868 2923 plane
1886 2891 1952 2914 non

1076 2928 1247 2960 tenebitur.
1272 2928 1355 2959 clara
1366 2928 1510 2965 ratione,
1526 2928 1674 2967 quianon
1685 2926 1728 2956 ibi
1743 2923 1884 2962 habitat,
1900 2923 1953 2954 sed

1076 2969 1229 3010 tantisper
1242 2967 1432 3009 hospitatur.
1450 2969 1527 3009 quid
1538 2967 1659 3009 igitur?
1676 2966 1701 2997 is
1714 2967 1767 3006 qui
1779 2965 1953 3003 hospitium

1077 3011 1221 3049 dederit,
1247 3011 1417 3042 tenebitur.
1441 3011 1577 3042 multum
1602 3017 1709 3040 autem
1726 3006 1854 3038 interest
1871 3007 1953 3036 inter

1077 3052 1291 3085 habitatorem
1309 3052 1339 3083 ἀ
1356 3051 1538 3094 hospitem:
1556 3058 1708 3092 quantum
1724 3045 1854 3079 interest
1870 3047 1954 3077 inter

1077 3094 1276 3127 domicilium
1291 3093 1506 3126 habentem&
1521 3091 1789 3135 peregrinantem.
1813 3086 1866 3118 Sic
1882 3085 1953 3118 fere

1077 3135 1235 3178 Ulpianus
1252 3137 1278 3168 d.
1288 3135 1339 3167 lot.
1350 3136 1434 3167 addo
1452 3134 1587 3172 Cicero,
1603 3128 1799 3172 Deseneeute
1815 3135 1877 3170 cap.
1895 3129 1952 3160 ult.

1078 3177 1201 3210 Verba:
1225 3177 1426 3209 commorandi
1442 3182 1553 3207 natura
1569 3173 1756 3212 c'lz'veijfhrz'am
1772 3171 1869 3206 nohis,
1894 3178 1952 3201 non

1074 3219 1226 3254 habitandi
1236 3220 1329 3252 dedit.
1359 3218 1510 3252 Similiter
1525 3219 1654 3249 domum
1669 3213 1697 3246 δι
1715 3210 1952 3284 ὴοερὶῑὶιιῐῃῆῗῃῐ-
