2052 3487
481 63 797 99 Pnommmuit
847 61 976 109 Jums
1026 59 1202 96 C1V1txs
1254 59 1344 97 LIB.
1391 59 1465 97 IV.

83 153 231 197 commiffae
254 155 339 187 caedes
363 152 479 195 difficile
501 153 751 190 determinantur,
775 158 876 183 atrurn
897 161 946 183 vo-

82 199 219 230 lurztarice
237 219 246 235 ‚
268 206 308 228 an
332 204 433 227 contra
446 196 583 234 ponenclce
597 193 670 231 fiat.
717 194 836 233 Optima
853 194 948 234 igitur

83 238 121 274 ὅ)
144 237 440 279 verzffimasententia
458 233 514 276 esi,
538 242 676 277 utrasque
691 234 831 276 imagines
855 235 946 276 appel-

81 281 160 320 lare,
183 289 284 321 easque
299 278 427 319 seorsum
444 278 487 308 ita
502 274 690 318 distinguere,
715 283 749 306 ut
765 277 856 307 altera
883 285 946 306 con-

72 323 174 363 sulto,
198 322 289 353 altera
313 318 469 359 inconsulto
493 319 630 349 committi
656 319 781 348 dicatur.
825 317 947 359 Majora

81 373 149 394 vero
165 362 310 403 supplicia
324 360 381 391 illis
401 361 478 390 decet
493 361 652 400 imponere,
675 360 726 400 qui
749 358 873 396 consulto
895 365 948 398 per

79 405 155 437 iram
176 404 400 444 interfecerim&
423 401 480 432 illis
499 407 617 440 contra,
639 402 690 442 qui
705 406 817 441 repente
843 399 879 434 ὅ)
900 401 946 431 in-

1815 64 1863 107 69

990 148 1135 188 consulto,
1158 148 1278 182 leviora.
1323 149 1456 190 Nempe,
1481 149 1557 191 quod
1572 150 1712 194 graviori
1734 151 1807 183 malo
1817 151 1860 190 fi·

989 191 1054 223 mile
1068 215 1078 232 ‚
1101 192 1244 232 asperius,
1268 193 1343 233 quod
1365 201 1433 223 vero
1458 192 1575 231 leviori,
1612 193 1713 224 mitius
1736 195 1862 233 punien-

990 234 1068 264 tium.
1095 232 1145 264 Ita
1165 238 1240 263 certe
1262 230 1367 274 nostris
1383 233 1408 263 le
1430 234 1492 264 ibus
1506 235 1652 274 agendum
1673 232 1722 275 esi.
1749 233 1863 276 Expo-

990 274 1034 305 sui
1053 283 1173 313 meam,
1186 273 1274 306 fimul
1294 275 1395 316 Ampli
1437 275 1477 307 mi
1496 275 1699 315 Viri,Ulrici
1713 274 1860 316 Huberi,

989 315 1199 347 sententiam:
1222 316 1299 348 illud
1332 316 1487 357 superest,
1512 323 1547 348 ut
1570 326 1627 358 per
1653 325 1685 349 te
1712 317 1860 357 aessimes,

989 357 1089 389 utrius
1107 356 1261 389 sententia
1271 358 1398 399 longius
1415 357 1517 390 abfita
1527 359 1575 390 via
1585 358 1859 391 rationis&The-

990 399 1113 438 midos,
1139 408 1229 438 mea,
1255 408 1294 431 an
1311 400 1406 432 illius.

788 519 1006 555 CAPUT
1056 517 1141 554 IX.

285 626 439 674 Ulpianus
455 626 632 661 emendatus
662 624 725 661 Tit.
746 635 777 660 1.
806 624 980 660 Collationis
998 621 1118 669 Legum
1137 620 1351 669 Mosaicarum
1368 620 1410 662 δέ’
1427 623 1651 664 Romanarum.

146 732 251 765 estitui
279 731 481 773 Rescriptum
506 730 582 763 Divi
602 730 752 763 Hadriani
778 731 866 771 quod
893 741 947 763 ex-

106 806 110 808 ,
165 775 223 806 stat
245 774 328 814 apud
357 774 554 804 Marcianum
579 773 598 804 l.
631 783 656 805 1.
675 772 702 814 §-
725 784 755 814 3.
779 773 818 803 1).
844 773 893 804 Aa'
909 774 946 803 le-

75 826 142 859 gem
161 816 322 847 Corneliam
345 816 378 845 de
386 814 504 852 ficariis
525 814 561 849 &³
583 814 729 853 veneficis.
770 813 945 855 Experiar,

80 859 155 898 quid
182 859 212 888 in
243 855 382 897 Ulp1ano
401 856 530 897 poffim:
552 858 635 896 apud
661 863 756 896 quem
781 857 864 887 idem
883 856 945 888 Ha-

76 899 174 930 driani
197 897 416 939 Rescriptum,
434 897 484 929 sed
503 898 702 937 corruptius,
719 898 874 937 proditur.
889 907 942 928 ex-

77 942 181 979 periar
198 947 305 971 autem
328 949 369 971 eo
392 939 571 977 lubentius,
595 948 659 979 quo
681 939 791 978 Justius
810 948 941 979 operam

77 991 179 1014 meam
201 981 331 1013 viciffim
350 981 451 1022 exigit
468 981 520 1021 qui
544 981 575 1011 in
593 979 749 1011 Marciani
770 979 939 1020 dispuncti-

78 1032 141 1054 one
166 1023 243 1054 mihi
274 1031 332 1062 per
355 1022 385 1053 se
411 1023 538 1063 egregie
561 1020 673 1052 adfuit.
710 1020 772 1052 Sed
802 1030 939 1062 primum

76 1063 205 1105 Ulpiani
223 1064 319 1095 verba
335 1063 518 1094 adscribam.
562 1063 607 1093 Ea
628 1063 659 1094 in
680 1061 737 1093 Tit.
765 1072 789 1093 1.
810 1062 942 1093 Collatia·

75 1107 123 1136 rtis
142 1106 254 1147 Legum
271 1104 469 1146 Mosaicarum
487 1103 524 1139 ξ»)9
542 1104 741 1135 Romanarum
759 1103 863 1135 forma
883 1104 942 1134 hac

79 1146 161 1177 sunt.

115 1186 341 1224 Distinflionem
368 1187 451 1226 casus
482 1185 519 1219 &3⁹
543 1186 704 1216 voluntatis
728 1186 760 1216 iu
791 1185 940 1216 homicidio

127 1231 269 1270 servari,
292 1228 424 1267 rescripto
446 1226 597 1257 Hadriani
619 1226 818 1266 confirmatur.
844 1226 942 1258 Verba

133 1271 269 1309 rescripti.
293 1269 335 1300 Et
350 1270 400 1309 qui
415 1269 555 1299 horizirzeiii
579 1269 702 1306 occidit,
726 1268 837 1308 ctbfiilvi
852 1268 940 1305 salet,

125 1311 237 1351 scilicet
255 1309 284 1348 fi
314 1319 371 1340 non
396 1310 539 1340 occidendi
566 1310 661 1340 auimo
678 1311 709 1339 iti
732 1307 867 1346 aclmifit:
904 1308 941 1343 ἐξ)

136 1354 187 1393 qui
209 1361 266 1382 non
289 1352 407 1388 occidit,
428 1352 477 1388 sed
502 1350 595 1381 voluit
622 1351 762 1388 occidere,
782 1358 834 1390 pro
852 1352 937 1381 bomi-

132 1394 197 1423 cida
219 1394 382 1423 damnatur.
429 1391 458 1422 E
482 1401 512 1421 re
533 1393 630 1433 itaque
655 1390 886 1432 constituendum
901 1389 940 1432 eft

130 1443 168 1465 ex
184 1443 237 1475 quo
259 1434 343 1474 ferro
361 1431 516 1474 percufflt,
540 1435 601 1473 ipsa
619 1433 773 1473 funditus.
818 1431 941 1470 Namsi

129 1475 263 1517 gladium
285 1473 437 1515 instrinxit
451 1498 460 1512 ,
481 1481 532 1505 aut
551 1475 603 1505 tela
619 1473 770 1516 per-cuffit,
795 1475 866 1516 quid
888 1476 940 1506 du-

131 1518 211 1548 bium
227 1514 266 1557 est
288 1519 361 1558 quin
385 1518 529 1547 occidendi
560 1518 654 1547 arzimo
674 1515 868 1557 percufferit?
891 1516 940 1547 Sic

133 1557 228 1592 lapide
240 1556 397 1598 percuffit,
420 1564 472 1588 aut
497 1567 652 1596 cut-cuma,
683 1563 736 1589 aut
769 1567 834 1588 cum
856 1557 940 1597 forte

133 1606 298 1632 rixaretur.
336 1601 411 1635 ferro
441 1597 595 1639 percufflt,
623 1600 676 1637 sed
707 1608 764 1630 nori
794 1600 940 1630 occidendi

134 1647 236 1672 mente.
262 1640 342 1682 Ergo
359 1641 409 1671 boc
424 1641 585 1682 exquirite,
610 1639 646 1675 {9⁹
656 1639 686 1679 fi
710 1640 847 1672 voluntas
870 1641 940 1671 occi-

132 1683 219 1713 dendi
236 1683 315 1720 fuit,
338 1690 370 1713 ut
397 1682 566 1713 homicidam
573 1682 697 1722 servum
709 1681 852 1723 supplicio
874 1691 940 1714 cum

126 1723 196 1765 jure
206 1724 303 1764 jubete
319 1722 406 1763 affici·

70 1762 170 1797 Hunc
188 1765 292 1795 locum
313 1765 422 1795 l'ertus
442 1764 586 1796 Pithoeus
602 1774 643 1806 ex
661 1763 777 1796 Fratris
795 1764 840 1797 sui
860 1774 939 1797 con-

68 1805 191 1846 jeetura
210 1806 252 1836 ita
269 1806 439 1837 emendat:
469 1805 512 1836 Ut
537 1806 682 1837 homicidii
702 1816 785 1837 reum
803 1807 938 1847 supplicio

72 1847 180 1888 marjore
199 1847 297 1888 jubete
313 1846 401 1886 affici.
447 1846 513 1887 lpse
531 1848 571 1879 de
589 1848 643 1877 suo
665 1848 762 1878 addit⁴
788 1846 833 1878 Ut
849 1848 936 1878 horni-

71 1889 165 1918 cidaaen
183 1893 296 1918 servum
319 1888 452 1928 supplicio
478 1888 594 1930 majore.
617 1888 670 1919 Sic
696 1887 847 1920 Pithoeus.
872 1888 936 1920 Sed

71 1936 220 1961 neutrum
250 1929 364 1969 probat
386 1929 510 1960 Samuel
541 1929 671 1961 Petitus.
697 1930 771 1969 quin
792 1930 817 1960 is
841 1929 889 1962 lib.
907 1939 936 1961 2.

73 1970 192 2001 observ.
216 1980 240 2001 c.
257 1974 285 2001 6.
313 1978 403 2010 putat
420 1994 429 2007 ‚
464 1970 574 2001 vitium
598 1970 660 2001 effe
684 1971 714 2001 in
741 1969 851 2008 versu,
873 1980 887 2000 e
908 1980 938 2001 re

72 2012 189 2052 itaque‚·
212 2012 243 2042 in
267 2021 372 2052 eoque
396 2010 457 2042 esse
479 2011 666 2052 legendum,
692 2020 744 2041 erae
759 2012 857 2052 itaque
873 2021 936 2042 con-

62 2050 245 2093 stituendum
261 2051 319 2093 eft,
342 2052 379 2087 &⁹
400 2062 453 2094 quo
470 2053 553 2092 ferro
575 2051 710 2093 percuffit
735 2053 841 2092 ipsam.-
858 2053 934 2092 fun-

70 2096 124 2124 dus
149 2096 188 2125 iti.
212 2103 289 2125 eram
313 2102 437 2132 autem,
465 2095 525 2125 live
551 2094 648 2124 beram
672 2094 807 2132 exponit
834 2094 933 2125 domi-

69 2143 159 2173 nam;
175 2144 243 2166 eam
261 2134 351 2176 fingit
368 2145 384 2165 a
405 2135 495 2166 servo
516 2134 569 2166 suo
590 2134 780 2175 percussam,
797 2135 827 2166 &
847 2136 933 2167 hunc

68 2177 152 2216 apud
177 2175 341 2208 Praesidem
367 2178 478 2214 caedis,
512 2177 654 2216 quamvis
678 2186 741 2208 non
763 2176 934 2217 perfeftae,

70 2225 177 2249 tamen
195 2217 360 2250 intentatae
372 2241 381 2256 ,
399 2218 565 2250 accusare:
582 2226 689 2259 itaque
706 2217 835 2249 rescribi
853 2218 934 2250 Prae-

69 2257 143 2297 fidi,
177 2259 261 2290 herae
286 2261 485 2300 probandum
515 2259 606 2299 effe,
626 2269 691 2300 quo
722 2259 934 2292 instrumento

70 2298 166 2338 ipsam
191 2300 392 2340 percufferit,
417 2301 444 2332 <Sc
464 2301 494 2332 in
513 2311 554 2332 eo
570 2299 781 2332 accusationis
799 2300 934 2334 fundum

71 2340 144 2371 effe.
188 2341 417 2382 Argumentum
453 2342 558 2373 Petito
589 2353 629 2374 ex
659 2341 815 2382 Rescripti
850 2342 930 2375 fine:

70 2390 185 2422 quem,
210 2391 245 2413 ut
264 2383 303 2414 ad
330 2383 493 2415 Praefidem
518 2383 569 2421 fit,
597 2384 639 2415 fic
663 2383 810 2416 restituit.
851 2383 932 2426 Ergo

69 2423 119 2454 boc
144 2424 305 2464 exquirito,
330 2423 367 2459 &5⁹
383 2448 391 2464 ‚
410 2423 438 2462 fi
463 2424 599 2456 voluntas
623 2426 768 2457 occidendi
786 2425 874 2466 fuit,
897 2431 931 2456 ut

69 2463 238 2496 homicidam
265 2475 328 2496 cum
348 2466 417 2507 jure
429 2466 527 2507 jubeto
546 2465 633 2506 affici.
660 2467 701 2498 Et
719 2476 784 2497 cum
796 2467 864 2513 jure
888 2467 933 2499 illi

68 2504 115 2536 est
132 2514 204 2537 cum
220 2506 308 2537 causa
329 2507 451 2548 legibus
468 2508 605 2548 cognita.
631 2507 711 2540 Haec
731 2508 877 2540 Petitus:
901 2509 932 2540 in

70 2546 181 2585 quibus
201 2546 286 2579 forte
304 2549 335 2579 id
351 2550 456 2589 placet
473 2550 547 2588 tibi,
563 2550 845 2591 exquirito,jubeto.
869 2549 933 2581 Sed

70 2587 147 2618 mihi
176 2587 366 2629 supervacua
384 2590 511 2622 videtur
527 2592 730 2623 emendatio:
755 2590 931 2631 cogitanti,

71 2627 109 2658 ab
140 2629 299 2661 Hadriano
322 2630 410 2662 forte
436 2631 623 2672 rescriptum
648 2632 710 2664 ess'e
733 2634 773 2663 ad
800 2632 931 2672 aliquod

72 2667 263 2704 Consilium:
288 2680 358 2703 nam
387 2672 417 2703 δι
442 2673 474 2704 id
495 2673 622 2706 solitum
641 2674 719 2705 fieri.
743 2671 931 2714 rescriptum

73 2706 145 2739 sane
170 2711 310 2743 Consilio
335 2713 463 2745 Baeticae
482 2715 512 2746 in
533 2715 553 2746 l.
576 2725 600 2747 1.
627 2715 669 2747 D.
689 2717 722 2746 de
743 2716 869 2753 abigeis,
893 2713 931 2748 ὅ)

73 2747 131 2779 Tic.
155 2759 188 2782 Χῐ
230 2753 395 2785 Collaiionis
420 2755 532 2797 Legum
556 2756 754 2792 Alolaicarum
771 2755 807 2790 ἐξ
824 2755 924 2787 Roma-

73 2799 180 2821 narum
193 2814 201 2829 ‚
224 2795 318 2826 etiam
337 2794 479 2827 Consilio
501 2797 617 2829 Africae
636 2798 667 2829 in
687 2797 895 2837 Inscriptione
911 2797 931 2829 l.

73 2839 123 2877 2⁶1.
149 2831 181 2862 C.
199 2833 231 2863 de
242 2839 488 2872 procuratoribus:
505 2848 610 2879 eoque
628 2838 698 2870 casu
716 2838 806 2870 scribi
818 2838 848 2869 in
865 2839 932 2879 plu-

71 2881 154 2904 rium
172 2882 302 2906 numero
320 2886 448 2917 apparet
469 2889 510 2910 ex
527 2882 554 2911 d.
581 2880 640 2911 Tit.
665 2890 710 2911 xi.
736 2880 815 2911 lllud
833 2888 932 2920 porro

71 2914 126 2953 qni
147 2914 281 2954 9¹0me
291 2939 305 2962 ⁹⁸
316 2919 402 2956 quod
413 2919 533 2952 Petitus
552 2931 611 2961 pro
627 2930 677 2952 ere
688 2921 842 2952 substituit
860 2922 931 2952 herne

68 2955 122 2985 vel
149 2965 201 2986 erae
216 2955 233 2987 ‘2
257 2955 394 2990 Primum
419 2961 502 2993 enim
522 2962 703 2994 Marcianus
727 2962 928 2995 adversatur:

70 2996 124 3036 qui
144 3005 180 3027 ea
197 2997 293 3028 verba
317 3008 330 3028 e
346 3008 377 3028 re
399 3000 482 3032 clare
501 3002 600 3035 servat
622 3004 640 3035 l.
663 3014 690 3036 1.
715 3003 743 3045 §.
763 3014 791 3045 3.
818 3003 857 3034 D.
877 3003 931 3034 Aa

68 3037 158 3078 legem
181 3037 343 3070 Corneliam
361 3041 394 3070 de
405 3039 519 3077 ficariis
538 3045 574 3078 ὅ)
594 3045 740 3084 veneficis.
784 3044 931 3084 Deinde,

68 3087 83 3108 e
106 3087 135 3109 re
160 3077 295 3120 constitui
319 3081 453 3121 perinde
477 3084 612 3124 dicitur,
635 3094 669 3117 ut
696 3096 733 3117 ex
756 3091 842 3120 caula
857 3087 886 3118 in
910 3085 931 3118 l.

68 3123 118 3153 28.
143 3119 185 3152 D.
210 3121 260 3152 Aa
280 3122 367 3164 legem
389 3123 561 3165 Aquiliam,
583 3135 619 3158 ut
641 3137 678 3159 ex
694 3127 779 3167 facio
800 3130 831 3158 in
854 3128 873 3158 l.
903 3136 929 3160 1.

65 3160 98 3202 §.
120 3171 150 3194 2.
169 3161 213 3194 D.
236 3163 269 3194 de
287 3164 346 3196 doli
366 3165 436 3197 mali
456 3168 637 3209 exceptione,

991 729 1123 761 stantiis.
1166 729 1227 762 His
1255 729 1357 770 adde,
1383 732 1470 771 quod
1487 733 1558 764 berte
1586 739 1641 765 aut
1659 733 1745 773 ser‘m'
1773 734 1858 776 apud

990 771 1190 802 Marcianum
1219 780 1326 812 neque
1343 774 1415 804 vola
1437 773 1501 813 est,
1525 783 1631 815 neque
1649 775 1851 817 vestigitnrn:

989 813 1070 843 adeo
1088 821 1194 852 neque
1213 813 1379 846 neceffitas
1396 815 1496 846 beram
1513 817 1596 856 apud
1620 815 1791 857 Ulpianum
1809 829 1858 849 re-

988 854 1149 893 ponendi3
1176 853 1206 884 ὃς
1224 854 1404 887 verosimile
1422 857 1519 896 mihi,
1542 858 1574 889 id
1591 858 1724 890 verbum
1733 862 1858 899 servum

985 903 1002 924 a
1025 894 1105 926 mala
1132 903 1227 926 manu
1252 894 1333 928 esse:
1358 896 1530 936 praesertim
1558 899 1631 940 quia
1647 910 1711 932 non
1732 902 1859 933 videtur

985 935 1024 966 ab
1048 935 1210 967 Hadriano
1238 937 1318 969 tradi
1345 938 1377 969 id
1404 940 1492 980 quod
1508 941 1673 981 proprium
1697 942 1782 974 herae
1803 943 1856 974 vel

983 976 1084 1022 servi,
1108 976 1159 1008 sed
1176 978 1265 1017 quod
1281 981 1425 1012 omnium
1442 990 1615 1014 commune
1629 983 1678 1023 jus
1695 983 1750 1015 est.
1776 983 1856 1016 Non

986 1024 1081 1058 igitur
1107 1019 1216 1059 placet
1242 1029 1308 1050 vox
1329 1020 1425 1060 herae,
1457 1032 1563 1063 neque
1587 1023 1752 1056 Hadriano
1778 1035 1858 1057 con-

986 1059 1086 1090 venit.
1109 1058 1177 1106 Jam
1196 1061 1283 1099 quod
1305 1062 1420 1094 attinet
1438 1064 1478 1095 ad
1494 1064 1568 1102 ista,
1587 1075 1624 1097 ex
1640 1067 1856 1109 quoferroper-

985 1099 1087 1140 cuffit,
1110 1105 1173 1141 ipsa
1187 1101 1354 1142 funditus,
1384 1104 1455 1143 vel,
1479 1112 1514 1136 ut
1541 1105 1664 1138 Petitus
1690 1109 1855 1149 conjecit,

986 1140 1022 1175 ἐξ
1046 1152 1099 1182 qao
1120 1141 1255 1182 percuffit
1278 1143 1389 1184 ipsum.-
1408 1145 1528 1183 fundus
1548 1148 1599 1184 id3
1631 1158 1687 1188 ea,
1713 1160 1829 1182 vereor
1844 1174 1854 1189 ‚

983 1192 1024 1213 ne
1042 1183 1177 1215 delenda
1197 1184 1274 1216 fine:
1297 1186 1369 1225 quia
1388 1185 1456 1218 haec
1475 1196 1536 1219 nec
1557 1188 1740 1222 Marcianus
1757 1201 1856 1233 agno-

982 1223 1058 1262 scit,
1084 1233 1145 1255 nec
1168 1223 1323 1258 sermonis
1346 1227 1488 1259 admittit
1519 1237 1631 1262 tenor:
1656 1232 1711 1272 qui
1742 1232 1764 1264 si
1786 1234 1856 1265 abs-

983 1275 1045 1306 que
1058 1265 1115 1312 'his
1132 1265 1193 1313 est,
1218 1267 1330 1307 plenus
1356 1277 1393 1300 ac
1408 1269 1527 1309 justus3
1550 1270 1571 1302 si
1591 1281 1626 1303 ea
1649 1273 1770 1313 adsint,
1791 1275 1856 1306 val-

984 1308 1024 1338 de
1056 1316 1268 1339 inconcinnus
1301 1318 1339 1340 ac
1371 1311 1594 1351 turbulentus,
1631 1315 1768 1346 videtur.
1814 1317 1856 1346 A·

984 1348 1047 1393 deo
1072 1348 1147 1380 mihi
1176 1348 1346 1382 verifimile
1374 1351 1430 1390 fit,
1455 1353 1524 1384 haec
1551 1363 1568 1385 a
1591 1353 1692 1386 sciolo
1716 1357 1858 1397 primum

983 1389 1255 1436 adlcripta'fuiffe
1272 1392 1312 1423 ad
1330 1394 1502 1435 marginem
1515 1418 1524 1433 ‚
1547 1395 1578 1427 &
1592 1397 1631 1427 ab
1647 1397 1710 1429 alio
1736 1398 1856 1430 deinde

984 1432 1132 1463 translata
1147 1441 1177 1463 m
1190 1441 1381 1466 contextum
1392 1458 1401 1474 ,
1417 1444 1490 1468 cum
1508 1437 1721 1478 existimaret,
1739 1439 1855 1472 Hadri-

983 1482 1044 1503 ano
1072 1473 1104 1504 id
1135 1474 1301 1514 negotium
1324 1475 1407 1515 ess'e,
1431 1479 1476 1508 uti
1502 1478 1692 1519 percussoris
1715 1484 1856 1514 animum

984 1522 1110 1546 tantum
1138 1515 1275 1561 ex-ferri
1301 1516 1351 1548 seu
1376 1517 1575 1551 instrumenti
1599 1530 1665 1560 quo
1688 1523 1859 1563 percuffit,

981 1564 1101 1600 genere
1119 1555 1337 1597 distingueret.
1362 1558 1462 1600 Quod
1482 1561 1557 1592 licet
1568 1561 1659 1593 aliter
1669 1562 1723 1602 fit,
1741 1573 1774 1595 ut
1787 1562 1857 1597 dixi

983 1600 1093 1637 lupra,
1118 1604 1223 1629 tamen
1248 1599 1453 1633 Bafilicorum
1474 1602 1669 1635 Architeffis
1687 1605 1784 1637 arrifit
1804 1606 1855 1638 lib.

981 1641 1032 1670 60.
1051 1640 1096 1670 tit.
1112 1648 1162 1680 39.
1182 1639 1212 1670 ἀ
1227 1640 1260 1671 in
1278 1640 1412 1673 Scholio
1432 1643 1470 1675 ad
1497 1645 1524 1675 d.
1543 1644 1562 1675 l.
1594 1653 1620 1676 1.
1637 1645 1666 1686 §.
1685 1656 1715 1686 3.
1731 1653 1761 1687 p.
1780 1652 1854 1684 692.

982 1680 1081 1712 etiam
1099 1679 1253 1713 Michaeh
1274 1682 1433 1715 Attaliatae
1451 1684 1569 1726 Synopfi
1592 1687 1640 1717 tit.
1659 1696 1710 1727 71·
1726 1688 1756 1719 ὅ(
1769 1688 1856 1720 Pho-

982 1721 1029 1753 tio
1044 1722 1076 1753 in
1092 1722 1292 1755 Nomocanon.
1316 1725 1362 1756 tit.
1381 1734 1410 1762 ς).
1433 1735 1458 1756 c.
1482 1731 1528 1759 16.
1546 1733 1579 1767 p.
1601 1737 1668 1769 139.
1695 1729 1724 1760 &
1742 1730 1855 1771 pleris-

981 1771 1044 1803 que
1074 1763 1141 1795 aliis
1167 1762 1255 1796 sedit.
1281 1764 1381 1806 Igitur
1404 1766 1471 1807 ipse
1496 1768 1619 1801 versum
1636 1779 1710 1802 eum
1725 1780 1739 1802 e
1761 1781 1791 1802 re
1810 1771 1854 1803 fic

981 1805 1240 1837 concinnandum
1256 1805 1383 1839 censeo.

1021 1845 1051 1877 E
1071 1855 1101 1876 re
1130 1847 1227 1887 itaque
1251 1846 1479 1887 constituendum
1500 1848 1549 1891 est.
1572 1861 1641 1884 nam
1659 1851 1689 1891 fi
1716 1853 1852 1895 gladium

1036 1884 1175 1926 strinxit.
1200 1887 1230 1919 &
1248 1888 1379 1929 reliqua.

982 1925 1069 1959 Huic
1091 1929 1130 1959 ad
1161 1929 1336 1971 marginem
1368 1940 1429 1972 pro
1451 1932 1572 1974 glossa,
1596 1942 1651 1967 aut
1682 1944 1742 1976 pro
1763 1945 1851 1978 argu-

981 1976 1094 2000 mento
1117 1969 1202 2006 loci,
1225 1970 1468 2005 adscribendum
1497 1974 1569 2006 effe.
1592 1976 1661 2015 Erz,
1684 1987 1739 2017 quo
1763 1978 1849 2017 ferro

975 2008 1135 2056 pert-uffit,⁴
1153 2011 1210 2051 ipfi)
1225 2012 1342 2052 fundat
1361 2015 1412 2054 se,
1434 2015 1506 2054 vel,
1530 2016 1771 2057 ipfiifundatur,
1795 2021 1848 2052 vel

980 2052 1055 2091 qu1d
1072 2050 1180 2083 finnle.
1223 2053 1290 2092 En,
1314 2055 1462 2096 inquam;
1486 2064 1521 2088 ut
1539 2057 1642 2089 sensus
1660 2059 1714 2091 lit:
1740 2060 1849 2100 Vide,

978 2102 1044 2132 quo
1070 2093 1157 2124 ferro
1184 2095 1351 2139 p'ercuffit,
1375 2097 1406 2129 in
1425 2107 1465 2129 eo
1491 2097 1607 2131 fundat
1623 2099 1664 2131 se.
1689 2100 1848 2142 Rescripti

977 2133 1115 2180 superest
1133 2136 1238 2167 verlus
1256 2137 1451 2178 postremus:
1466 2140 1496 2171 in
1507 2148 1573 2181 quo
1590 2150 1655 2173 vox
1673 2142 1744 2181 illa,
1761 2153 1846 2182 cuin,

979 2175 1099 2217 Siglum
1124 2176 1169 2208 est
1187 2187 1197 2216 ;
1230 2177 1260 2209 ἀ
1276 2188 1340 2209 cum
1352 2180 1420 2221 jure
1436 2190 1496 2221 pro
1514 2184 1658 2214 communi
1668 2184 1738 2225 jure
1756 2186 1848 2223 poni-

980 2225 1048 2249 tur:
1073 2226 1108 2248 ut
1143 2218 1174 2249 in
1203 2218 1257 2250 ista
1294 2227 1440 2253 veterum
1472 2221 1633 2256 Notarum
1665 2223 1846 2259 COMM.

978 2257 1129 2290 CONS.
1155 2261 1243 2300 quod
1265 2261 1309 2292 est
1335 2265 1479 2294 communi
1495 2264 1639 2303 consensu.
1663 2266 1766 2299 Porro
1784 2277 1843 2308 pro

969 2302 1092 2339 servum
1101 2301 1245 2345 supplicio
1267 2303 1384 2341 opinor
1409 2303 1611 2338 scribendum
1619 2307 1721 2348 severo
1731 2309 1847 2350 suppli-

975 2343 1027 2373 cio.
1053 2341 1178 2374 Eodem
1195 2343 1266 2375 lane
1285 2344 1373 2376 sensu
1383 2346 1517 2385 capitalis
1524 2347 1690 2390 severoeque
1695 2351 1848 2389 sententioe

973 2383 1096 2415 mentio
1124 2384 1209 2428 apud
1241 2385 1484 2419 Constantinum
1502 2388 1521 2418 l.
1548 2392 1594 2420 16.
1624 2390 1656 2421 C.
1679 2391 1713 2421 de
1732 2393 1844 2431 paenis;

973 2425 1069 2455 etiam
1083 2425 1253 2465 severitatis
1270 2427 1436 2468 judiciariae
1462 2428 1494 2460 in
1516 2428 1536 2461 l.
1563 2439 1612 2466 29.
1631 2431 1665 2463 C.
1688 2433 1741 2464 Aa
1756 2433 1846 2476 legem

976 2464 1095 2505 Juliam
1125 2467 1158 2498 de
1187 2468 1359 2505 adulteriis,·
1384 2469 1599 2509 &severitatis
1632 2472 1727 2514 legum
1758 2476 1845 2516 apud

976 2507 1178 2539 Marcianum
1193 2508 1211 2538 l.
1235 2518 1283 2541 11.
1310 2509 1353 2541 D.
1373 2511 1407 2542 de
1417 2512 1522 2552 poenis.
1564 2511 1665 2555 Igitur
1681 2514 1846 2549 huncver-

975 2546 1041 2580 sum
1070 2548 1111 2580 fic
1127 2548 1292 2591 dispungo.

1014 2589 1095 2636 Ergo
1123 2590 1173 2621 hoc
1206 2593 1368 2632 exquirite,
1406 2592 1444 2628 ὅ)
1460 2592 1490 2632 fi
1517 2595 1656 2629 voluntas
1686 2599 1836 2631 occidendi

1028 2631 1128 2703 fuzt,b
1137 2637 1171 2662 ut
1187 2632 1359 2714 hfflffldam
1367 2634 1470 2675 severo
1479 2636 1624 2678 supplicio
1642 2643 1786 2672 communi
1789 2642 1842 2683 ja-

1033 2681 1063 2702 re
1072 2682 1110 2713 yu
1130 2679 1171 2703 ete
1185 2683 1202 2704 a
1238 2677 1272 2706 ci.

974 2711 1034 2759 Cui
1053 2713 1224 2755 respondet
1240 2715 1306 2748 hoc
1331 2717 1471 2757 ejusdem
1496 2717 1650 2753 Hadriani
1674 2723 1759 2760 apud
1786 2722 1843 2756 Ul·

975 2762 1104 2794 pianum
1126 2755 1146 2787 l.
1164 2766 1195 2797 5.
1218 2755 1247 2798 §.
1274 2759 1327 2789 ult.
1356 2759 1398 2790 D.
1423 2761 1457 2790 de
1481 2762 1591 2801 paenis,
1624 2761 1662 2797 ὅ)
1688 2763 1784 2796 Titalo
1814 2774 1839 2796 1.

977 2795 1145 2828 collationis
1162 2797 1276 2840 Legum
1291 2799 1492 2841 Mqfizicarum
1511 2801 1548 2836 {5⁹
1565 2802 1766 2836 Romanarum
1802 2806 1839 2837 Jrz

975 2839 1105 2868 omnibus
1132 2840 1302 2872 criminibus
1333 2842 1480 2874 diitinfflo
1509 2844 1567 2875 hoec
1591 2845 1619 2876 P
1631 2846 1698 2877 OE
1710 2847 1749 2878 N
1758 2847 1790 2877 A
1800 2846 1846 2877 Μ’

973 2884 1028 2909 aut
1050 2878 1124 2916 JU
1131 2880 1154 2911 S
1164 2879 1227 2912 TA
1235 2882 1276 2913 M
1297 2883 1398 2924 eligere
1428 2886 1525 2923 debet,
1557 2892 1611 2917 aut
1637 2886 1702 2918 TE
1711 2887 1841 2919 MPE-

973 2919 1300 2956 RAMENTUM
1322 2926 1481 2957 admittere.
1510 2926 1574 2958 Ubi
1592 2937 1686 2967 poena
1700 2928 1776 2967 J'usta
1793 2929 1840 2961 est

973 2959 1117 3008 severum
1144 2962 1333 3005 supplicium
1357 2968 1520 3000 communi
1549 2969 1636 3009 jure:
1658 2971 1709 3000 cui
1732 2979 1836 3010 oppo-

971 3006 1055 3035 nitur
1079 3011 1367 3046 temperamentum
1392 3009 1559 3041 clementis
1583 3007 1720 3041 censurae
1751 3013 1838 3052 apud

975 3044 1154 3079 Salvianum
1176 3047 1223 3080 lib.
1259 3059 1289 3090 3.
1317 3049 1365 3081 De
1386 3052 1594 3092 gubernatione
1620 3049 1696 3089 Dei,
1729 3053 1837 3085 verbis

974 3085 1190 3125 sequentibus.
1235 3091 1302 3123 Nor
1316 3090 1475 3132 siquidem,
1498 3097 1641 3132 quantum
1657 3095 1694 3123 ad
1710 3094 1837 3127 crimina

973 3127 1070 3170 riostra
1089 3133 1236 3172 pertinet,
1267 3133 1418 3164 lethalibus
1438 3132 1581 3173 suppliciis
1609 3133 1693 3175 digni
1703 3135 1811 3175 sumus
1826 3147 1837 3168 :

660 3169 712 3202 vel
735 3178 776 3200 ex
799 3168 930 3203 circum·
964 3171 1018 3212 sed
1034 3171 1100 3211 ille,
1117 3171 1188 3213 plus
1212 3175 1407 3216 misericordiae
1423 3175 1572 3214 tribuens,
1593 3183 1680 3216 quam
1692 3177 1838 3218 severita-

1350 3215 1406 3255 13
1787 3219 1835 3257 ti,
