2036 3495
159 105 230 141 390
577 89 609 123 G
643 97 663 120 Ε
697 97 718 121 iz
754 95 774 120 A
798 93 829 117 ’Κ
861 93 882 117 D
919 92 931 116 1

207 182 287 214 Atii
314 177 459 212 adversus
482 184 518 207 ea
543 175 679 206 coierint
701 170 816 212 aliqui3
839 177 880 201 ait
896 167 1036 209 Justima·

167 233 227 256 nus
246 224 274 265 §.
296 232 342 254 12.
368 218 437 259 lnsl.
467 219 493 248 h.
514 223 535 246 t.
560 225 619 246 nec
640 214 758 251 virum,
790 220 850 243 nee
874 217 1008 241 uxorem
1024 230 1034 246 ,

165 268 229 297 'nec
247 264 389 303 nuptias,
413 268 470 291 nec
486 256 741 292 matrimonium,
757 262 826 292 ⁴nec
850 253 957 297 dotem
981 252 1034 294 do·

170 305 375 337 nationemve
393 305 522 340 propter
541 299 666 337 nuptias
691 294 831 335 intelligi.
854 301 950 334 porro
973 298 1034 335 ait,

168 353 263 377 natos
282 354 321 375 ex
349 352 388 373 eo
408 340 494 371 coitu
517 343 580 370 non
606 337 667 369 effe
690 340 720 368 in
740 336 834 376 patris
859 332 1035 375 potestate,

171 386 224 417 sed
250 386 343 420 tales,
367 388 519 421 quantum
535 380 571 410 ad
589 378 717 419 patriam
737 376 924 420 potestatem
937 397 945 412 ,
965 382 1038 413 qua-

173 428 219 459 les
239 425 305 456 sunt
327 432 407 463 quos
433 428 532 452 mater
556 418 652 461 vulgo
675 425 842 457 concepit:
876 424 945 461 nain
977 422 1038 445 nec

170 467 231 498 'hos
253 470 371 506 patrem
396 462 533 500 habere,
557 461 632 493 cum'
653 470 739 502 patei·
759 462 896 490 incertus
921 457 975 494 iit3
995 462 1040 499 at—

172 505 323 547 quoinde
339 503 459 545 spurios
477 502 637 542 appellari.
661 502 759 532 verbo
779 502 881 531 dicam
893 522 901 535 ,
913 504 1037 545 nuptias

170 546 300 592 perinde
318 544 448 582 haberi,
469 547 507 574 'ac
523 543 543 575 fi
562 552 625 574 non
648 542 745 574 ess'cnt
770 539 951 571 comi-attae.
992 545 1039 584 {it

171 596 229 619 ita:
253 587 303 618 sed
325 587 365 617 de
381 585 453 617 vitae
469 584 696 616 consuetudine
712 583 785 623 quid
804 581 945 611 dicemus
958 578 974 610 ’ἒ
998 580 1038 608 le-

168 628 356 669 parandam:
378 626 496 667 'nuptiis
518 635 534 656 a
558 624 755 656 filiafamilias
776 621 965 665 contratSlis,
983 628 1038 666 'pa-

169 677 219 701 tre
234 668 335 701 invito
353 676 405 699 aut
419 670 602 708 ignorante:
625 673 658 696 ut
677 666 757 697 infra
774 664 902 694 docebo
917 661 971 691 lul)
991 660 1039 690 li·

170 711 258 749 tulo,
283 711 334 741 D'e
350 709 483 740 divortiis
500 707 536 742 &²
551 708 687 747 repudiis.
726 706 812 738 Idem
831 711 903 746 puta
915 726 923 738 ,
940 701 959 733 si
979 710 1039 731 tur-

172 750 220 793 'pis
238 751 273 783 fit
298 749 514 785 consuetudo,
539 757 572 778 ut
596 749 626 778 in
649 747 769 778 incestu
788 745 812 776 l.
833 749 883 785 38.
906 743 933 784 §.
951 753 979 781 4.
998 740 1039 771 D.

170 792 222 824 Aa
244 793 305 833 Leg
330 791 395 832 Jul.
420 792 453 820 de
476 789 568 820 (adult.
592 788 731 827 alioquin
755 796 818 818 non
844 794 945 826 aeque.
989 783 1040 814 At-

170 833 225 874 ‘qui
247 839 311 864 non
329 832 372 863 est
397 830 629 863 matrimonium
647 852 657 867 ,
681 829 907 869 quodcumque
930 824 966 856 sit
988 824 1039 869 ad-

171 874 278 905 versus
298 873 381 913 teges
398 872 519 903 initum.
562 869 689 911 Nempe
707 879 770 901 non
789 868 833 900 est
852 867 982 908 justum:
1007 867 1038 905 1¹1

173 922 228 945 cut
244 923 303 945 nec
323 913 422 954 justus
441 914 507 949 vir,
531 921 591 943 nec
608 912 687 953 julla
703 920 806 948 uxor,
831 916 986 947 quatenus
1000 906 1041 951 ad

171 957 237 995 iura
254 955 424 995 conjugum
444 953 665 993 legitimorum.
690 951 741 982 sed
770 950 977 982 nihilominus
998 957 1039 993 iii·

168 995 283 1038 justum
302 995 415 1027 dicitur
431 993 665 1026 matrimonium
691 993 708 1023 I.
725 995 801 1023 unic.
826 989 866 1022 D.
889 989 975 1021 Unde
994 998 1042 1018 vzr

172 1036 210 1072 ὃ
224 1047 308 1070 uxor.
328 1036 408 1069 item
426 1034 553 1076 iniustus
572 1035 618 1068 vir
636 1036 664 1067 ὄι
680 1033 790 1075 injusta
809 1041 890 1064 uxor
907 1032 927 1062 l.
950 1039 994 1070 13.
1011 1029 1041 1070 ᾗ.

823 1111 1175 1150 TiTuLus

990 78 1255 115 NoonT

1311 81 1338 115 C
1369 92 1390 116 o
1424 90 1448 116 11
1485 92 1520 116 Μ.

1082 177 1108 200 1.
1131 167 1167 202 ὅ*
1187 168 1206 200 l.
1224 179 1275 214 24.
1300 169 1328 211 ᾗ.
1340 169 1398 210 fin.
1425 170 1466 202 D.
1484 170 1534 201 Ad
1553 170 1628 212 Lag.
1645 171 1712 213 Jui.
1732 173 1765 203 cie
1779 174 1870 205 adult.
1887 175 1943 215 igi*-

1077 216 1127 240 tur
1142 209 1218 253 quid
1237 220 1266 241 ni
1284 211 1376 242 duret
1394 212 1467 242 vitae
1490 212 1639 252 societas,
1663 213 1718 245 etsi
1743 214 1829 245 nullo
1851 215 1945 254 jure?

1078 250 1142 281 Sed
1162 249 1192 280 id
1213 251 1313 290 liquet
1329 262 1368 283 ex
1387 252 1450 284 hoc
1471 252 1638 285 Callisti-ati
1662 255 1684 285 l.
1702 264 1751 294 37.
1775 255 1804 296 §.
1822 258 1876 286 ult.
1903 256 1944 286 I).

1077 292 1316 338 sid-municipcil.
1341 294 1480 325 Mulieres
1497 304 1558 335 qiiae
1572 297 1603 326 in
1619 298 1833 327 matrimonium
1847 296 1873 332 (b
1897 298 1944 327 de-

1079 334 1174 362 derint
1195 342 1251 364 non
1280 334 1458 375 legitimum,
1488 345 1544 366 non
1567 337 1607 367 ihi
1635 338 1798 368 muneribus
1812 332 1945 378 simgen-

1080 375 1149 419 aar,
1170 377 1247 418 tande
1261 377 1357 406 mariti
1374 386 1470 407 earum
1482 381 1554 414 sunt
1566 400 1575 416 ‚
1592 377 1742 416 sciendum
1760 377 1875 419 (firmi
1891 388 1946 408 tm-

1080 416 1113 444 cle
1128 415 1191 453 tplae
1207 416 1368 460 ortaesum:
1389 419 1474 458 idque
1501 419 1582 449 Divi
1595 418 1711 456 fratres
1733 421 1944 459 rescripserunt.

1083 452 1159 500 Non
1185 456 1247 487 alio
1272 458 1406 489 intendit
1433 459 1582 499 Ulpianus
1613 459 1632 490 l.
1658 469 1707 499 27.
1733 460 1780 491 D.
1805 461 1834 491 h.
1857 467 1878 491 t.
1904 460 1947 491 fic

1083 495 1238 527 scribens:
1262 497 1295 543 Sfi
1309 501 1372 538 quis
1389 509 1419 529 m
1442 500 1587 531 Senatorio
1612 502 1709 531 ordine
1729 510 1817 541 ageris
1840 501 1947 532 liberti-

1081 547 1149 567 nam
1165 537 1295 567 habuerit
1313 543 1591 581 uaoreriz,qzta7›ivi5
1607 543 1721 572 interim
1735 551 1809 573 uxor
1826 541 1946 580 nonfiC,

1082 585 1209 609 attamen
1226 579 1257 608 in
1272 588 1304 608 ea
1319 582 1476 626 canditione
1496 580 1553 621 est,
1574 588 1607 614 ut
1620 582 1652 618 fi
1672 584 1796 623 amiserit
1819 585 1947 625 dignita·

1083 626 1156 656 tem,
1178 629 1255 650 uxor
1266 619 1316 660 effe
1335 622 1464 660 zncz'piat.

1123 659 1197 691 Non
1223 660 1267 691 cst
1293 660 1340 691 his
1366 667 1539 692 contentus
1564 661 1595 693 in
1619 664 1647 695 d.
1673 664 1700 705 §.
1724 673 1769 697 12.
1793 663 1865 706 Infl.
1882 665 1910 697 h.
1927 672 1952 698 t.

1083 701 1288 740 justinianus:
1328 711 1391 732 non
1416 701 1498 745 enim
1522 703 1588 733 vult
1620 711 1760 745 tantum,
1790 707 1853 748 ipso
1879 707 1950 747 jure

1084 742 1203 773 nullum
1223 741 1284 772 csse
1303 745 1556 782 matrimonium,
1579 753 1652 775 cum
1670 745 1714 776 est
1737 747 1881 779 adversus
1909 749 1951 779 le-

1083 793 1137 824 ges
1155 783 1372 816 conti-aelam:
1396 784 1445 814 sed
1463 785 1531 824 plus
1548 785 1661 823 docet,
1681 795 1736 817 eos
1754 789 1804 827 qui
1823 789 1853 820 id
1871 798 1948 820 con-

1083 825 1238 867 traxerint
1254 847 1264 862 ,
1296 826 1389 856 etiam
1421 826 1481 863 pati
1508 833 1609 857 certas
1631 835 1739 866 poenas
1762 836 1831 867 qua:
1855 829 1947 862 sacris

1083 865 1370 897 Constitutionibus
1390 866 1630 897 contineantur:
1654 876 1705 898 eas
1723 877 1799 898 vero
1815 879 1877 901 non
1893 880 1947 902 ex-

1084 908 1203 948 primit.
1226 916 1242 936 a
1258 916 1308 938 me
1326 916 1455 948 quoque
1473 907 1523 938 iiic
1541 908 1727 939 nominatim
1744 908 1812 946 edi,
1824 919 1886 940 non
1903 911 1948 943 est

1084 956 1185 988 opus:
1211 956 1283 978 cum
1306 947 1364 979 {int
1387 956 1472 979 notae
1491 949 1657 987 omnibus3
1681 958 1787 989 eoque
1811 951 1893 980 nulla
1916 961 1948 982 e-

1084 998 1178 1030 geant
1197 989 1349 1020 ulteriore
1364 997 1417 1021 aut
1434 989 1647 1030 explicatione
1662 997 1716 1022 aut
1740 992 1950 1023 enumeratio-

1084 1039 1133 1061 ne.

1233 1103 1291 1148 iii.

908 1190 957 1224 De
976 1189 1048 1235 jure
1075 1189 1201 1225 dotimm

176 1276 362 1362 fIWtul‘u's
387 1277 462 1323 hie,
484 1273 531 1315 De
542 1284 611 1325 jure
627 1282 753 1318 dotium,
775 1274 889 1311 Titulo
918 1278 961 1309 De
985 1278 1045 1324 rit-u

287 1328 457 1366 nuptiarum
473 1325 656 1365 subjicitur:
679 1323 771 1362 quia,
795 1330 829 1352 ut
855 1321 907 1351 sub
933 1329 972 1350 eo
999 1322 1042 1349 di-

178 1367 282 1406 811111,
313 1369 396 1399 inter
419 1365 552 1398 effectus
577 1364 756 1405 nuptiarum
782 1371 849 1402 quae
874 1361 1043 1406 conti-actae

175 1408 236 1440 fini:
259 1409 429 1440 secundum
455 1408 561 1448 legum
586 1413 762 1449 praecepta‚
787 1412 880 1450 etiarn
905 1404 953 1433 hic
980 1402 1042 1447 est3

176 1458 213 1481 ut
229 1450 288 1481 dos
304 1447 520 1486 convalescat,
552 1447 615 1478 five
639 1444 804 1485 promiffa,
836 1446 898 1475 live
921 1443 1043 1475 tradita.

177 1490 307 1531 Spectat
333 1493 437 1520 autern
464 1488 526 1519 hoc
549 1486 681 1518 verbum
711 1485 867 1516 interdum
894 1486 931 1515 ad
956 1493 1043 1522 rem3

175 1531 334 1563 interdum
352 1531 391 1560 ad
407 1529 528 1570 negotii
548 1527 735 1569 gestionem.
759 1527 807 1558 Ad
823 1536 886 1569 rem
907 1525 1043 1566 spcGat3

176 1581 251 1603 cum
268 1573 326 1602 dos
344 1571 458 1602 dicitur
477 1569 541 1601 dari
551 1576 604 1600 aut
622 1567 749 1600 restitui.
766 1577 806 1598 co
820 1566 906 1598 sensu
925 1567 1042 1604 Varro,

176 1614 226 1645 zib.
241 1623 270 1652 4.
295 1612 342 1643 De
366 1608 455 1652 Ling.
482 1610 596 1646 Latina
618 1619 698 1641 num.
720 1613 772 1649 36.
797 1607 865 1639 Dos
889 1607 966 1645 erit,
998 1608 1042 1638 in-

176 1653 245 1694 quit
259 1676 268 1691 ,
293 1653 447 1693 pecunia,
472 1651 492 1684 fi
511 1653 692 1691 nuptiarum
708 1649 797 1681 causa
812 1651 907 1682 data..
923 1649 972 1680 Ad
990 1658 1043 1680 ne·

175 1695 256 1738 'gotii
272 1694 449 1735 gestionem
468 1693 605 1724 refertur
620 1693 694 1723 dos:
720 1699 792 1722 cum
809 1691 873 1730 ejus
891 1689 1045 1728 formam,

176 1736 330 1771 modum,
355 1735 420 1766 vim
437 1741 533 1774 atque
549 1732 699 1765 effectum
716 1732 902 1772 quaerimus:
926 1731 957 1762 id
981 1730 1045 1769 est,

174 1784 213 1809 ut
231 1776 284 1808 hic
306 1773 438 1807 Titulus
459 1776 520 1813 ait,
555 1775 601 1814 jus
625 1774 720 1805 dotis.
745 1771 786 1804 fic
809 1781 886 1804 vero
904 1773 962 1803 dos
979 1771 1045 1810 est,

175 1817 310 1851 donatio
325 1817 470 1858 quaedam
487 1815 626 1848 mulieris
642 1815 769 1846 nornine
784 1814 816 1846 in
833 1814 933 1845 virum
948 1813 1045 1844 colla·

172 1866 207 1891 ta
223 1859 262 1890 ad
279 1858 476 1890 sustentanda
493 1856 685 1889 matrimonii
703 1864 813 1887 onera.
844 1853 967 1886 Dotem
983 1853 1046 1885 effe

174 1901 406 1937 donationem,
428 1900 483 1931 vix
507 1898 642 1930 dubitari
665 1893 786 1938 potest:
808 1905 848 1928 eo
872 1897 959 1935 quod
985 1904 1045 1926 ma-

175 1941 360 1974 trimonium
379 1940 484 1983 potest
501 1939 563 1971 effe
582 1939 645 1971 line
662 1939 739 1969 dote
760 1937 779 1969 l.
798 1947 846 1969 22.
872 1937 904 1968 C.
926 1938 959 1968 de
974 1943 1046 1977 nup-

175 1984 237 2015 aiis.
260 1983 376 2015 deinde
391 1982 501 2013 auctor
518 1980 562 2012 est
580 1978 766 2020 Justinianus
780 1976 869 2009 Lult.
889 1978 919 2009 C.
944 1980 978 2008 de
999 1979 1048 2017 diij·

178 2027 290 2058 natiim.
314 2024 375 2055 ant.
401 2026 485 2063 nupt.
509 2023 619 2055 dotem
643 2019 869 2052 donationibus
886 2028 902 2050 a
926 2019 1049 2054 Veteri<

178 2068 239 2100 bu's
264 2064 473 2098 annumerari.
526 2060 626 2104 Igitur
658 2062 715 2094 dos
741 2060 785 2092 est
810 2062 960 2098 donatio,
996 2060 1049 2091 sed

180 2108 341 2149 quaedam:
364 2107 396 2137 id
414 2104 479 2143 est,
502 2113 564 2135 non
582 2113 666 2135 mera
691 2103 720 2135 &
738 2101 875 2142 propria.
899 2111 969 2133 nam
995 2101 1049 2132 sub

181 2151 369 2182 conditione
386 2145 441 2185 fit,
465 2146 559 2177 etiam
582 2145 634 2176 sub
651 2143 840 2175 conditione
863 2142 1049 2180 resolvitur,

182 2193 255 2232 quia
274 2192 366 2222 datur
381 2195 513 2228 propter
529 2186 783 2222 matrimonium3
804 2193 841 2216 ac
856 2183 920 2215 fine
936 2194 976 2215 eo
987 2184 1051 2215 nul-

183 2234 213 2265 la
229 2232 273 2264 est
290 2233 309 2263 l.
328 2241 356 2272 3.
380 2229 414 2268 D.
434 2229 461 2259 h.
480 2230 501 2259 t.
525 2228 543 2258 l.
563 2228 616 2258 ult.
635 2226 667 2257 C.
685 2228 717 2258 de
732 2228 796 2257 don.
813 2232 873 2256 ant.
896 2232 977 2265 nupt.
1002 2227 1052 2255 da-

183 2281 234 2305 tur
257 2274 349 2315 igitur
367 2270 421 2302 sub
444 2268 652 2305 conditione,
675 2266 696 2299 fi
720 2267 839 2306 nuptiae
862 2265 1028 2305 sequantur
1043 2288 1053 2304 ,

187 2315 218 2345 &
239 2323 273 2345 ut
291 2313 385 2345 finitis
404 2311 451 2342 his
471 2309 667 2342 restituatur:
690 2307 817 2339 interim
834 2315 939 2338 autem
964 2309 1050 2338 mari·

185 2363 238 2387 tus
260 2355 374 2385 habeat
395 2352 515 2384 fruCtus
543 2355 603 2390 pro
632 2348 835 2380 sustentandis
862 2347 1052 2379 matrimonii

187 2397 336 2428 oneribus
369 2394 429 2425 hac
451 2392 571 2424 ratione
587 2391 704 2422 dicitur
720 2389 902 2421 contraeas
918 2389 947 2420 in
963 2390 981 2420 l.
1002 2400 1051 2430 23.

187 2437 232 2470 D.
246 2438 277 2467 de
291 2436 394 2476 regulis
406 2435 495 2476 juris.
506 2433 523 2464 l.
538 2442 561 2464 ι,
573 2433 602 2474 §.
612 2434 641 2463 6.
656 2431 697 2471 D.
716 2433 749 2462 cie
758 2429 911 2471 constituta
921 2438 1021 2471 pet-zan.
1033 2431 1053 2462 l.

188 2482 229 2519 65
259 2477 299 2507 D.
321 2479 352 2507 de
364 2477 488 2515 judiciis.
512 2475 542 2506 ἃ
558 2482 594 2505 ut
609 2473 750 2504 cohaeret
776 2473 1001 2509 matrimonio,
1024 2481 1042 2502 e

186 2521 297 2561 jusque
321 2517 471 2547 oneribus
494 2515 589 2546 servit
611 2516 629 2545 1.
649 2518 698 2546 21.
721 2516 741 2545 l.
756 2516 807 2554 56.
829 2513 859 2554 §.
883 2522 908 2544 1.
930 2513 970 2545 D.
986 2513 1015 2544 h.
1033 2518 1055 2544 t.

188 2562 209 2592 t.
228 2563 276 2591 16.
295 2557 334 2588 D.
353 2559 384 2587 de
402 2555 535 2597 castrensi
546 2556 665 2597 peculio.
687 2555 730 2586 ita
755 2555 916 2586 Martiano
940 2554 1054 2595 Capel-

189 2602 228 2634 lae
252 2601 300 2630 lib.
328 2607 356 2634 9.
383 2597 429 2627 De
451 2603 533 2638 nupt.
559 2597 662 2629 Philol.
681 2601 750 2636 pag.
773 2600 845 2636 3'04.
878 2596 1056 2635 repensatrix

191 2641 378 2683 appellatur.
421 2636 657 2679 Tryphonino,
680 2638 734 2668 niti
751 2636 938 2668 matrimonii
956 2637 1058 2667 oneri-

188 2685 250 2716 bus
265 2681 397 2712 serviat.
420 2679 501 2709 nulia
521 2678 564 2710 est
580 2679 598 2710 l.
618 2678 668 2718 56.
694 2679 740 2709 D.
757 2679 784 2709 h.
802 2684 823 2708 t.
847 2676 989 2717 respectu
1007 2685 1057 2708 au-

191 2732 259 2757 tern
276 2721 368 2761 Legis
385 2718 469 2758 Juliae
486 2719 515 2749 ὅ(
535 2719 635 2760 Papiae
653 2719 784 2758 Cujacio
802 2719 849 2749 lib.
868 2729 905 2759 25
937 2719 1058 2754 Ohlbrv'.

190 2775 216 2798 c.
239 2775 287 2803 25.
310 2762 406 2801 magis
430 2760 554 2803 videtui·
578 2760 753 2800 emptioni,
778 2769 870 2799 quam
896 2758 992 2791 caulis
1014 2759 1057 2790 lu-

191 2803 319 2839 crativis
335 2826 344 2840 ,
377 2808 548 2839 comparari
576 2801 595 2830 1,
631 2811 674 2838 19·
711 2800 751 2831 D.
775 2804 808 2831 cie
830 2802 912 2843 ohlig.
938 2799 975 2835 ὃ)
1002 2798 1059 2831 (πᾶ.

189 2847 356 2882 Postremo
376 2841 479 2873 addidi
504 2840 532 2870 iri
547 2840 754 2884 definitione,
779 2843 866 2882 quod
884 2844 943 2873 dos
965 2843 996 2872 in
1014 2841 1058 2871 vi·

190 2898 260 2923 rum
281 2884 446 2917 confertur
461 2890 569 2912 uxoris
586 2884 723 2913 nomine.
747 2892 883 2923 nempe,
905 2883 977 2922 quia
994 2891 1059 2914 non

191 2937 315 2963 tanturn
342 2926 380 2956 ab
405 2933 462 2961 ea,
485 2922 536 2953 scd
560 2922 598 2951 ab
622 2923 685 2966 ejus
702 2932 828 2964 quoque
854 2923 1060 2964 parentibus,

193 2973 224 3004 ἃ
246 2966 410 3007 quibusvis
427 2964 511 3000 aliis,
534 2961 745 2994 constituitur.

238 3011 315 3043 Eam
332 3011 440 3039 dotem
461 3004 614 3043 Ulpianus
632 3004 663 3034 in
682 3001 791 3044 Fragm.
809 3007 853 3036 tit.
870 3010 899 3037 6.
911 3005 989 3038 facit
1004 3006 1059 3037 du·

193 3053 326 3094 plion-m:
358 3049 406 3079 vel
436 3044 650 3086 profectitiam
675 3044 726 3074 vel
751 3046 964 3088 adventitiam.
989 3056 1061 3087 pro.

195 3093 346 3126 fefiztiam
366 3095 461 3119 vocat
478 3095 569 3127 quani
589 3093 677 3126 pater
694 3085 830 3116 mulieris
853 3088 950 3118 dedit.
974 3088 1061 3119 addit

197 3134 227 3167 in
248 3135 265 3163 l.
289 3143 316 3172 5.
340 3130 379 3160 D.
397 3131 454 3162 h.t
496 3127 557 3159 ess'e
578 3128 684 3158 dotem
714 3125 925 3164 profectitiam
951 3138 1020 3168 quae
1043 3137 1060 3159 a

196 3180 285 3216 patre
300 3172 351 3205 vel
367 3177 497 3212 parente
513 3167 660 3210 profecta
674 3166 719 3200 est
734 3166 774 3199 de
796 3167 888 3199 bouis
905 3168 955 3200 vel
973 3168 1058 3201 fauo

1088 1276 1164 1319 ejus.
1188 1287 1246 1309 nec
1264 1277 1305 1309 sic
1315 1278 1412 1318 pleno
1428 1279 1530 1312 sensu:
1552 1279 1605 1313 nisi
1622 1289 1661 1311 ex
1677 1280 1707 1322 §.
1727 1288 1752 1311 1.
1775 1281 1804 1311 d.
1821 1276 1841 1312 t.
1854 1272 1883 1313 ὁ.
1907 1278 1951 1313 inb

1088 1320 1215 1360 telleflu
1246 1320 1442 1358 suppleatur:
1477 1321 1543 1354 Dos
1569 1321 1751 1362 profettitia
1774 1321 1819 1353 est
1840 1331 1910 1361 quae
1933 1330 1951 1353 a

1087 1370 1176 1401 patre
1194 1361 1243 1392 vcl
1262 1370 1392 1400 parente
1409 1362 1503 1393 virilis
1530 1363 1618 1393 sexus
1634 1371 1689 1403 per
1706 1363 1826 1393 virilem
1844 1364 1953 1395 sexum

1087 1403 1277 1443 cognatione
1292 1402 1400 1441 jtincio
1417 1403 1559 1442 profesta
1578 1403 1622 1434 est
1639 1403 1780 1435 debonis
1795 1405 1847 1436 vel
1865 1403 1952 1435 factd

1086 1443 1161 1483 ejus.
1187 1445 1272 1482 quod
1306 1445 1387 1474 bene
1411 1444 1535 1475 notavit
1562 1443 1708 1484 Cujacius
1740 1445 1778 1475 ad
1801 1446 1829 1475 d.
1853 1447 1898 1476 iit.
1919 1448 1951 1477 6.-

1085 1484 1207 1515 Sufficit
1224 1485 1317 1524 igitur
1335 1485 1465 1522 dotem,
1489 1491 1523 1515 ut
1540 1484 1721 1524 proiectitia
1736 1484 1792 1523 fit,
1810 1485 1870 1516 effe
1883 1495 1954 1527 pro·

1086 1521 1202 1556 sectam
1228 1534 1244 1555 a
1262 1534 1349 1565 patre
1373 1533 1427 1555 aut
1450 1534 1512 1555 avo
1529 1533 1674 1565 paterno.
1699 1535 1759 1556 nec
1778 1525 1895 1565 refert3
1919 1536 1954 1558 u-

1087 1574 1167 1597 trum
1186 1565 1247 1596 filia
1271 1565 1306 1596 fit
1329 1565 1358 1596 in
1383 1565 1566 1605 potestate,-
1596 1575 1634 1597 an
1655 1566 1864 1606 emancipata.
1888 1567 1955 1600 non

1087 1609 1172 1638 enim
1189 1607 1236 1647 jus
1253 1606 1438 1647 potestatis,
1462 1607 1513 1638 sed
1531 1606 1670 1647 parentis
1688 1616 1823 1645 nomen,
1844 1609 1956 1641 dotem

1086 1646 1444 1689 prostdidamfacere,
1469 1647 1553 1680 idem
1576 1647 1687 1679 definit
1713 1647 1866 1688 Ulpianus
1888 1650 1915 1680 d.
1932 1651 1955 1681 l.

1086 1700 1116 1729 5.
1140 1689 1169 1730 §.
1191 1698 1241 1720 11.
1255 1690 1345 1720 aliter
1360 1697 1456 1729 atque
1473 1691 1504 1720 in
1525 1690 1653 1729 peculio
1671 1689 1867 1722 observatur.
1883 1700 1956 1723 nam

1089 1731 1153 1761 hoc
1177 1729 1239 1761 fine
1263 1731 1362 1771 patria
1387 1731 1544 1771 potestate
1575 1731 1695 1762 nullum
1719 1731 1775 1762 est:
1809 1740 1882 1763 cum
1904 1732 1957 1764 illa

1088 1771 1182 1802 etiam
1200 1772 1261 1802 sine
1279 1771 1378 1812 patria
1394 1771 1553 1812 potestate
1570 1771 1771 1813 intelligatur.-
1794 1770 1875 1804 lllud
1891 1782 1957 1806 non

1088 1812 1202 1844 sufficit
1218 1812 1560 1853 Ulpianomrofectam
1582 1812 1643 1845 esse
1659 1822 1676 1845 a
1693 1821 1801 1854 patre:
1823 1814 1957 1854 amplius

1088 1854 1174 1891 vult,
1198 1854 1237 1885 de
1255 1854 1345 1889 bonis
1369 1855 1419 1886 vel
1443 1854 1531 1886 fatto
1555 1855 1619 1895 ejus
1643 1854 1821 1894 proceffiffe
1843 1855 1907 1886 (1.1.
1948 1879 1958 1887 .

1087 1894 1131 1940 D.
1155 1895 1184 1926 h.
1204 1901 1224 1926 t.
1265 1895 1405 1928 Primum
1421 1903 1553 1937 oportet
1581 1899 1709 1934 dotem,-
1733 1904 1766 1926 ut
1790 1895 1827 1927 fit
1850 1865 1958 1938 pros{a

1090 1932 1175 1967 &titia
1190 1959 1200 1975 ,
1223 1946 1240 1968 a
1258 1944 1347 1977 patre
1366 1936 1428 1968 effe
1451 1937 1554 1969 datam
1572 1938 1612 1969 de
1635 1937 1728 1969 bonis
1745 1937 1820 1977 eius.
1843 1947 1914 1970 nam
1936 1937 1960 1970 fi

1090 1978 1218 2008 aliunde
1249 1977 1389 2017 dederit,
1423 1987 1515 2019 quam
1538 1979 1578 2010 de
1602 1977 1659 2010 suis
1687 1978 1799 2017 bonis,
1823 1988 1887 2010 non
1912 1978 1959 2010 est

1091 2017 1292 2058 profestum,
1307 2017 1369 2054 ¹sed
1384 2018 1567 2050 adventitia.
1591 2018 1665 2051 fac:
1690 2026 1781 2059 pater
1803 2019 1848 2051 est
1865 2019 1959 2051 heres

1091 2059 1269 2099 institutus,
1292 2060 1457 2091 substituto
1474 2060 1543 2092 filiae
1561 2061 1685 2092 marito.
1708 2066 1796 2100 pater
1812 2061 1959 2101 repudiat

1093 2101 1302 2133 hereditatem
1320 2101 1373 2132 fibi
1391 2101 1545 2139 delatam,
1569 2111 1603 2132 ut
1621 2102 1727 2133 veniat
1749 2102 1787 2132 ad
1811 2104 1959 2134 maritum

1093 2139 1182 2179 filiae,
1206 2144 1289 2173 dotis
1312 2141 1537 2174 constituendae
1554 2142 1652 2174 causa.
1676 2151 1741 2173 tion
1758 2141 1803 2173 est
1820 2143 1878 2175 dos
1888 2152 1960 2183 pro-

1093 2182 1232 2214 fethna:
1255 2184 1326 2222 quia
1344 2183 1421 2216 nihil
1446 2185 1592 2223 erogavit
1623 2185 1662 2215 de
1686 2183 1740 2214 suo
1767 2192 1874 2223 pater,
1905 2184 1959 2216 sed

1095 2234 1167 2268 non·
1184 2224 1359 2264 adquifivit.
1382 2225 1465 2256 idern
1485 2225 1553 2263 est,
1577 2225 1596 2257 fi
1623 2224 1757 2265 legatum
1781 2224 1810 2256 in
1836 2225 1897 2256 hoc
1912 2235 1961 2256 re-

1095 2266 1253 2306 pudiavit,
1276 2274 1309 2296 ut
1324 2267 1404 2306 apud
1423 2276 1576 2306 generum
1603 2266 1753 2297 heredem
1779 2274 1957 2303 remaneat,-

1095 2307 1179 2338 dotis
1204 2307 1430 2338 constituendce
1461 2308 1560 2339 causa.
1585 2316 1656 2338 nam
1677 2315 1737 2337 nec
1760 2306 1811 2337 hic
1836 2307 1874 2337 de
1897 2306 1957 2336 suis

1094 2347 1187 2378 bonis
1203 2347 1307 2380 dedit:
1333 2349 1383 2379 {ed
1401 2358 1464 2379 non
1487 2347 1653 2388 adquisivit
1667 2349 1695 2378 d.
1710 2348 1727 2377 l.
1744 2358 1773 2385 5.
1796 2346 1822 2386 §.
1837 2357 1867 2386 5.
1909 2346 1959 2378 In-

1094 2392 1132 2420 de
1154 2397 1224 2419 nata
1241 2388 1285 2420 cst
1301 2389 1428 2428 quaestio
1444 2391 1471 2421 d.
1488 2391 1508 2422 l.
1522 2401 1551 2430 5.
1571 2390 1598 2432 §.
1617 2399 1645 2426 9.
1667 2387 1716 2419 cui
1731 2386 1840 2418 frustra
1856 2395 1959 2427 oppo-

1098 2431 1182 2461 nitur
1223 2454 1228 2459 .
1247 2439 1274 2460 2.
1297 2433 1324 2461 d.
1342 2432 1361 2461 l.

1139 2469 1183 2502 Ut
1201 2430 1301 2511 igitur
1315 2470 1495 2512 professitia
1511 2471 1569 2503 dos
1585 2469 1635 2508 fit,
1660 2476 1786 2510 oportet
1804 2468 1865 2500 effe
1880 2478 1895 2499 a
1906 2477 1960 2510 pa-

1099 2520 1146 2543 tre
1165 2514 1269 2543 datam
1287 2513 1326 2543 de
1349 2512 1440 2543 bonis
1456 2513 1537 2551 ejus:
1561 2511 1604 2542 fin
1621 2511 1743 2548 minus,
1766 2512 1805 2541 de
1829 2510 1894 2549 ejus
1911 2509 1959 2540 sa-

1098 2552 1160 2585 &o.
1202 2546 1278 2585 Hoc
1305 2562 1408 2584 autem
1432 2553 1548 2583 factum
1572 2552 1701 2592 perinde
1725 2552 1856 2592 accipe,
1879 2557 1914 2582 ut
1930 2552 1963 2583 in'
1992 2551 1998 2574 ἶ

1099 2594 1119 2625 l.
1143 2603 1188 2625 ΧΙ-
1215 2595 1254 2625 D.
1273 2596 1305 2624 de
1323 2593 1428 2634 regulis
1438 2594 1536 2634 juris,
1559 2603 1616 2633 pro
1637 2592 1858 2632 qualicumque
1875 2592 1959 2623 facto

1101 2644 1140 2666 ex
1156 2644 1220 2675 quo
1239 2634 1339 2674 potest
1357 2633 1422 2664 fieri
1441 2634 1620 2673 conjectura
1640 2633 1872 2671 voluntati53&
1892 2642 1962 2669 res,

1100 2673 1271 2706 secundum
1290 2675 1408 2715 negotii
1427 2682 1564 2706 naturam
1577 2698 1585 2712 ‚
1618 2676 1655 2705 ad
1670 2675 1764 2706 alium
1788 2673 1962 2705 transferri.

1100 2725 1198 2758 fone:
1223 2715 1303 2756 (qui
1327 2714 1371 2746 est
1394 2715 1479 2745 casus
1503 2715 1521 2746 l.
1539 2720 1567 2746 6.
1590 2715 1617 2756 ᾗ.
1641 2725 1666 2747 1.
1693 2716 1739 2746 D.
1756 2716 1783 2746 h.
1802 2716 1852 2755 ε.)
1874 2723 1964 2755 pater

1100 2767 1159 2798 pro
1182 2756 1244 2788 filia
1272 2758 1301 2788 in
1320 2757 1428 2787 dotem
1452 2757 1540 2788 dedit
1564 2756 1696 2788 fundum
1721 2757 1856 2787 alienum
1877 2757 1963 2787 bona

1100 2798 1164 2830 fide
1186 2805 1337 2838 emptum.
1362 2799 1405 2828 ait
1423 2797 1629 2839 Pomponius,
1650 2808 1665 2828 a
1682 2806 1768 2837 patre
1784 2795 1964 2837 profectum

1102 2839 1247 2880 intelligi.
1290 2836 1390 2879 Finge
1422 2839 1542 2870 rursus:
1574 2847 1659 2879 pater
1682 2839 1751 2868 tiliae
1777 2838 1907 2869 nomine
1931 2839 1964 2869 in

1102 2884 1213 2913 dotem
1236 2880 1322 2912 dedit
1351 2889 1500 2910 nummos
1523 2881 1643 2912 alienos
1658 2888 1738 2918 quos
1760 2887 1887 2911 mutuos
1910 2888 1962 2909 ac-

1101 2929 1243 2963 ceperat,
1277 2929 1331 2951 aut
1356 2922 1385 2951 in
1410 2921 1528 2952 causam
1552 2921 1663 2952 crediti
1687 2928 1860 2960 receperat.
1885 2929 1965 2950 con·

1102 2963 1231 3003 sumptis
1258 2961 1324 3000 his,
1350 2963 1457 2993 dotem
1483 2962 1694 3002 profectitiam
1720 2961 1802 2992 effici
1822 2960 1965 3001 Papinia-

1102 3013 1160 3075 nusl
1183 3011 1271 3085 putgt
1287 3003 1296 3033 l
1322 3007 1369 3038 81.
1388 3002 1429 3034 D.
1445 3005 1504 3034 eod.
1547 3002 1658 3034 Similis
1675 3001 1855 3033 observatio
1871 3000 1915 3032 est
1932 3001 1965 3032 in

1102 3047 1130 3077 d.
1163 3069 1170 3075 .
1187 3055 1215 3085 5.
1263 3053 1314 3084 ,7.

1145 3086 1326 3117 Adventitia
1349 3085 1406 3116 dos
1422 3085 1485 3123 est,
1507 3094 1524 3116 a
1547 3085 1661 3122 quovis
1683 3084 1745 3115 alio
1766 3091 1858 3122 quam
1874 3091 1890 3113 a
1912 3092 1965 3124 pa-

1102 3134 1151 3159 tre
1167 3129 1257 3164 data;
1282 3135 1316 3157 ut
1338 3127 1488 3167 Ulpianus
1506 3125 1616 3157 definit
1634 3127 1660 3157 d.
1683 3127 1718 3155 tit
1744 3128 1772 3155 6.
1796 3123 1823 3165 §.
1845 3133 1872 3164 3.
1898 3124 1964 3154 imo

1102 3169 1132 3201 δι
1148 3168 1168 3201 si
1187 3176 1277 3209 pater
1294 3168 1401 3208 dedit,
1423 3177 1490 3203 non
1511 3174 1670 3208 tamquam
1684 3172 1791 3206 pater,
1813 3165 1866 3211 sed
1889 3163 1967 3237 gde-

1857 3214 1888 3246 Ju
1913 3215 1965 3246 or,
