2036 3495
180 116 251 151 404
279 114 282 117 ·
597 103 630 138 G
663 114 681 137 iz
716 112 738 134 it
772 111 791 138 A
825 111 847 134 n
879 111 903 135 D
937 110 950 134 1

181 193 257 237 pfi't,
275 193 305 232 fi
323 195 497 225 donaturum
510 190 699 232 mihijuffero
717 190 804 220 uxori
825 197 891 219 nieae
911 188 988 218 dare.
1012 188 1056 218 ait

187 237 264 266 enim
282 236 442 275 Julianus,
464 233 573 264 nullius
589 232 640 272 effe
664 231 818 273 momenti:
839 230 954 268 perinde
980 229 1056 259 enim

189 277 366 314 habendum,
389 281 473 314 (itque
480 273 509 311 si
524 282 571 312 ego
595 279 757 312 acceptum,
784 270 851 312 [ἐξ]
882 279 942 317 rein
964 279 1054 300 meam

181 317 318 357 facium,
350 316 436 347 uxori
451 324 515 345 mece
540 313 680 354 dediffem.
757 323 798 343 uae
814 318 961 350 jententza
984 319 1055 355 veru

187 356 234 396 est.
279 357 328 388 Sic
345 357 462 387 editur:
486 355 538 386 sed
555 356 688 393 dubit03
719 364 756 385 an
789 352 930 393 praestet,
964 351 1055 382 scribi

189 395 381 435 transpositis
398 397 516 427 verbis:
541 396 624 427 Huic
634 396 782 435 senteutiae
807 395 973 434 confiquens
991 391 1054 438 ‘'ff’

188 440 262 479 quod
281 437 425 475 Julianus
442 437 513 468 tzhro
521 438 643 477 septimo
660 438 764 468 decimo
782 433 1053 476 Dig‘storumscrz-

184 478 241 518 pfit
252 478 294 514 ,si
309 479 484 509 donaturum
502 480 572 509 mibi
582 479 687 519 juffero
706 478 793 509 uxori
813 486 877 507 meze
892 475 1051 513 sturemut-

186 520 242 550 lius
258 518 308 559 effe
325 520 475 550 momenti:
498 521 540 551 ait
556 522 630 550 enim
645 519 807 559 Julianus,
817 518 932 557 perinde
948 517 1052 547 baben-

185 561 273 590 dum.
298 559 421 600 atquefi
434 569 483 600 ego
505 566 647 600 acceptam
669 559 706 593 &
729 569 785 590 rem
808 568 898 589 meam
919 556 1051 598 saetam,

185 602 273 631 uxori
293 611 358 631 meae
373 602 511 641 decliffem.
536 612 597 643 quae
619 602 757 635 sententia
778 610 848 630 verri
864 597 914 640 est.
956 597 1053 645 Nunc

185 650 256 681 qnae
271 642 498 681 consequentia
514 645 588 675 inde
610 642 686 680 fiat,
704 641 898 673 tractandum
916 639 970 672 est,
988 640 1052 670 Pri-

184 691 291 721 mum,
315 683 334 715 fi
361 684 493 715 donatio
518 685 599 716 intra
626 683 861 723 stipulationem
884 680 1046 726 consistat:

184 723 244 755 erit
261 724 312 755 liic
326 725 447 762 exitus,
474 733 507 756 ut
526 724 708 766 promiss'um
732 733 796 768 non
817 722 910 769 poffit
933 729 997 762 peti
1021 732 1052 767 a·

186 764 291 796 ctione
307 775 347 797 ex
365 766 519 805 stipulatu.
562 765 689 797 Deinde
706 766 724 796 ii
748 764 949 804 stipulatione
965 763 1051 810 deb¹1

186 815 252 837 tum
270 806 304 837 fit
320 815 456 845 accepto
476 808 591 839 latum:
615 807 708 847 poffit
725 807 857 846 perinde
880 806 1013 850 peti-,ac
1027 810 1052 836 v11

184 848 268 878 nulla
284 847 486 887 acceptilatio
505 848 721 880 interveniffet
740 858 747 878 ι
770 856 827 887 per
849 848 1052 891 traditionem

182 895 288 919 autem
305 897 427 926 veram,
451 890 502 920 vel
521 889 603 930 quafi
622 888 837 921 consummata
851 888 1030 932 ¹donati-one
1043 910 1052 923 ,

183 938 245 960 nec
268 929 394 960 traditio
420 931 535 962 valeat.
582 931 624 963 lta
651 930 806 961 veriffimc
832 937 872 959 ait
900 927 1052 967 Ulpianus

184 970 203 1001 l.
226 980 254 1011 3.
271 970 297 1011 §,
328 979 375 1002 10.
401 971 445 1002 D.
461 973 488 1002 b.
513 977 535 1003 t.
559 982 596 1003 ea
613 981 683 1012 quae
699 980 781 1002 inter
804 971 904 1014 vii-'uin
923 970 951 1000 ἃ
976 978 1054 998 uxo-

182 1021 248 1042 rein
270 1010 454 1043 donationis
477 1013 564 1044 causa
585 1021 757 1054 geruntur,
780 1012 892 1042 nullius
910 1018 1053 1041 momen-

184 1053 207 1084 ti
223 1052 285 1083 effe
301 1052 460 1094 ipsojure.
503 1053 576 1086 Nec
599 1054 747 1091 dubium,
771 1053 845 1093 quin
871 1061 919 1083 res
936 1052 1055 1097 donata

181 1103 200 1124 a
223 1095 399 1133 donatore,
423 1095 565 1127 dominio
590 1096 674 1135 apud
696 1104 769 1126 eum
794 1100 978 1125 remanente
993 1114 1004 1130 ‚
1033 1094 1053 1122 11

183 1133 305 1174 exstet,
327 1135 479 1168 vindicari
500 1137 592 1177 poffit
607 1137 624 1167 l.
644 1147 674 1177 5.
696 1136 726 1178 ὃ.
749 1140 793 1170 18-
818 1136 864 1166 D.
881 1135 936 1166 (Li
955 1141 1054 1180 usque

184 1176 284 1216 adeo,
316 1184 351 1208 ut
375 1177 483 1209 Celsus
507 1178 525 1209 l.
546 1183 596 1217 48.
614 1179 643 1209 d.
668 1183 690 1209 t.
715 1186 754 1208 ne
782 1175 901 1208 referre
924 1175 1052 1215 quidem

183 1225 297 1257 putet3
321 1225 425 1250 utrum
443 1219 548 1250 relicta
565 1219 594 1250 ei
610 1228 627 1250 a
645 1219 782 1260 conjuge
798 1218 853 1249 fint
870 1217 971 1257 legata
989 1224 1054 1246 arn-

181 1259 241 1299 pla.
284 1258 355 1291 Sic:
379 1260 397 1290 fi
416 1260 522 1292 datum
546 1259 582 1292 fit
605 1269 743 1298 corpus,
766 1259 914 1296 idemque
940 1256 1053 1304 eitstet.

183 1300 271 1340 quod
287 1300 308 1332 fi
325 1302 397 1332 data
413 1300 450 1332 fit
467 1302 619 1342 pecunia,
643 1311 683 1332 ex
705 1309 804 1341 eaque
827 1307 932 1339 empta
951 1300 986 1330 iit
1006 1307 1054 1329 res

182 1340 310 1373 mobilis
328 1350 381 1372 aut
398 1342 589 1375 immobilis:
611 1342 709 1374 Paulo
725 1342 840 1379 visum,
864 1339 999 1386 ceffalnte
1023 1348 1053 1369 a·

185 1382 293 1414 ctione
311 1382 447 1421 directa,
466 1383 594 1415 donanti
610 1384 719 1415 utilem
736 1390 923 1422 competere
940 1390 969 1412 in
987 1389 1053 1428 rem

185 1423 342 1455 astionem
364 1424 383 1455 l.
400 1435 449 1464 55.
470 1426 515 1456 l).
533 1426 560 1455 h.
583 1430 604 1455 t.
628 1425 760 1463 eiusque
786 1432 881 1454 etiam
908 1429 1054 1454 meminit

182 1464 372 1504 justinianus
395 1465 414 1495 l.
438 1467 507 1495 unic
536 1466 563 1506 §.
580 1476 610 1505 5.
634 1465 667 1495 C.
691 1466 724 1495 de
743 1466 785 1495 rei
799 1474 881 1494 uxor.
905 1463 959 1494 ιιᾶ.
984 1464 1051 1494 Sic:

184 1504 206 1537 si
227 1515 276 1536 res
292 1505 403 1536 exstet.
445 1505 543 1546 Quod
563 1505 583 1537 fi
600 1506 784 1545 consumpta
810 1505 859 1536 iit:
883 1504 925 1536 ait
946 1503 1052 1544 Ulpia-

184 1556 244 1578 nus
266 1547 293 1577 d.
320 1546 337 1577 l.
364 1556 393 1586 5.
418 1546 444 1587 ς
474 1551 519 1579 18.
541 1547 670 1578 condici
696 1547 868 1584 hactenus,
897 1554 1052 1590 quatenus

186 1588 254 1626 quis
271 1588 461 1624 locupletior
485 1587 584 1619 fastus
614 1587 669 1619 est.
714 1588 954 1630 Quapropter?
979 1596 1052 1627 quia

184 1628 245 1668 (fic
263 1637 301 1659 ex
322 1627 407 1668 Gajo
424 1628 584 1669 subjicitur
599 1629 618 1660 l.
639 1629 690 1669 6.)
713 1631 800 1669 quod
817 1638 858 1659 ex
880 1629 1052 1660 donatione

185 1679 250 1702 non
274 1668 420 1700 concess'a
445 1671 619 1710 retinetur,
642 1670 673 1702 id
696 1677 749 1701 aut
774 1668 837 1701 fine
859 1669 968 1708 causa,
999 1678 1053 1700 aut

184 1720 224 1742 ex
244 1710 353 1750 injusta
371 1709 460 1741 causa
477 1711 605 1743 retineri
625 1710 828 1753 intelligitur:
852 1710 995 1751 soletque
1012 1720 1052 1741 ex

184 1752 235 1787 his
251 1752 417 1783 condictio
434 1751 527 1783 nasci.
576 1753 724 1794 Aliquem
748 1752 939 1783 conturbet:
964 1752 1053 1790 quod

181 1800 282 1826 nemo
299 1801 364 1824 rem
382 1793 463 1824 suam
482 1793 644 1834 condicit,
668 1801 878 1836 praeterquam
899 1802 916 1824 a
939 1792 1009 1824 fure
1025 1793 1055 1835 §.

185 1844 236 1874 14.
264 1832 332 1874 lnst.
356 1835 390 1865 de
406 1833 509 1865 astion.
528 1835 547 1866 l.
564 1835 618 1867 ult.
637 1837 683 1867 l).
702 1835 874 1880 Quemadm.
891 1834 1002 1874 ususfr.
1024 1845 1054 1866 a·

183 1879 247 1908 mit.
291 1876 333 1906 At
351 1876 403 1916 qui
421 1876 628 1909 condictione
649 1877 681 1909 in
704 1876 869 1918 proposito
889 1877 1007 1914 utitur,
1029 1876 1055 1907 is

185 1926 224 1949 ea
240 1926 305 1948 non
328 1916 370 1948 fic
397 1916 480 1958 agit,
504 1925 663 1958 tamquam
688 1927 755 1949 rem
780 1916 863 1948 suam
886 1917 1055 1957 condicat,

183 1958 239 1991 sed
257 1966 416 1999 tamquam
435 1957 569 1990 alienam
587 1960 616 1990 Gt
637 1959 691 1991 fibi
715 1959 855 1990 debitam
872 1967 913 1990 ex
928 1967 1055 1990 contra·

186 2000 239 2032 du
256 2009 334 2031 vero
350 2000 401 2030 vel
423 1999 524 2039 quafi:
548 2008 583 2031 ut
599 1999 635 2032 fit
649 2002 678 2032 in
698 2000 765 2031 aliis
783 1999 812 2031 in
838 1999 1002 2040 personam
1025 2009 1055 2031 a·

186 2041 368 2079 &ionibus,
392 2042 609 2080 commodati,
634 2042 793 2083 pignoris,
817 2040 970 2081 deposta,
987 2051 1055 2073 vei·-

183 2082 216 2114 bi
232 2083 352 2123 gratia,
376 2080 488 2121 quibus
508 2092 557 2114 res
573 2083 693 2114 nostras
710 2082 925 2114 condicimus:
947 2092 1055 2124 quam-

185 2133 279 2163 quain
303 2123 334 2154 ἃ
351 2123 514 2154 vindlcare
538 2133 588 2156 eas
615 2124 771 2165 poffimus.
823 2123 988 2156 Postremo
1014 2124 1056 2157 fic

187 2165 256 2197 infit
281 2165 436 2205 Ulpianus
460 2164 479 2196 l.
502 2168 530 2195 6.
548 2166 594 2196 D.
615 2167 649 2196 de
671 2164 791 2196 concitet.
815 2167 847 2195 ob
874 2171 952 2205 turp.
975 2169 1052 2205 caus}

185 2207 325 2246 Perpetuo
344 2206 470 2236 Sabinus
482 2207 616 2246 probavit
637 2207 773 2237 Veterum
797 2207 971 2247 opinionem,
995 2209 1055 2239 exi-

181 2246 386 2288 stimantium,
409 2248 438 2277 ici
452 2248 527 2288 quod
541 2257 577 2278 ex
591 2247 702 2289 injusta
721 2249 806 2287 consu
830 2249 907 2287 apud
930 2248 1053 2289 aliquem

181 2286 242 2327 fit,
261 2287 335 2328 poffe
353 2290 472 2319 condiet.
496 2289 527 2319 iu
542 2299 601 2330 qua
611 2290 755 2326 sententia
777 2290 862 2319 etiam
886 2289 983 2327 Cels-us
1006 2289 1053 2331 est.

187 2329 284 2360 Plane
303 2329 415 2361 Paulus
432 2329 450 2360 l.
470 2334 520 2364 28.
547 2331 592 2361 D.
610 2330 638 2361 h.
657 2337 678 2360 t.
700 2331 762 2362 ait:
786 2330 819 2360 Si
833 2331 862 2360 id
877 2333 950 2371 quod
967 2333 1053 2362 (lonn-

187 2376 250 2401 tum
264 2369 304 2407 sit
318 2393 327 2409 ‚
348 2372 485 2410 perierit,
509 2371 555 2402 vel
573 2376 770 2412 consumptum
777 2369 838 2409 fit,
861 2372 922 2413 ejus
937 2373 989 2413 qui
1011 2374 1055 2404 cle·

188 2413 252 2449 dit,
274 2411 324 2451 offe
343 2413 555 2443 detrimentum.
589 2412 717 2450 Merito,
739 2414 810 2454 quia
824 2418 920 2443 monet
935 2423 977 2444 res
994 2415 1056 2455 ejus

1010 99 1273 134 Noonr
1329 102 1539 138 Comii.

1097 187 1202 227 potest
1222 188 1292 234 J'ure
1308 190 1391 223 civili
1409 191 1578 232 infirmari,
1601 193 1665 226 five
1681 194 1797 230 infesta
1821 196 1901 230 fieri.
1923 199 1965 229 εἰ·

1097 236 1164 273 ter-a
1184 237 1262 260 ratio
1277 231 1340 263 est:
1364 235 1450 274 quod
1465 234 1516 274 jus
1531 235 1626 266 civile
1642 245 1707 268 non
1727 240 1830 269 studet
1847 238 1964 271 subtili<

1098 277 1154 299 tati
1180 279 1268 301 vanae
1282 280 1377 312 atque
1395 273 1496 307 inani:
1521 283 1641 308 tantum
1659 278 1799 318 sequitur
1818 279 1964 320 simplici«

1099 317 1197 356 tatem
1222 312 1349 356 publice
1373 316 1493 348 utilem.
1516 317 1547 348 in
1574 318 1732 358 proposito
1748 328 1854 352 autern
1885 321 1962 362 quid

1097 358 1212 383 attinet
1233 353 1364 386 dicere:
1394 366 1456 388 non
1489 357 1645 398 poffioere
1672 360 1856 401 monerem
1888 372 1961 394 cum

1098 395 1246 440 maritus,
1271 396 1322 426 ubi
1340 398 1443 429 noluit
1459 399 1635 439 pofficiere,
1658 403 1802 440 protinus
1824 402 1963 435 amiserit

1097 433 1344 480 posseiiioriem.¹
1369 439 1417 482 'Ut
1433 440 1527 480 igitur
1541 442 1717 474 dominium
1740 444 1784 475 rei
1808 454 1849 476 ex
1874 443 1964 476 causa

1097 479 1279 522 donationis
1298 480 1419 509 traditae
1435 489 1560 513 maneat
1584 485 1665 523 apud
1690 485 1810 516 virum:
1835 493 1867 516 at
1890 495 1962 526 pos-

1096 514 1183 547 seflio
1207 516 1313 548 transit
1333 521 1371 550 ad
1395 529 1539 554 uxorem.
1591 525 1702 565 Quae‘?
1732 526 1879 558 naturalis
1903 526 1965 566 ipsa

1097 566 1188 596 vera,
1212 567 1317 604 eoque
1334 562 1494 598 pertinens
1513 565 1551 595 ad
1575 565 1777 598 interdictum
1804 566 1898 598 Unde
1916 570 1964 598 vi:

1095 597 1221 630 auctore
1242 598 1384 646 Ulpiano.
1397 602 1416 633 l.
1437 613 1461 634 1.
1480 604 1508 644 δ.
1526 614 1557 641 9.
1573 605 1609 639 ὃ)
1630 615 1675 639 10.
1695 610 1741 638 J).
1762 609 1813 638 De
1827 610 1861 639 vi
1876 608 1912 643 δέ)
1930 609 1964 639 vi

1095 649 1167 670 arm.
1192 649 1229 671 an
1247 641 1276 672 ἃ
1299 642 1427 673 civilis?>
1454 643 1591 684 Uipiano
1615 657 1680 679 non
1699 649 1822 681 videtui·
1845 651 1864 681 l.
1882 660 1910 690 (ς.
1933 650 1962 691 §-

1100 688 1146 711 10.
1165 681 1212 711 I).
1230 683 1256 712 l).
1274 688 1295 712 t.
1322 683 1369 713 liis
1389 684 1510 715 verbis:
1541 687 1574 717 Sz'
1596 695 1694 728 corpus
1713 689 1754 726 fit
1775 693 1850 732 quod
1872 684 1962 722 aiona-

1095 726 1164 759 tur‚
1187 731 1238 752 nec
1254 724 1372 768 traditio
1387 727 1544 770 quidquam
1563 729 1652 760 valet.
1695 731 1846 771 Ulpianus
1863 732 1964 773 loqui-

1097 769 1146 793 tur
1161 762 1202 794 de
1221 763 1406 802 posseffione
1423 769 1508 799 civili
1529 777 1588 808 qua
1606 770 1715 801 tradita
1737 773 1898 805 transferri
1918 774 1964 804 so-

1096 803 1341 849 let-dominium.
1366 806 1438 837 huic
1458 818 1534 840 vero
1551 809 1605 841 fini
1623 818 1716 851 negat
1738 811 1878 846 sufficere
1902 823 1964 846 tra-

1095 845 1270 877 ditionem:
1293 846 1448 879 Oratione
1465 859 1537 882 eum
1555 850 1637 882 inter
1656 854 1757 884 virum
1775 855 1805 885 δι
1830 864 1962 888 uxorem

1096 885 1299 924 prohibente.
1345 889 1389 920 Ita
1407 891 1572 923 manifeste
1588 892 1700 924 Paulus
1716 893 1737 924 l.
1758 899 1806 926 26.
1832 896 1878 927 D.
1897 898 1923 928 d.
1939 906 1962 928 t.

1097 935 1158 971 nec
1173 927 1230 973 alia
1247 928 1337 960 cansa
1356 931 1439 962 idem
1456 933 1474 962 l.
1498 942 1522 964 i.
1541 933 1571 974 §.
1588 944 1616 965 2.
1634 935 1682 966 D.
1700 935 1757 966 Pro
1772 938 1885 968 donato.
1911 938 1960 977 Si,

1095 976 1216 1006 inquit,
1242 970 1324 1001 inter
1343 971 1442 1003 virum
1461 973 1490 1004 ἀ
1509 983 1639 1006 uxorem
1657 976 1789 1008 donatio
1808 977 1890 1009 faeta
1906 978 1963 1017 sit,

1096 1009 1192 1040 ceffat
1210 1010 1378 1051 usucapi03
1402 1013 1456 1045 etfi
1475 1017 1588 1047 mulier
1604 1017 1754 1057 possideat
1777 1028 1843 1050 rem
1860 1029 1877 1050 a
1893 1021 1963 1051 viro

1097 1051 1247 1082 donatam
1274 1062 1315 1083 ex
1339 1053 1448 1092 juliani
1476 1055 1639 1088 sententia.
1686 1058 1783 1100 igitur
1810 1059 1964 1100 Ulpianus

1097 1090 1115 1120 l.
1138 1096 1185 1124 16.
1205 1093 1251 1124 L).
1268 1095 1301 1123 cle
1319 1096 1511 1140 ⁰51⁴]3P0ff8ff·
1536 1100 1598 1137 ait,
1622 1108 1691 1131 earn
1719 1101 1876 1140 poffidere
1901 1110 1964 1134 tan-

1098 1139 1165 1178 tum
1189 1141 1247 1173 pro
1272 1135 1456 1174 possefiore:
1480 1139 1510 1169 id
1529 1139 1597 1178 est,
1628 1142 1811 1174 naturaliter
1827 1165 1837 1181 ,
1868 1143 1897 1174 ἃ
1918 1144 1964 1174 in-

1092 1173 1190 1218 juste:
1214 1173 1402 1221 Orationem
1420 1179 1702 1214 considerantibus:
1726 1192 1786 1223 qua
1808 1183 1966 1225 huJusmo-

1098 1215 1127 1244 di
1147 1216 1279 1253 donatio
1293 1218 1323 1248 dt
1338 1219 1552 1260 improbatur,
1575 1222 1604 1254 ὅ(
1626 1224 1827 1263 prohibetur.
1857 1235 1966 1265 quani-

1096 1263 1190 1302 quain
1207 1256 1226 1288 fi
1245 1260 1282 1289 ad
1301 1259 1499 1293 voluntatem
1526 1264 1687 1295 donatoris
1710 1265 1901 1305 spectamu33
1925 1277 1966 1298 eo

1097 1299 1279 1330 vindicante
1298 1299 1391 1340 longe
1414 1302 1518 1341 abest,
1542 1313 1575 1335 ut
1599 1306 1688 1337 malae
1708 1306 1780 1338 fidei
1803 1307 1964 1348 pofl'essbri

1095 1346 1245 1379 peraeque
1262 1345 1437 1381 comparari
1453 1345 1579 1376 debeat.
1599 1356 1822 1380 annumeratur
1837 1352 1965 1381 cei-[ein

1095 1379 1114 1409 l.
1132 1389 1182 1419 45.
1203 1381 1249 1410 l).
1266 1383 1299 1412 a'e
1316 1385 1409 1419 usuris
1426 1383 1519 1416 bonae
1536 1386 1610 1417 fidei
1636 1387 1874 1427 possessoribus,
1897 1400 1962 1421 rem

1095 1421 1226 1452 alienam
1243 1422 1305 1453 fine
1320 1423 1403 1463 justo
1421 1425 1515 1457 titulo
1535 1428 1780 1468 poffidentibus3
1804 1431 1834 1461 <St
1853 1431 1965 1462 horum

1095 1463 1246 1502 exemplo
1262 1463 1382 1496 fructus
1395 1466 1465 1505 jure
1481 1466 1571 1499 fundi
1589 1469 1693 1501 nullos
1711 1470 1779 1501 suos
1795 1470 1892 1510 facit,
1909 1482 1961 1502 ne-

1095 1510 1156 1542 que
1186 1505 1360 1544 naturales,
1398 1516 1503 1546 neque
1527 1508 1738 1541 industriales:
1768 1510 1818 1542 sed
1846 1513 1879 1543 id
1901 1523 1962 1543 non

1094 1543 1292 1590 obstat,quo
1311 1547 1412 1590 minus
1429 1547 1484 1579 hos
1500 1558 1541 1579 ex
1559 1550 1723 1582 voluntate
1739 1553 1842 1583 uxoris
1860 1554 1964 1585 adhuc

1092 1594 1159 1624 jure
1181 1588 1364 1618 donationis
1390 1588 1460 1620 suos
1483 1589 1599 1622 faciat:
1630 1600 1670 1622 eo
1695 1593 1781 1631 quod
1804 1594 1964 1633 accipiens

1095 1626 1142 1657 his
1160 1627 1288 1666 quidem
1314 1627 1350 1659 fit
1375 1629 1585 1671 locupletior,
1616 1631 1669 1664 sed
1696 1636 1818 1665 donans
1840 1644 1905 1665 non
1929 1634 1965 1666 fit

1095 1668 1279 1707 pauperior:
1303 1678 1338 1700 ut
1355 1669 1443 1711 supra
1460 1670 1514 1703 sub
1529 1671 1643 1704 Titulo
1669 1675 1719 1705 De
1735 1676 1776 1705 rei
1792 1676 1964 1707 vindicatio-

1094 1718 1129 1738 ne
1148 1709 1240 1740 latius
1259 1711 1402 1750 probavi.
1446 1714 1496 1744 Ab
1509 1715 1620 1745 eadem
1639 1715 1761 1747 ratione
1779 1724 1869 1757 putat
1888 1717 1966 1749 Pau-

1097 1750 1144 1781 lus
1168 1750 1187 1780 l.
1204 1754 1261 1796 3⁶:
1274 1752 1320 1783 D.
1341 1753 1367 1783 b.
1386 1759 1408 1784 t.
1450 1754 1481 1785 Si
1507 1755 1632 1786 donatae
1655 1766 1704 1789 res
1727 1765 1836 1789 extant
1854 1780 1864 1797 ‚
1894 1758 1924 1789 δι
1948 1767 1966 1790 a

1097 1800 1211 1837 marito
1235 1793 1454 1826 vindicentur:
1475 1796 1638 1829 mulierem
1661 1797 1750 1838 posse
1772 1809 1843 1838 eas,
1865 1798 1885 1831 fi
1912 1809 1966 1831 ve-

1097 1832 1151 1870 lit,
1174 1835 1288 1865 marito
1304 1835 1454 1867 reddere:
1476 1836 1496 1869 fi
1513 1837 1613 1877 nolit,
1637 1848 1699 1870 non
1725 1841 1807 1880 cogi.
1832 1842 1861 1872 <St
1887 1849 1964 1881 prae-

1097 1872 1199 1905 fatur:
1220 1875 1291 1915 quia
1314 1875 1435 1908 causam
1454 1879 1630 1918 poffidendi
1648 1880 1790 1919 praestitlt
1815 1881 1964 1922 donati0,

1097 1915 1130 1947 id
1145 1914 1190 1946 est
1202 1938 1212 1954 ,
1236 1916 1382 1948 voluntas
1400 1919 1583 1959 donatoris;
1607 1921 1767 1961 sufficere,
1787 1922 1966 1954 aestimatio·-

1098 1965 1170 2003 nem
1186 1957 1266 2003 justo
1282 1962 1387 2003 pretio
1403 1959 1481 1992 fieri.
1504 1971 1545 1992 ne
1560 1963 1628 2001 quis
1647 1963 1753 1994 locum
1778 1963 1870 1995 faciat
1886 1965 1965 2006 juri-

1095 1999 1230 2037 jurando
1249 2008 1278 2030 in
1297 2000 1402 2033 litem:
1428 2002 1479 2033 ubi
1497 2001 1522 2033 is
1539 2003 1585 2034 est
1603 2006 1730 2043 exitus,
1754 2011 1788 2036 ut
1811 2005 1873 2045 ipsa
1896 2015 1961 2037 non

1098 2037 1152 2069 fiat
1174 2043 1362 2080 pauperior,
1386 2051 1445 2073 nec
1461 2044 1513 2074 ille
1531 2044 1734 2084 locupietior.
1759 2045 1878 2078 Praeter
1895 2047 1964 2078 lime

1099 2080 1168 2126 vult
1181 2083 1209 2111 d.
1227 2081 1247 2112 l.
1272 2081 1402 2126 Paulus,
1427 2085 1594 2124 poffidenti
1611 2085 1705 2118 etiam
1722 2087 1826 2118 caveri
1843 2088 1883 2118 de
1900 2089 1964 2119 evi-

1098 2121 1202 2152 ἐῖιοηε
1217 2122 1315 2162 fimpli
1330 2147 1339 2161 ‚
1364 2127 1470 2163 quanti
1495 2136 1531 2157 ea
1552 2136 1601 2158 res
1619 2126 1664 2158 fit.
1689 2129 1776 2168 quod
1794 2128 1823 2159 in
1841 2131 1964 2160 caeteris

1099 2162 1188 2207 malae
1203 2163 1275 2195 fidei
1293 2164 1515 2204 poss'ess'oribus
1535 2170 1728 2200 contrarium
1747 2168 1826 2209 effe,
1850 2171 1963 2201 inteili-

1097 2212 1180 2244 gitur
1197 2214 1236 2235 ex
1254 2205 1272 2235 l.
1289 2210 1339 2240 68.
1357 2208 1402 2238 J).
1418 2209 1452 2238 de
1467 2210 1509 2240 rei
1524 2210 1634 2240 vindic.
1653 2210 1672 2242 l.
1692 2220 1716 2241 i.
1730 2211 1748 2241 l.
1766 2216 1793 2244 8.
1816 2212 1859 2242 l).
1877 2213 1910 2241 de
1929 2214 1962 2242 in

1097 2246 1175 2276 litem
1189 2246 1314 2287 juranti.
1335 2248 1345 2278 l
1374 2252 1402 2281 8.
1427 2249 1454 2291 §.
1477 2259 1502 2281 i.
1526 2250 1544 2281 l.
1565 2260 1594 2287 9.
1614 2250 1651 2285 ἐξ
1670 2261 1714 2284 10.
1733 2253 1780 2283 D.
1800 2252 1868 2282 Rer.
1885 2263 1960 2283 amo-

1097 2292 1154 2318 tar.
1199 2287 1363 2319 Postremo
1382 2290 1424 2321 ita
1443 2291 1547 2322 scribit
1563 2292 1759 2332 Pomponius
1781 2293 1799 2324 l.
1819 2302 1868 2334 31.
1886 2293 1914 2333 §.
1931 2302 1959 2323 2.

1097 2328 1144 2358 QD.
1162 2327 1189 2359 h.
1207 2335 1226 2359 t.
1250 2328 1313 2360 fine
1328 2330 1426 2362 dubio
1443 2333 1482 2363 ab
1501 2335 1612 2365 eadem
1636 2335 1740 2366 causa:
1763 2335 1797 2365 Si
1811 2335 1860 2364 vir
1875 2335 1960 2363 uxori

1097 2377 1193 2400 ciream
1209 2371 1380 2408 donaverit,
1404 2372 1441 2407 &’
1463 2376 1582 2405 uxorin
1604 2384 1636 2405 ea
1661 2374 1783 2416 insulam
1801 2373 1958 2413 oedificove-

1097 2411 1155 2448 rit,
1177 2419 1210 2441 eci
1225 2412 1320 2451 insula
1329 2411 1394 2450 fine
1408 2415 1492 2445 dubio
1513 2417 1614 2446 mariti
1626 2413 1681 2456 est.-
1692 2417 1746 2454 sed
1769 2424 1830 2445 eam
1853 2417 1958 2453 impert-³

187 2453 239 2494 qui
261 2453 354 2489 dedit,
375 2457 511 2500 suamque
530 2463 589 2484 rem
607 2456 710 2495 perdit.
754 2452 938 2486 Teneamus
961 2456 1056 2496 iguur
1088 2452 1156 2490 som
1180 2453 1326 2483 mulierem
1350 2461 1533 2491 servaturum
1552 2458 1670 2497 placet:
1698 2455 1810 2493 namsi
1837 2458 1961 2486 moritus

187 2493 278 2534 quod
296 2493 379 2531 dixi,
402 2504 446 2525 rei
465 2504 535 2526 Viro
550 2503 603 2526 aut
618 2497 707 2526 uxori
726 2495 765 2526 ab
784 2495 886 2526 altero
909 2497 1053 2535 donatae,

187 2535 208 2567 fi
224 2533 404 2574 consumpta
426 2535 480 2574 fit,
504 2536 742 2568 condictionem
760 2536 840 2568 ess'e:
864 2546 928 2568 non
957 2539 987 2569 in
1010 2538 1054 2569 so-

186 2576 306 2613 lidum,
335 2575 386 2606 sed
406 2584 558 2615 quatenus
579 2578 771 2618 locupietior
793 2587 828 2608 ea
852 2587 884 2609 re
901 2577 1003 2611 faetus
1018 2579 1054 2610 fit

188 2616 241 2658 qui
259 2616 393 2655 accepit.
440 2617 514 2660 Quo
539 2619 712 2659 tempore?
736 2620 818 2659 apud
843 2617 1013 2659 Ulpianum
1032 2621 1052 2652 l,

187 2667 218 2700 7.
246 2658 291 2689 D.
314 2657 342 2688 h.
370 2662 392 2687 t.
418 2655 458 2688 fic
482 2660 641 2696 quaeritur.
678 2659 765 2704 Quod
787 2666 884 2691 autern
912 2660 1055 2701 speftetur

188 2706 317 2739 tenipus,
340 2707 379 2728 au
410 2697 597 2738 locupletiores
615 2700 678 2739 fint
693 2700 788 2742 faeti:
818 2708 918 2731 utrum
944 2708 1053 2743 tempus

185 2741 247 2774 litis
262 2736 442 2779 contestatae,
465 2749 503 2770 an
526 2744 565 2772 rei
583 2742 747 2783 judicante?
778 2742 986 2782 respondetur
1004 2753 1054 2774 au-

187 2789 274 2814 tem:
298 2779 339 2811 Et
355 2789 458 2811 verum
476 2778 659 2820 est,(verum
674 2783 752 2816 dixit
770 2785 922 2824 Ulpianus
939 2794 998 2825 pro
1016 2794 1055 2816 ae-

186 2832 273 2863 quo:
298 2829 332 2853 ut
356 2821 431 2852 alias
451 2821 560 2861 saepius
577 2833 594 2853 a
611 2834 661 2856 me
677 2825 809 2864 aliisque
831 2824 1055 2865 observatum)

186 2865 248 2896 litis
270 2860 431 2903 contestatae
457 2868 565 2903 tempus
583 2865 706 2904 spatiari
730 2872 871 2906 oportere,
894 2867 979 2908 idque
997 2867 1055 2899 Im-

182 2911 300 2947 perator
322 2902 429 2943 Noster
444 2913 507 2949 cuin
525 2904 613 2935 Patre
626 2906 774 2946 rescripsit.

231 2946 275 2977 Ut
291 2948 457 2978 redeamus
473 2955 503 2976 in
521 2948 620 2976 viam:
642 2954 788 2987 apparet,
812 2949 987 2981 dominium
1011 2949 1056 2980 rei

189 2990 318 3021 donarae
335 2986 442 3017 uxoris
460 2986 628 3018 traditione
642 2987 673 3017 in
696 2989 839 3021 maritum
863 2999 928 3022 non
952 2991 1057 3022 transi-

187 3039 231 3062 re.
281 3027 331 3059 De
348 3027 534 3067 posseflione
550 3028 692 3059 nondum
707 3028 854 3061 diximus.
877 3033 920 3062 ait
942 3031 1055 3063 Paulus

188 3070 210 3102 l.
232 3079 257 3101 1.
275 3069 304 3110 §.
321 3078 351 3107 4.
386 3070 433 3100 D.
459 3072 492 3099 de
507 3071 574 3110 adq.
594 3067 700 3110 poffeff.
730 3068 763 3099 Sz'
793 3072 842 3100 vir
863 3074 951 3104 uxori
975 3074 1056 3105 cedat

184 3110 362 3154 poffcffione,
382 3110 512 3151 plerique
525 3115 653 3151 putarit,
669 3108 803 3150 poffidere
819 3120 890 3143 eam.
942 3113 980 3144 Et
1001 3115 1053 3145 du-

187 3153 274 3194 plice
290 3158 431 3182 ratione:
457 3152 543 3191 prior
559 3151 720 3192 est,quod
736 3150 881 3191 poss'effio
900 3153 944 3184 est
959 3154 1053 3191 fastu

186 3193 308 3235 quippe
330 3192 517 3226 detentione
532 3193 690 3228 constans.
710 3201 760 3228 res
773 3201 881 3228 autern
897 3192 973 3226 faeti
988 3203 1054 3229 non

1097 2494 1226 2523 vindicet
1247 2494 1390 2535 insulam,
1413 2499 1596 2527 retentionem
1611 2495 1740 2537 impensae
1762 2497 1813 2537 (id
1830 2496 1960 2534 ethim·

1098 2533 1201 2573 pensae
1216 2535 1366 2576 nomine)
1387 2538 1531 2568 mutierem
1540 2536 1706 2576 faciurum.
1748 2538 1799 2569 Sic
1823 2538 1961 2577 Pompo-

1096 2576 1184 2606 nius:
1206 2578 1369 2608 mulierem
1388 2586 1574 2618 comparans
1590 2587 1663 2610 cum
1681 2578 1851 2618 poss'css'ore
1868 2581 1961 2610 bonae

1095 2615 1189 2647 fidei:
1213 2617 1262 2648 cui
1280 2618 1492 2650 retentionem
1513 2620 1555 2649 ob
1574 2619 1728 2660 impensas
1745 2621 1775 2651 in
1800 2630 1865 2652 rem
1889 2621 1962 2651 aiic-

1095 2666 1166 2688 nam
1183 2656 1452 2696 factas,adversus
1467 2661 1717 2693 vindicationem
1733 2662 1868 2692 concedi
1886 2671 1962 2692 con-

1094 2698 1254 2730 ssattcum
1274 2701 1363 2732 malae
1381 2699 1454 2731 fidei
1473 2701 1651 2741 poffessori,
1675 2702 1728 2734 nifi
1746 2703 1789 2733 ob
1807 2705 1960 2743 imperitas

1095 2738 1279 2772 necess'arias
1301 2750 1365 2773 non
1382 2743 1578 2775 concedatur
1601 2743 1658 2785 l.7.
1674 2744 1702 2786 §.
1725 2745 1834 2775 mul).
1849 2747 1881 2775 (ξε
1895 2747 1960 2785 adq·

1097 2790 1154 2813 rer.
1166 2783 1237 2813 dom.
1254 2782 1271 2813 l,
1283 2794 1311 2823 5.
1331 2782 1362 2814 C.
1377 2783 1410 2813 de
1426 2786 1467 2815 rei
1482 2785 1590 2816 vindic.
1606 2785 1626 2817 l.
1646 2795 1671 2818 1.
1696 2786 1732 2821 ὅ)
1749 2796 1777 2818 2.
1803 2786 1871 2817 Cod.
1889 2787 1960 2818 Gre-

1093 2831 1155 2865 gor.
1175 2824 1232 2854 eod.
1248 2825 1293 2855 tit.
1310 2825 1357 2855 lio.
1379 2834 1408 2865 3.
1431 2826 1478 2857 tit.
1496 2836 1524 2867 3.

1139 2864 1310 2904 Exposito,
1322 2874 1473 2906 quantum
1491 2867 1637 2899 instituto
1652 2867 1779 2906 sufficit,
1790 2867 1959 2909 Fragmen-

1100 2914 1135 2938 to
1152 2907 1264 2947 prioris
1289 2909 1402 2948 capitis
1423 2910 1508 2948 quod
1528 2909 1573 2941 est
1594 2909 1630 2940 in·
1651 2909 1670 2940 l.
1691 2919 1720 2949 3.
1747 2910 1793 2940 D.
1812 2910 1839 2939 h.
1858 2915 1879 2940 t.
1904 2919 1960 2950 age

1099 2948 1290 2980 transeamus
1319 2950 1357 2981 ad
1383 2949 1559 2989 posterius:
1589 2951 1629 2983 de
1651 2959 1716 2990 quo
1740 2950 1783 2981 ita
1806 2948 1961 2991 Ulpianus

1099 2991 1118 3020 l.
1136 2999 1184 3031 3²-
1202 2991 1230 3021 d.
1247 2995 1266 3020 t.
1289 2989 1363 3021 Cum
1378 2991 1422 3021 bic
1436 2989 1533 3031 status
1548 2991 1613 3032 effl’t
1628 2992 1815 3022 donationum
1829 2993 1904 3022 inter
1917 2992 1962 3022 vi-

1098 3040 1162 3062 rum
1185 3029 1221 3065 δ’
1239 3041 1356 3062 uxorem
1372 3056 1381 3069 ‚
1404 3041 1486 3073 quem
1504 3039 1589 3064 antea
1610 3034 1778 3065 retulimus:
1804 3033 1960 3073 Imperator

1098 3071 1209 3112 noster,
1232 3073 1402 3104 Antoninus
1427 3072 1598 3115 Augustus,
1621 3079 1689 3105 ante
1711 3071 1851 3112 exceffum
1880 3074 1962 3117 Divi

1098 3114 1215 3151 Severi,
1233 3116 1406 3155 patrissui,
1433 3114 1574 3146 Oratione
1593 3117 1623 3146 in
1649 3114 1757 3145 Senatu
1772 3114 1887 3151 habita,
1909 3124 1961 3145 au-

1096 3154 1156 3185 έῖον
1167 3156 1237 3194 fuit
1260 3156 1386 3188 Senatui
1408 3158 1538 3192 censendi
1555 3179 1565 3196 ‚
1602 3156 1704 3186 fulvio
1733 3153 1890 3185 AEmiliauo
1922 3156 1960 3190 δέ’

1095 3195 1236 3229 Nummio
1256 3197 1364 3230 Albino
1381 3195 1571 3236 Consulibus,
1598 3202 1633 3228 ut
1655 3196 1766 3236 aliquid
1789 3195 1903 3245 laxaret
1925 3207 1961 3244 eq:

1890 3246 1965 3272 ium
