2052 3487
393 142 473 178 Diz
519 140 828 175 Fonnont·
877 145 951 173 Er
1004 136 1263 173 Usunts.

70 234 181 268 dentur
202 236 250 276 jus
278 232 474 275 percipiendi
498 230 616 264 fructus
644 231 675 260 in
699 226 829 276 usuras?
858 228 886 259 d.
909 227 930 260 l.

70 287 118 310 ιι.
142 277 171 319 §.
192 285 215 308 ι.
240 275 282 308 D.
300 276 510 316 depignoribus
531 272 567 307 &²
589 271 759 312 hypothecas.
789 269 844 317 „At
869 270 935 316 Ant

68 320 218 357 toninus,
254 318 274 350 l.
302 326 347 349 11.
372 317 404 348 C.
428 318 460 348 de
482 317 595 356 usuris,
632 312 682 343 Ex
704 312 822 352 praedzzs
838 333 849 349 ,
886 320 931 358 in-¹

68 362 138 402 quit
153 385 162 400 ‚
196 359 313 400 pignori
342 359 471 399 obligatis
498 357 618 387 creditor
638 351 698 395 post
724 353 847 383 oblatam
872 351 950 390 fibi-

63 404 132 447 jure
143 403 296 444 pecuniam
320 410 406 442 quam
431 408 487 429 non
503 396 643 437 suscepit,
658 395 688 433 fi
706 394 830 444 fruitus
852 403 930 424 acce-

64 446 130 486 pit,
153 443 299 475 exonerari
305 442 392 481 sortis
408 441 550 477 debitum,
571 443 680 484 certum
694 434 743 476 est.
784 436 847 466 Sed
864 444 929 482 non

65 487 211 526 loquitur
240 484 416 515 Antoninus
452 482 491 512 de
522 480 747 520 qualicumque
783 485 928 518 pecunlae

67 528 251 564 oblatione,
282 524 333 556 sed
354 524 405 555 illa
427 531 496 563 quae
517 522 586 561 jure
608 520 661 552 fit:
692 527 859 566 eaautem
883 517 930 550 est

66 578 132 601 non
150 568 249 605 nuda;
273 565 324 597 sed
342 574 433 607 quam
455 562 586 605 sequuta
603 561 648 593 est
672 561 763 593 sortis
786 558 929 601 obfigna-

67 609 113 642 tio
139 610 170 641 &
203 607 360 649 depositio
386 606 405 637 l.
434 614 479 642 19.
505 605 539 636 C.
562 605 620 635 eod.
647 604 693 634 tit.
718 604 747 634 d.
770 602 789 633 l.
814 602 870 649 ulti.
893 601 928 633 C.

63 653 98 683 de
125 651 240 682 tuitione
257 649 386 690 pignoris
403 670 413 686 ‚
444 648 472 678 d.
507 646 526 677 l.
554 655 602 677 20.
639 645 672 676 C.
696 645 733 690 de·
745 644 928 685 pignoribus.

64 693 150 733 quod
175 691 194 722 fi
219 691 269 721 cui
295 691 399 721 durius
424 689 587 725 videatur;
611 688 636 718 is
663 693 807 728 cogitet,
829 694 866 732 an
884 685 927 716 le-

66 735 95 766 ‘ri
115 732 240 775 praestet
257 755 266 770 ,
297 728 365 771 Post
387 730 508 761 oblatam
526 727 583 767 fibi
613 730 645 760 in
663 728 731 774 jure
753 734 928 773 pecuniam:

63 759 227 816 {uomodo
257 773 286 804 in
319 770 537 811 manuscriptis
569 769 743 816 codicibus⁸
765 770 848 809 legi,
881 776 927 799 te-

61 817 120 849 stes
137 815 205 847 sunt
227 813 364 846 Russardi
389 813 419 845 &
442 812 620 845 Charondae
647 811 834 856 inarginalee
855 808 924 840 No-

63 867 111 891 tae.
134 856 279 889 facillima
295 864 399 886 autem
415 853 511 885 fuerit
528 863 563 885 ea
590 852 749 893 scripturae
769 859 925 897 varietas-3

61 900 225 941 siquidem
252 906 319 929 eam
344 897 535 936 imputemus
561 893 718 926 Veterum
742 892 834 939 Siglis
859 902 925 933 qui-

62 942 120 973 bus
147 940 294 980 scriptum
315 937 429 976 fuerit,
446 936 508 978 post
532 936 654 983 oblatam
669 933 716 973 fib
735 935 773 966 In
790 943 859 975 jure
877 940 925 974 pe-

61 983 184 1015 cuniam.
206 981 288 1012 unde
311 979 446 1020 imperiti
464 978 596 1011 Libram
615 976 745 1015 secere,
762 973 826 1017 post
848 976 924 1007 obla-

62 1031 121 1056 tam
143 1023 199 1063 fibi
224 1023 292 1064 jure
312 1022 486 1061 pecuniam:
513 1029 586 1051 cum
616 1018 694 1050 esset
724 1018 922 1058 legendum,

58 1064 120 1107 post
151 1065 270 1096 oblatam
298 1063 355 1102 Jibi
387 1064 418 1093 iri
441 1062 508 1103 jure
538 1062 699 1102 pecuniam.
736 1069 778 1090 ne
809 1059 923 1090 addam

65 1115 168 1145 nunc,
197 1105 285 1146 quod
309 1103 460 1143 Ulpianus
482 1104 510 1134 d.
535 1103 555 1133 l.
578 1111 628 1144 30.
652 1101 693 1132 D.
710 1102 751 1149 *de
768 1101 924 1140 stitutioni-

65 1150 117 1180 bus
138 1147 179 1178 fic
206 1148 266 1185 ait,
298 1146 330 1177 Si
352 1145 458 1176 debitor
480 1143 591 1185 offerret
609 1150 764 1185 pecuniam
790 1151 852 1183 quce
872 1149 923 1182 pe-

66 1194 194 1228 teretur,
216 1188 336 1219 creditor
359 1187 442 1217 nollet
462 1187 601 1227 accipere:
629 1185 743 1216 Praetor
758 1185 784 1216 ei
802 1186 925 1225 denegat

122 1241 135 1260 ο
159 1239 196 1262 er.

64 1230 178 1302 ⁰85²an
210 1270 303 1311 igitur
331 1267 511 1300 antichrefis
541 1268 579 1300 ab
616 1267 705 1299 usura
734 1265 845 1299 differt
879 1267 925 1299 rei

63 1311 251 1347 substantia3
283 1309 336 1341 etsi
368 1310 587 1341 eruditissimus
617 1309 725 1341 censet
749 1308 923 1352 Interpres.

60 1353 112 1385 scd
139 1361 198 1383 nec
229 1351 326 1383 modo
351 1349 483 1382 differt:
516 1351 655 1392 denique
672 1375 682 1390 ‚
713 1350 736 1382 fi
766 1351 923 1391 legitimas

60 1394 236 1435 egrediatur
252 1392 373 1431 usuras,
397 1401 461 1423 non
479 1392 565 1424 valet
582 1393 773 1424 conventio,
798 1401 860 1424 nec
877 1392 923 1424 di-

57 1435 199 1476 stinguo,
222 1441 326 1465 utrum
350 1432 514 1465 manifesta
531 1432 567 1465 fit
589 1432 793 1472 antichrefis,
815 1442 855 1464 an
878 1441 922 1465 ta-

58 1478 137 1508 cita:
162 1476 260 1507 modo
283 1475 304 1507 fi
328 1474 476 1514 constet,
507 1475 598 1508 fundi
616 1475 735 1507 fructus
761 1473 922 1506 usurarum

57 1519 188 1550 modum
211 1517 377 1557 superare:
409 1517 481 1557 quia
509 1526 546 1548 ea
577 1517 755 1548 conventio
777 1515 866 1548 foret
889 1517 923 1549 in

54 1559 199 1590 fraudem
225 1558 320 1597 legis,
344 1557 446 1590 usuras
465 1558 504 1590 ad
526 1566 650 1590 certum
673 1558 806 1590 modum
830 1559 923 1590 coer-

55 1600 173 1632 centis:
198 1599 228 1631 ὅ(
250 1599 328 1631 ficut
355 1609 418 1631 non
443 1599 519 1631 licet
548 1600 626 1632 mihi
649 1598 753 1631 usuras
782 1598 923 1640 stipulari

53 1642 135 1674 ultra
160 1641 311 1680 modum;
334 1639 375 1672 fic
399 1649 460 1672 nec
483 1641 565 1672 aliud
591 1641 679 1682 quod
702 1640 796 1672 instar
821 1639 922 1672 usurae

53 1680 90 1715 fit
112 1683 132 1713 l.
158 1693 208 1721 44·
235 1681 277 1713 D.
303 1683 336 1713 de
358 1681 465 1722 usuris.
510 1681 573 1721 Ita,
602 1682 624 1714 fi
649 1689 820 1723 appareat,
843 1682 922 1714 anti-

53 1722 175 1755 chrefin
192 1723 298 1763 egredi
317 1721 476 1754 usurarum
497 1722 606 1755 finem.

94 1765 156 1796 Sed
182 1763 277 1804 quid,
300 1763 321 1795 fi
337 1762 401 1794 hoc
425 1765 582 1796 incertum
606 1763 667 1797 fit?
689 1764 762 1804 fac,
786 1774 828 1797 ex
850 1763 924 1797 fun-

55 1806 101 1837 do
127 1806 315 1846 plerumque
344 1806 486 1836 minores
516 1806 637 1846 percipi
661 1806 800 1844 fructus,
830 1815 924 1846 quam

55 1847 110 1888 qui
130 1846 280 1887 expleant
295 1844 391 1876 usurae
413 1846 562 1878 modum:
583 1846 655 1885 fac,
677 1847 837 1879 interdurn
859 1857 924 1878 ma·

54 1889 140 1929 iores
162 1886 262 1918 nasci:
287 1887 330 1917 ita
349 1895 402 1925 ut,
434 1893 538 1918 utrum
561 1885 636 1926 fiat,
661 1897 771 1928 parum
793 1888 923 1928 liqueat.

54 1929 205 1961 servanda
229 1928 406 1959 conventio
432 1927 497 1967 est,
520 1937 653 1969 propter
678 1929 835 1960 incertum
858 1928 924 1960 fru-

56 1970 163 2003 &uum
181 1976 391 2007 proventum:
415 1978 480 2009 quo
498 1968 553 2009 fit,
575 1978 610 2000 ut
627 1970 703 2002 nihil
720 1971 751 2001 in
776 1970 922 2002 fraudem

53 2012 133 2053 legis
150 2011 351 2043 admittatur:
373 2017 470 2051 atque
488 2017 522 2042 ut
539 2011 710 2052 aliquando
735 2013 921 2053 contingat,

51 2061 89 2084 ut
106 2053 175 2094 plus
200 2053 383 2093 perveniat,
408 2060 514 2083 tamen
538 2052 708 2093 aliquando
730 2051 784 2091 fit,
809 2061 844 2084 ut
867 2053 922 2084 mi-

52 2102 111 2126 nus
135 2094 337 2134 percipiatur.
369 2093 594 2133 compensatur
617 2094 713 2134 igitur
737 2093 806 2134 spes
833 2103 921 2126 com-

51 2135 141 2167 modi
157 2144 230 2166 curn
246 2134 390 2176 periculo
414 2135 539 2172 damni;
563 2135 754 2176 videturque
772 2145 814 2167 eo
832 2136 922 2167 indu-

52 2177 82 2208 ci
99 2176 257 2217 aequalitas
281 2184 373 2215 quam
390 2176 442 2207 lex
468 2176 551 2208 inter
571 2176 751 2208 debitorem
774 2176 922 2209 &credi-

52 2225 157 2249 torem
174 2216 284 2249 servari
304 2216 451 2258 postulat.

93 2259 191 2300 Igitur
215 2257 317 2290 fundo
339 2259 370 2290 in
395 2258 582 2291 antichrefin
605 2259 698 2291 dato:
722 2259 829 2300 potest
853 2269 923 2292 cre-

54 2300 141 2332 ditor
156 2322 166 2338 ,
188 2297 362 2331 ssincertus
385 2299 421 2331 fit
445 2299 603 2333 fructuum
628 2309 824 2341 proventus,
848 2302 923 2333 reti-

54 2350 132 2373 nere
150 2350 261 2372 omnes
277 2341 419 2381 pignoris
435 2341 571 2374 fruitus:
596 2352 657 2374 nec
673 2343 799 2384 cogitur
816 2352 872 2375 eos
889 2344 921 2376 in

52 2381 172 2414 sortem
188 2383 362 2422 imputare;
387 2381 441 2414 etfi
458 2383 628 2424 aliquando
653 2385 853 2425 egrediantur
877 2385 920 2416 le-

53 2423 200 2464 gitimum
217 2423 373 2455 usurarum
390 2425 533 2456 modum.
557 2425 588 2457 &
610 2425 674 2456 hoc
691 2426 818 2457 videtur
837 2425 917 2467 Imp.

54 2464 219 2506 Philippus
248 2464 331 2496 velle
353 2465 372 2497 l.
399 2475 446 2506 17.
474 2466 508 2497 C.
530 2467 562 2497 de
584 2467 699 2506 usuris,
721 2467 769 2499 his
786 2468 890 2500 verbis
907 2490 918 2507 ‚

54 2506 90 2536 Sz'
109 2516 141 2537 ea
165 2506 223 2547 lege
244 2504 430 2547 poffeffionem
458 2513 550 2538 mater
577 2513 630 2540 tuci
653 2509 730 2549 apud
751 2510 919 2541 creditorem

47 2549 137 2585 ‚suum
158 2548 313 2589 obligavit,
347 2546 391 2579 Ut
413 2547 532 2581 fructus
564 2549 596 2581 in
622 2551 727 2581 vicem
756 2549 918 2583 usurarum

57 2587 320 2628 consequeretur,
342 2591 455 2620 obtentu
476 2590 593 2632 majoris
605 2593 729 2632 percepti
750 2592 919 2623 emolumen-

59 2628 83 2656 ti
100 2634 210 2668 propter
239 2631 380 2662 incertum
404 2631 564 2670 fructuum
597 2639 769 2669 proventum
796 2634 920 2673 rescindi

54 2667 162 2707 placita
179 2679 235 2702 non
246 2671 370 2711 poffunt.
396 2681 467 2704 nam
490 2673 511 2705 fi
535 2680 659 2706 certum
676 2674 730 2713 fit,
754 2684 828 2706 eum
845 2684 918 2714 pro-

60 2716 188 2754 ventum
211 2711 284 2742 dare
307 2712 409 2744 usuras
425 2737 435 2752 ,
465 2715 654 2756 plerumque
675 2714 811 2755 majores
841 2716 919 2757 legi-

59 2750 161 2788 timis,
183 2760 293 2783 contra
314 2754 483 2787 dicendum
500 2756 582 2794 effe,
606 2767 648 2788 ex
676 2756 850 2797 Papiniano
874 2759 921 2789 in·

59 2790 210 2836 telligitur
230 2792 248 2822 l.
268 2802 294 2824 1.
318 2794 347 2835 §.
365 2805 394 2835 3.
417 2795 459 2827 D.
482 2799 514 2828 de
534 2799 706 2839 pignoribus
727 2798 764 2833 δέ)
789 2798 921 2839 hypothe-

55 2841 108 2862 ιιι.
133 2832 229 2862 verba
250 2833 420 2873 Papiniani.
445 2837 532 2870 Ραὲἶο
547 2839 677 2879 placuit,
701 2848 756 2878 ut,
779 2841 819 2871 ad
836 2840 921 2871 diem

54 2871 154 2904 usuris
176 2882 241 2904 non
265 2873 370 2907 solutis
386 2899 396 2915 ,
425 2877 544 2911 fruftus
568 2880 826 2920 hypothecarum
850 2880 920 2912 usu·

51 2914 95 2945 ris
119 2914 396 2953 compensarentur
421 2917 473 2950 fini
496 2921 645 2962 legitimae
663 2921 780 2954 usurae:
804 2922 918 2968 Quam-

54 2955 102 2985 vis
124 2957 238 2986 exordio
270 2957 389 2988 minores
414 2959 446 2990 in
463 2958 640 3002 stipulatum
668 2965 803 2994 venerim
818 2987 828 3002 ,
861 2973 919 2995 non

55 2995 108 3035 effe
123 3002 218 3027 tamen
247 2998 362 3029 irritam
387 3004 599 3035 conventionem
622 3004 755 3045 placuit.-
792 3014 858 3036 cum
879 3006 917 3036 ad

55 3037 130 3068 diem
151 3039 259 3068 minore
275 3039 391 3078 foenore
419 3050 475 3072 non
488 3043 601 3084 striato,
631 3046 764 3087 legitimae
798 3047 918 3086 majores

53 3079 147 3117 usurae
168 3077 328 3119 stipulanti
351 3080 424 3112 recle
447 3086 578 3123 promitti
600 3092 769 3126 potuerunt.
825 3086 915 3120 Idem

54 3117 117 3165 effe
141 3119 323 3153 Alexander
346 3121 488 3155 rescribit
509 3125 529 3157 I.
562 3127 607 3165 14.
632 3128 665 3160 C.
691 3131 724 3159 de
756 3128 872 3164 usuris:
893 3126 915 3161 fi

51 3160 110 3206 tibi
132 3170 273 3193 mutuam
297 3165 464 3204 pecuniam
490 3167 587 3206 dedi,
623 3169 652 3199 &
677 3171 809 3201 domurn
831 3178 915 3204 tuam

50 3204 176 3247 pignori
201 3205 330 3245 accepi,
361 3215 396 3236 ea
421 3206 510 3247 lege,
542 3216 577 3239 ut
605 3218 673 3241 eam
705 3211 913 3245 inhabitarem

53 3244 329 3318 vicTeonilisulrarum3
355 3256 425 3282 nam
451 3248 481 3282 δι
498 3249 550 3283 hic
568 3251 751 3290 antichrefis
768 3252 813 3287 est
828 3253 847 3287 l.
870 3263 916 3288 11.

1318 139 1347 174 L
1364 150 1376 174 1
1392 149 1421 171 Β.
1450 137 1465 171 Ι
1484 137 1509 173 1.
1776 143 1845 184 187

974 226 1003 268 §.
1026 233 1051 256 1.
1077 225 1119 258 D.
1135 228 1169 257 de
1187 228 1357 269 pignoribus
1381 226 1418 263 δ’
1439 226 1618 269 hypothecis,
1639 225 1755 274 eadem
1778 235 1844 273 ma-

974 266 1102 300 ni'festa:
1127 268 1267 310 licetque
1286 271 1362 301 mihi
1379 279 1432 301 eas
1449 270 1533 301 aedes
1551 267 1748 301 inhabitare:
1772 277 1846 310 quia

974 318 1011 341 ea
1035 309 1081 340 est
1105 310 1160 341 lex
1184 312 1424 343 conventionis.
1456 311 1570 342 addam
1585 333 1596 350 ,
1628 310 1756 342 locare:
1788 309 1846 342 etfi

973 352 1006 384 id
1034 360 1100 382 non
1126 351 1163 383 fit
1191 353 1293 393 palam
1318 360 1527 385 conventum.
1559 352 1603 383 ita
1627 359 1761 392 tamen;
1790 360 1846 393 ut,

973 392 994 425 si
1016 393 1194 433 locavero,
1235 396 1264 426 ἃ
1293 406 1334 427 ex
1370 394 1520 427 mercede
1557 394 1629 434 plus
1660 395 1844 436 redegero,

973 444 1069 475 quam
1087 445 1127 466 cx
1145 435 1242 475 usuris
1259 437 1427 478 percipere
1444 435 1557 476 poffim
1569 457 1579 474 ,
1603 443 1732 475 tenear,
1756 437 1846 477 quod

972 477 1054 507 ultra
1081 478 1215 510 modum
1241 478 1302 518 sit,
1335 478 1410 511 sorti
1432 479 1600 518 imputare.
1625 487 1845 520 quamquam,

972 517 993 549 fi
1009 527 1075 549 non
1100 519 1253 551 locavero
1272 521 1423 559 domum,
1453 519 1506 550 sed
1534 519 1777 560 inhabitavero,
1799 521 1846 552 ita

971 560 1017 590 uti
1039 569 1256 600 conventum,
1281 563 1386 593 valeat
1400 562 1598 600 conventio;
1621 561 1679 593 etfi
1695 563 1792 604 pluris
1808 561 1847 593 fit

971 601 1128 633 habitatio
1145 626 1154 642 ,
1179 612 1272 644 quam
1296 613 1361 644 quo
1380 603 1573 644 pertendere
1591 602 1680 635 usura
1707 605 1847 637 debeat:

971 642 1111 683 scilicet,
1136 646 1209 684 quia
1225 645 1337 676 hocin
1355 644 1427 676 casu
1450 645 1578 676 videtur
1595 645 1708 678 domus
1735 647 1844 688 potius

971 684 1064 716 vilius
1082 684 1206 725 locata,
1227 696 1321 727 quam
1344 687 1491 718 illicitum
1517 685 1626 718 foenus
1643 689 1845 721 contractum

970 727 998 757 cl.
1018 726 1037 756 l.
1061 735 1106 765 14.
1130 728 1162 758 id
1180 737 1257 759 vero
1275 728 1357 760 hanc
1374 728 1473 760 habet
1487 728 1646 760 rationem
1662 753 1672 767 ,
1696 733 1802 771 quod,
1822 729 1845 762 fi

970 767 1123 799 locavero
1140 769 1243 807 aedes,
1267 769 1370 802 statim
1384 777 1517 811 apparet
1539 779 1703 812 perceptae
1719 772 1845 811 quanti-

971 816 1018 839 tas
1036 809 1154 849 usurae,
1178 820 1266 851 quae,
1296 811 1318 843 fi
1341 812 1526 843 habitentur
1550 812 1654 852 aedes,
1679 814 1775 854 poffit
1799 815 1845 845 in-

969 858 1057 881 certa
1083 851 1195 883 videri.
1224 862 1296 884 nam
1328 853 1358 884 ὅς
1385 854 1462 885 licet
1494 854 1761 887 contrahentibus
1791 864 1844 886 na-

968 892 1129 931 turaliter,
1161 892 1191 923 se
1219 894 1250 925 in
1281 896 1388 934 pretio
1413 897 1675 928 circumvenire:
1703 897 1731 928 ἀ
1765 896 1845 928 inul-

968 940 1035 964 tum
1060 933 1209 973 interest,
1233 944 1306 967 cum
1331 937 1372 967 de
1401 936 1581 968 aestimanda
1605 938 1756 970 mercede
1779 939 1842 980 agi-

966 983 1037 1047 ξιτ,
1062 983 1168 1006 utrum
1190 976 1275 1008 aedes
1299 986 1355 1018 per
1380 978 1464 1010 hunc
1479 1002 1490 1018 ,
1513 988 1552 1010 an
1574 988 1631 1020 per
1652 979 1766 1019 illum,
1789 981 1842 1012 ha·

991 1024 1121 1048 itentur.

1007 1057 1069 1089 Sed
1108 1068 1174 1090 non
1209 1066 1332 1091 tantum
1357 1060 1523 1093 manifesta
1552 1062 1598 1095 est
1629 1062 1843 1104 antichrefis‚

967 1108 1079 1131 verum
1105 1108 1199 1131 etram
1222 1110 1334 1132 tacita:
1365 1111 1426 1133 nec
1454 1110 1538 1134 inter
1564 1112 1753 1145 utramque,
1775 1114 1842 1146 quo

967 1140 1007 1172 ad
1021 1141 1152 1173 modum
1164 1165 1173 1180 ,
1197 1141 1338 1174 interest.
1363 1152 1435 1175 tiam
1452 1143 1474 1175 fi
1492 1154 1566 1186 ager
1586 1145 1771 1186 fimpliciter
1787 1148 1842 1179 de-

969 1189 1020 1213 tur
1043 1184 1191 1223 pignori3
1226 1193 1287 1216 nec
1314 1185 1354 1216 de
1385 1185 1482 1217 usuris
1508 1188 1539 1218 v&
1562 1186 1719 1219 fluetibus
1752 1188 1842 1229 quid-

968 1233 1062 1264 quam
1095 1225 1244 1258 dicatur:
1276 1226 1440 1257 conti-atta
1480 1227 1606 1260 videtur
1638 1230 1841 1270 antichrefis,

968 1275 1034 1297 non
1052 1267 1172 1307 palam,
1198 1266 1249 1299 sed
1268 1268 1375 1300 tacite.
1399 1268 1472 1309 quia
1497 1271 1583 1301 enim
1610 1271 1703 1311 paCto
1727 1271 1843 1303 consti-

968 1307 1068 1339 tuitur
1101 1307 1312 1347 antichrefis,
1351 1316 1447 1351 atque
1479 1311 1512 1342 id
1542 1310 1587 1342 est
1639 1313 1843 1354 ualicumque

966 1358 1159 1381 contentum
1181 1350 1336 1382 consensu
1358 1351 1379 1381 l.
1404 1361 1433 1382 2.
1457 1350 1500 1384 D.
1526 1353 1559 1383 de
1577 1360 1618 1393 pa
1650 1355 1693 1385 is:
1715 1354 1758 1387 nil
1784 1355 1844 1385 ob-

965 1389 1046 1430 stat,
1071 1399 1137 1430 quo
1161 1392 1263 1424 minus
1289 1391 1473 1424 antichrefis
1496 1403 1588 1435 aeque
1606 1395 1723 1434 tacite,
1745 1402 1844 1436 atque

965 1432 1136 1472 expresse,
1175 1432 1244 1465 fieri
1269 1433 1390 1474 possit:
1428 1435 1662 1476 interpretante
1696 1437 1844 1476 ratione,

967 1474 1148 1505 debitorem
1172 1475 1250 1515 qui,
1281 1483 1416 1515 accepta
1447 1483 1558 1508 mutua
1581 1479 1743 1519 pecunia,
1773 1487 1843 1511 cre-

966 1515 1064 1547 ditori
1088 1516 1203 1557 pignus
1226 1517 1301 1555 dat,
1331 1525 1437 1558 neque
1459 1519 1565 1558 palam
1590 1518 1777 1560 paciscitur,
1799 1530 1841 1552 ne

965 1556 1071 1588 usuras
1088 1556 1210 1597 solvat,
1232 1557 1423 1590 humanitati
1438 1559 1533 1599 dare,
1556 1566 1592 1591 ut
1614 1561 1713 1600 velit,
1736 1561 1842 1593 usuras

965 1597 1125 1639 repensari
1164 1598 1348 1639 fruCtibus,
1378 1600 1432 1641 qui
1458 1610 1501 1633 ex
1527 1602 1664 1642 pignore
1694 1600 1843 1640 nascituri

965 1638 1035 1671 fint.
1058 1649 1195 1682 nempe,
1218 1641 1291 1681 quia
1306 1650 1372 1673 non
1390 1642 1510 1682 patitur
1525 1643 1645 1675 utilitas
1661 1652 1845 1685 provocan-

965 1681 1014 1713 dae
1036 1682 1121 1714 inter
1143 1682 1291 1715 homines
1315 1683 1541 1725 benignitatis,
1564 1685 1692 1725 probari
1716 1686 1843 1722 invere-

967 1724 1116 1756 cundiam
1132 1724 1198 1763 ejus
1213 1725 1268 1763 qui
1284 1723 1479 1758 beneficium
1504 1727 1644 1768 accipit,
1667 1736 1729 1760 nec
1752 1728 1847 1768 vult,

968 1773 1041 1796 cum
1066 1765 1189 1805 potest,
1214 1767 1351 1798 reddere
1380 1769 1487 1799 vicem
1511 1769 1695 1809 gratiarum.
1745 1768 1842 1811 Opti-

966 1814 1019 1837 me
1037 1805 1179 1845 Seneca,
1203 1806 1298 1847 Epist.
1315 1812 1365 1842 81.
1377 1808 1416 1839 In
1429 1809 1480 1840 hoc
1495 1819 1605 1851 quoque
1613 1810 1775 1850 falluntur
1791 1812 1839 1847 inq

965 1848 1063 1888 grati,
1085 1848 1161 1888 quod
1177 1849 1314 1879 creditori
1336 1850 1470 1890 quidem,
1489 1857 1594 1891 praeter
1605 1852 1734 1892 firmem,
1757 1858 1841 1886 extra

967 1888 1095 1919 ordinem
1120 1896 1299 1921 numerant.-
1329 1890 1530 1930 beneficiorum
1560 1899 1657 1926 autem
1680 1894 1766 1935 usum
1788 1894 1841 1936 effe

964 1931 1129 1970 gratuitum
1140 1936 1262 1968 putant.
1303 1930 1346 1962 Et
1362 1932 1414 1963 illa
1429 1934 1560 1973 crescunt
1581 1945 1678 1968 mora:
1701 1941 1840 1978 tantoque

961 1971 1032 2011 plus
1041 1972 1213 2010 solvendum
1240 1969 1280 2012 est
1295 1995 1305 2010 ,
1356 1980 1445 2005 uanto
1467 1977 1591 2007 tardius.
1626 1977 1761 2018 ingrata}
1778 1975 1838 2017 est,

965 2014 1017 2052 qui
1029 2012 1195 2051 beneficium
1218 2014 1312 2044 reddit
1346 2024 1393 2046 ine
1412 2015 1518 2056 usura:
1539 2018 1641 2059 itaque
1656 2019 1745 2060 hujus
1767 2028 1837 2060 quo·

965 2063 1020 2094 que
1034 2055 1076 2084 rei
1097 2054 1247 2085 habebitur
1261 2056 1334 2086 ratio
1344 2079 1354 2094 ‚
1377 2066 1443 2088 cum
1458 2059 1644 2098 conferentur
1659 2066 1775 2101 accepta
1800 2059 1838 2095 δ’

964 2095 1096 2135 expensa.
1155 2094 1197 2126 Et
1228 2095 1346 2128 Cicero
1384 2098 1432 2130 lib.
1471 2108 1497 2132 1.
1531 2099 1579 2132 De
1603 2099 1705 2141 officiis
1737 2111 1761 2133 c.
1790 2111 1838 2142 15.

967 2134 1054 2181 Quod
1063 2135 1092 2175 fi
1107 2146 1156 2174 ea,
1174 2147 1237 2179 quce
1251 2140 1392 2179 acceperis
1405 2142 1535 2180 utenda,
1558 2143 1666 2183 majore
1683 2143 1815 2183 mensura
1825 2166 1838 2183 ‚

958 2179 1075 2217 simodo
1088 2177 1172 2219 poffi's
1187 2202 1196 2217 ,
1214 2179 1298 2219 jubet
1322 2181 1436 2211 reddere
1451 2181 1611 2220 Hefiodus:
1627 2185 1769 2225 quidnam
1792 2186 1838 2216 be-

965 2219 1065 2259 neficio
1074 2222 1224 2261 provocati
1225 2221 1327 2260 facere
1343 2223 1474 2254 dehemus
1484 2223 1500 2255 ἵ)
1509 2234 1549 2255 an
1563 2235 1622 2256 non
1631 2226 1744 2257 imitari
1751 2236 1838 2269 agros

958 2262 1108 2302 fertilei53
1138 2263 1190 2302 qui
1214 2262 1304 2293 multo
1330 2263 1400 2303 plus
1429 2263 1577 2306 offerunt,
1605 2276 1694 2308 quam
1727 2275 1839 2309 accepe-

965 2302 1065 2334 runt?
1089 2305 1192 2334 etenim
1200 2301 1231 2342 fi
1245 2305 1276 2335 in
1292 2313 1339 2335 eos
1352 2314 1419 2344 quos
1428 2307 1580 2347 speramus
1602 2309 1682 2339 nobis
1698 2309 1838 2350 profutu-

965 2354 1030 2383 ros,
1053 2353 1110 2375 non
1133 2345 1301 2377 dubitamus
1325 2345 1419 2387 officia
1444 2348 1592 2388 conferre:
1615 2349 1715 2390 quales
1736 2352 1768 2382 in
1793 2360 1838 2382 eos

964 2385 1016 2426 effe
1038 2387 1186 2426 debemus,
1208 2388 1259 2427 qui
1280 2387 1346 2429 jam
1365 2388 1569 2428 profuerunt?
1591 2389 1654 2422 Sed
1670 2392 1759 2432 quod
1775 2391 1834 2424 ho-

963 2426 1077 2459 nestati
1108 2429 1283 2467 convenit,
1313 2429 1361 2468 jus
1384 2429 1481 2461 civile
1502 2430 1661 2472 sequitur:
1693 2433 1776 2465 bene
1802 2444 1836 2466 e-

962 2469 1028 2501 nim
1044 2470 1084 2501 de
1101 2478 1302 2510 unoquoque
1325 2468 1445 2510 sperat:
1477 2471 1508 2503 ὅτ.
1532 2473 1608 2504 ideo
1657 2473 1761 2515 ignori
1782 2476 1836 2507 da·

963 2517 1018 2550 to,
1036 2519 1142 2551 neque
1160 2518 1327 2542 convento
1344 2511 1385 2543 de
1401 2511 1499 2544 usuris
1519 2513 1548 2545 &
1564 2514 1615 2546 fru
1652 2515 1741 2555 ibus,
1759 2525 1837 2549 con-

961 2551 1068 2583 stituta
1089 2552 1278 2593 intelligitur
1301 2552 1504 2594 antichrefis,
1537 2555 1593 2588 etfi
1617 2565 1683 2589 non
1710 2558 1835 2599 palam,

962 2601 1069 2625 tamen
1089 2593 1204 2624 tacite:
1228 2602 1265 2624 ac
1280 2592 1303 2625 si
1319 2593 1356 2625 fit
1379 2603 1486 2628 certus
1511 2595 1672 2630 fructuum
1697 2608 1836 2640 proven-

962 2643 1032 2673 tus,
1057 2634 1211 2666 retinebit
1241 2635 1385 2668 creditor
1408 2635 1530 2670 fruetus
1559 2640 1631 2672 vice
1654 2639 1837 2681 usurarum,

962 2685 1026 2707 non
1044 2677 1074 2707 in
1091 2674 1271 2715 infinitum,
1294 2676 1365 2715 sed,
1389 2680 1471 2711 utin
1489 2679 1651 2721 superiore
1668 2681 1762 2722 casu,
1786 2693 1836 2715 us·

963 2725 1027 2756 que
1048 2717 1087 2749 ad
1111 2717 1288 2758 legitimum
1312 2718 1472 2753 usurarum
1494 2721 1604 2755 finem.
1650 2722 1694 2755 Et
1712 2724 1766 2755 hic
1788 2724 1834 2757 est

964 2757 1068 2790 sensus
1090 2758 1110 2791 l.
1135 2763 1163 2793 8.
1189 2758 1230 2791 D.
1255 2759 1292 2791 In
1312 2762 1417 2801 quibus
1435 2762 1528 2801 causis·
1540 2766 1653 2807 pignus
1668 2767 1755 2797 tacite
1769 2776 1834 2797 con-

964 2800 1112 2831 trahitur.-
1133 2800 1220 2840 cujus
1237 2801 1306 2832 haec
1321 2802 1391 2834 sunt
1408 2805 1526 2845 verba,
1550 2807 1624 2838 Cum
1645 2808 1753 2839 debitor
1764 2817 1833 2848 gra-

963 2842 1040 2872 tuita
1063 2844 1187 2882 pecunia
1209 2850 1332 2883 utatur,
1358 2844 1449 2885 potest
1475 2848 1599 2879 creditor
1628 2849 1662 2880 de
1683 2847 1832 2886 fructibus

964 2883 1006 2913 rei
1018 2881 1076 2920 fibi
1091 2883 1248 2924 pigneratae
1268 2886 1306 2916 ad
1328 2887 1443 2918 modum
1459 2889 1620 2930 legitimum
1641 2890 1742 2929 usuras
1764 2889 1832 2920 reti-

960 2932 1036 2955 nere.
1068 2924 1108 2956 V.
1135 2925 1194 2957 CL.
1219 2925 1404 2959 Franciscus
1428 2928 1613 2964 Hotmanus
1637 2932 1684 2962 lib.
1713 2939 1738 2961 1.
1772 2930 1832 2962 Ob-

951 2966 1033 3005 serv.
1057 2975 1081 2996 c.
1101 2976 1131 3006 4.
1155 2968 1287 3008 conjicit
1300 2992 1311 3007 ,
1337 2969 1412 3001 Cum
1426 2971 1535 3003 debitor
1551 2982 1609 3004 non
1628 2971 1762 3013 gratuita
1779 2976 1830 3012 pe·

961 3007 1048 3038 cunia
1070 3013 1183 3040 utatur.
1226 3009 1289 3049 Sed
1314 3010 1465 3043 servanda
1488 3022 1582 3046 vetus
1608 3013 1722 3051 lectio,
1754 3012 1830 3046 Cum

959 3049 1066 3079 debitor
1082 3052 1216 3089 gratuita
1235 3053 1361 3092 pecunia
1384 3059 1499 3085 utatur.
1530 3054 1650 3094 species
1674 3053 1739 3093 est3
1762 3053 1829 3087 De-

959 3089 1053 3121 bitori
1069 3099 1210 3135 mutuam
1226 3094 1301 3125 dedi
1318 3097 1505 3134 pecuniam:
1529 3104 1635 3135 neque
1656 3095 1697 3126 ab
1713 3105 1754 3127 eo
1778 3095 1829 3128 sti-

957 3131 1101 3172 pulatus,
1125 3142 1178 3165 aut
1201 3135 1330 3175 pactus,
1356 3135 1420 3167 sum
1443 3136 1556 3167 usuras.
1580 3136 1711 3168 debitor
1730 3137 1828 3178 igitur

955 3174 1093 3214 gratuita
1118 3176 1217 3208 utitur
1243 3178 1396 3217 pecunia:
1419 3179 1444 3208 is
1468 3178 1521 3208 dat
1543 3177 1620 3209 mihi
1645 3188 1755 3219 agrum
1779 3182 1826 3220 pi-

955 3217 1056 3256 gnori.
1081 3216 1206 3249 videtur
1224 3227 1261 3249 ea
1279 3228 1312 3249 re
1335 3219 1384 3257 agi
1409 3218 1504 3249 tacite
1521 3241 1530 3256 ,
1554 3226 1590 3250 ut
1611 3218 1734 3252 fructus
1760 3230 1828 3253 nou

958 3258 1133 3298 percipiam
1158 3266 1299 3297 tantum,
1306 3257 1377 3330 Ased
1402 3259 1555 3294 retineam
1580 3270 1731 3304 quoque,
1758 3261 1826 3293 usu-

1344 3308 1360 3330 a
1383 3309 1400 3330 2
1777 3312 1825 3334 ra·
