2052 3487
196 151 243 186 60

194 235 443 279 repetitionem,
458 241 530 266 'non
546 232 635 263 aliam
652 228 695 262 ob
713 229 851 267 causam,
875 237 970 268 quam
987 229 1059 268 quia

199 281 283 311 clare
300 278 406 319 patius
423 276 467 308 est
487 299 496 310 ‚
526 272 545 305 si
569 281 695 312 emptor
719 271 815 303 fidem
843 270 930 301 faiiat
949 294 959 307 ,
988 269 1059 301 fun-

198 321 273 353 dum
299 318 422 350 restitui.
471 315 534 357 Qui
569 323 662 353 potes
681 313 697 343 ?
734 313 855 352 inquies
873 335 882 348 ‚
922 319 995 341 cum
1027 311 1058 342 id

195 362 323 403 pactum
348 368 451 397 neque
472 355 555 396 apud
573 355 780 394 Imperatores
805 352 907 383 exstet
921 375 931 390 ‚
954 361 1059 390 neque

198 403 239 434 ab
263 398 410 432 Accurl'io
428 420 438 437 ,
471 405 523 428 aut
547 397 613 428 aliis
640 394 890 433 Interpretibus‚
915 392 1059 424 ostenda-

194 452 259 474 tur.
302 441 362 471 Sed
381 441 540 470 videamus
557 461 566 474 ,
598 446 638 467 ne
658 445 718 466 una
745 436 833 466 litera
853 434 940 465 verbi
961 443 1059 465 conve-

200 484 264 514 niat
286 490 358 512 cum
378 481 405 511 ei
425 503 434 517 ‚
465 487 529 510 tum
549 477 672 509 caeteris
687 499 697 515 ‚
727 475 830 508 fraudi
847 475 945 507 fuerit
962 485 970 507 ε
1001 484 1061 515 qua

200 525 331 564 dempta
347 521 526 562 legendum.

239 565 312 596 Cum
337 569 363 593 te
381 562 513 601 fundum
540 566 624 590 tuum
651 567 732 590 certae
760 559 802 589 rei
831 556 1062 597 contemplatione

259 609 335 636 inter
354 613 404 635 vos
428 605 525 633 habita
541 625 550 639 ‚
581 602 683 641 exiguo
697 602 789 641 pretio
811 601 842 630 in
862 599 950 629 olium
967 605 1060 629 trans-

257 644 350 686 tultffi’
376 652 566 675 commemores
581 665 590 679 ,
618 649 718 681 poterit
744 643 796 672 zzhi
822 651 854 670 ea
876 649 921 669 res
939 649 995 670 non
1012 638 1063 679 effe

253 687 385 728 fraudi:
409 686 522 727 quando
539 693 595 714 non
612 683 726 723 impleta
740 680 862 722 promiffi
873 680 933 720 fide
944 704 953 718 ,
976 681 1062 711 domi-

259 730 303 760 nii
317 729 361 758 tui
378 726 431 769 jus
455 728 582 767 insuam
599 728 714 763 causam
731 725 839 755 reveni
854 724 1000 754 convenit.
1032 721 1062 753 δε

256 770 392 810 reliqua.

803 142 1104 177 GERARD1
1153 137 1382 181 Nono-i·

1102 227 1149 259 Ita
1171 225 1275 258 scribo
1290 227 1443 266 convenii,
1464 226 1497 259 id
1514 227 1580 268 est,
1603 227 1746 269 placuit,
1767 227 1822 260 seii
1840 228 1967 270 paetum

1100 275 1298 300 conventum
1315 268 1379 300 est:
1410 278 1476 300 non
1500 269 1543 300 ita
1559 293 1569 308 ‚
1601 279 1635 302 ut
1654 269 1803 302 hactenus
1829 271 1964 311 legitur,

1102 311 1271 349 conveniat,
1293 311 1325 341 id
1346 310 1411 349 est,
1444 318 1614 350 oporteat:
1639 312 1792 349 convenii,
1816 311 1967 353 inquam,

1101 351 1244 391 inprimis
1272 351 1487 392 praeeuntibus
1510 352 1553 383 ita
1580 352 1851 393 imperatoribus,
1889 352 1969 384 Dio-

1103 392 1243 423 cletiano
1268 393 1298 425 &
1318 392 1534 431 Maximiano,
1558 395 1590 424 in
1612 394 1630 424 l.
1649 398 1680 425 6.
1706 393 1740 424 C.
1758 394 1790 424 de
1807 393 1968 426 αὲἶὶοηίὺιις

1103 435 1187 472 empti
1203 443 1236 464 ac
1254 435 1375 464 venditi.
1408 432 1516 465 Verba
1531 433 1763 475 Imperatorum
1779 435 1857 467 sunt.
1889 435 1968 467 Ven-

1103 475 1159 505 ditz'
1176 473 1249 505 attio
1261 497 1270 511 ,
1293 473 1317 510 li
1339 483 1396 505 non
1414 477 1449 505 ab
1465 477 1547 506 initio
1565 477 1646 507 aliud
1663 477 1794 507 convenit
1806 500 1816 515 ,
1847 486 1904 507 non
1912 477 1968 515 fci-

1104 515 1155 546 cibe
1176 517 1213 546 od
1235 517 1448 547 rescindendam
1469 518 1661 548 venditionem
1678 540 1688 556 ,
1712 518 1766 558 sed
1788 519 1827 548 ad
1838 520 1967 558 pretium

1104 557 1275 598 exigendum
1296 559 1434 596 competit.
1478 558 1574 597 Ajunt
1590 558 1824 599 Imperatores,
1856 559 1966 590 vendi-

1106 600 1129 629 ti
1148 597 1307 629 astionem
1325 621 1335 636 ,
1364 596 1386 629 fi
1409 598 1449 629 ab
1468 598 1559 630 initio
1583 600 1661 632 nihil
1685 600 1769 631 aliud
1793 601 1967 639 convenit,

1107 646 1228 670 tantum
1253 639 1293 670 ad
1317 639 1510 679 exigendum
1540 642 1676 681 pretium
1699 642 1782 679 dari;
1806 641 1826 672 fi
1850 650 1970 672 conve-

1106 681 1153 710 nit
1168 704 1177 717 ,
1210 680 1305 711 etiam
1331 682 1369 711 ad
1395 680 1634 713 rescindendam
1651 683 1873 714 venditionem
1890 683 1967 714 dari.

1105 720 1266 752 Haeremus
1286 722 1326 752 de
1348 720 1499 761 scriptura
1515 723 1545 754 (St
1569 723 1656 754 sensu
1672 724 1691 754 i.
1708 727 1738 754 6.
1764 723 1798 756 C.
1823 725 1855 755 de
1873 723 1968 764 pastis

1104 764 1181 794 inter
1197 770 1346 804 eiigoiorem
1369 762 1405 798 ὅ)
1421 763 1599 795 venditorem
1618 762 1786 806 compositis.

900 883 1109 919 CAPUT
1160 883 1264 917 ΙΙΙ.

202 986 354 1032 Ulpianus
379 983 551 1018 emendatus
578 982 596 1017 l.
624 990 677 1025 13.
704 978 732 1026 §.
756 988 787 1016 Ι.
821 980 864 1016 D.
890 980 925 1015 de
945 981 1150 1027 pigner-aritia
1175 981 1291 1015 afflone
1317 977 1367 1015 vel
1390 988 1526 1020 contra;
1561 977 1603 1020 ἐξ
1627 981 1785 1016 contraria
1810 981 1969 1027 cujusdam

238 1034 396 1081 florentia
422 1030 570 1078 propofita
597 1029 638 1070 ἐπ’)
658 1026 813 1075 refutata.
866 1029 1014 1075 Expcfita
1039 1030 1060 1065 l.
1081 1039 1134 1072 19.
1170 1030 1201 1065 C.
1230 1030 1264 1065 de
1285 1031 1464 1076 pignoribus
1489 1027 1530 1068 &⁹
1555 1030 1742 1076 hypothecis,
1767 1027 1809 1070 ὃ)
1832 1032 1852 1066 l.
1873 1033 1904 1067 3.
1936 1030 1968 1065 C.

247 1084 282 1117 de
302 1082 510 1128 pigneratitia
535 1081 661 1115 anione.

279 1185 353 1218 enio
375 1185 414 1216 ad
442 1183 700 1216 emendationem
733 1180 753 1212 l.
780 1189 825 1222 13.
857 1180 886 1222 §.
914 1189 940 1213 1.
965 1179 1008 1212 D.
1032 1182 1066 1211 de

198 1186 267 1260 V
287 1227 478 1268 pigneratitia
504 1224 614 1255 afflone
635 1223 681 1253 vel
706 1229 824 1253 contra:
854 1224 884 1253 in
913 1230 974 1263 qua
1002 1221 1066 1254 visa

198 1268 277 1300 mihi
302 1268 391 1299 causa
410 1267 515 1299 fimilis
533 1265 773 1304 corrumpendae
791 1263 960 1305 scripturae.
988 1261 1064 1294 Dixi

197 1308 269 1341 sane
290 1310 337 1340 lib.
359 1318 383 1340 1.
406 1316 466 1349 cop.
487 1318 515 1347 4.
541 1308 573 1338 in
591 1315 627 1338 ea
643 1304 705 1337 ess'e
722 1314 816 1337 unam
833 1305 975 1343 literam,
994 1313 1065 1343 quae

200 1350 325 1382 miscuit
343 1352 498 1392 optimam
516 1356 613 1389 atque
630 1348 806 1388 elegantem
831 1345 1064 1384 differentiam,

201 1402 269 1433 quae
299 1401 316 1422 a
337 1392 500 1423 veteribus
524 1391 555 1421 in
587 1390 786 1430 pigneratitia
808 1388 838 1419 ἃ
866 1388 1063 1419 commodati

199 1434 326 1465 actione
342 1435 427 1464 circa
451 1433 552 1472 culpae
574 1431 810 1471 diligentiaeque
829 1428 1064 1470 praestationem

198 1482 330 1514 recepta
345 1474 426 1506 fuit:
451 1473 601 1514 scriptum
625 1473 720 1502 enim.

238 1516 331 1548 Venit
359 1523 457 1547 autem
478 1516 511 1546 in
533 1514 585 1545 hac
608 1512 718 1543 afflone
744 1510 780 1546 δέ)
801 1511 881 1542 dolus
899 1510 935 1545 ἐπ”
960 1511 1063 1552 culpa,

261 1563 294 1588 ut
311 1558 342 1588 in
360 1557 547 1593 commodato5
570 1555 651 1585 venii
669 1554 705 1588 δ’
722 1550 849 1593 custodia
866 1564 876 1584 .·
905 1555 950 1583 vis
973 1553 1065 1595 major

261 1607 319 1629 non
336 1600 425 1629 venit.

202 1639 412 1671 Scribendum
436 1648 516 1669 vero

241 1681 332 1714 Venit
354 1688 449 1712 autem
465 1681 495 1711 iiz
512 1679 564 1709 hac
581 1677 691 1709 afflone
708 1676 744 1710 &⁹
760 1677 841 1708 doliis
857 1675 894 1710 ὅ)
909 1675 1010 1714 ειιῖρας
1034 1680 1065 1706 at

261 1723 293 1753 in
311 1723 480 1754 commodato
503 1721 585 1751 venit
608 1718 644 1753 ὅ)
660 1717 808 1759 custodia:
836 1720 882 1748 vis
898 1717 989 1758 major
1008 1726 1065 1747 non

261 1765 352 1795 venit.

201 1802 279 1838 Hoc
295 1814 389 1845 quam
407 1814 483 1836 vere
501 1802 634 1834 dixerim
650 1824 660 1839 ,
683 1809 748 1831 non
765 1798 978 1840 exspeftabis,
1003 1809 1065 1840 ego

202 1853 239 1877 ut
256 1847 410 1886 probem:
436 1843 587 1884 cumipse
614 1843 643 1873 in
664 1843 747 1872 hunc
766 1850 830 1872 non
857 1848 977 1872 tantuin
1000 1840 1066 1871 sen-

201 1887 287 1924 sum,
312 1887 363 1920 sed
382 1888 410 1919 ἂ
427 1888 576 1923 modum,
601 1883 714 1915 scribat
729 1880 883 1923 Ulpianus
899 1881 919 1913 l.
934 1892 962 1922 5.
988 1881 1017 1923 ς.
1035 1891 1063 1912 2.

202 1927 246 1959 D.
272 1928 445 1959 Coniinoa'oti
466 1928 512 1959 vel
529 1931 639 1957 contra.

247 1969 306 2000 Ubi
325 1971 474 2011 utriusque
492 1969 602 1999 utilitas
618 1967 744 1996 vertitur
760 1986 769 2000 ‚
798 1968 832 1993 ut
847 1963 878 1993 in
893 1969 1001 2003 empto,
1034 1969 1067 1995 ut

264 2011 295 2041 in
313 2010 417 2048 locato,
444 2016 476 2041 nt
493 2011 524 2039 in
542 2011 621 2045 dote,
637 2013 670 2037 ‘lit
688 2009 719 2037 in
744 2001 832 2038 PiG
844 2003 873 2035 N
885 2003 1009 2044 ORE,
1032 2011 1066 2035 ut

264 2053 296 2082 in
325 2053 477 2087 societate,
513 2050 549 2084 ἑῇς
583 2046 788 2083 DOLUS,
826 2044 863 2079 {5’
894 2045 1066 2077 CULPA

259 2090 423 2133 prastizur.
449 2085 854 2123 COMMODA'PUM
873 2085 1064 2118 AUTEM

258 2134 427 2174 plerumque
454 2133 542 2171 lolam
573 2131 729 2162 utilitatem
754 2129 877 2160 continet
900 2129 961 2170 ejas
977 2152 987 2166 ‚
1019 2129 1066 2159 czii

265 2169 458 2206 coitzriiorlatar
475 2198 485 2212 ,
515 2173 551 2208 &²
575 2174 634 2202 ideo
660 2181 754 2202 verior
777 2167 816 2210 eft
835 2168 945 2214 Quinti
969 2169 1068 2200 Mucii

255 2216 424 2255 sentencia,
449 2212 640 2255 existimantis
652 2236 661 2251 ,
687 2213 723 2246 δέ’
754 2210 781 2242 C
795 2210 822 2242 U
834 2212 858 2242 L
871 2210 978 2243 PAM
996 2217 1066 2252 prce·

257 2254 415 2297 standum,
438 2256 474 2291 &³
501 2252 891 2286 DILIGENTIAM,

204 2297 315 2330 Habes
331 2297 456 2333 Ulpiani
482 2295 729 2329 definitionem:
759 2302 819 2334 qua
847 2293 923 2339 quid
948 2302 1066 2325 conve-

204 2340 343 2370 nientius
364 2338 401 2370 fit
425 2337 564 2378 Ulpiano
586 2346 602 2367 a
626 2345 676 2367 me
697 2336 868 2367 emendato
887 2344 917 2365 111
943 2336 970 2365 cl.
989 2335 1016 2376 §.
1040 2344 1063 2365 1.

204 2382 225 2411 l.
246 2389 291 2421 13.
315 2381 418 2412 nullus
434 2380 551 2411 video:
575 2376 630 2409 nifi
646 2377 693 2408 hae
718 2385 816 2408 voces
836 2382 931 2407 autem
953 2376 980 2407 <St
999 2377 1064 2406 dili-

201 2423 303 2463 gentio
325 2422 417 2453 aliter
441 2421 473 2452 iti
495 2421 523 2451 d.
548 2419 577 2461 ς.
595 2429 622 2450 2.
648 2427 740 2458 quam
767 2419 797 2449 in
819 2419 847 2448 d.
871 2417 899 2459 §.
924 2427 945 2447 i.
978 2423 1009 2448 at
1034 2418 1063 2448 ἃ

205 2460 332 2503 custodia
354 2462 562 2502 accipiuntur.
615 2459 677 2490 Sed
708 2459 842 2490 alterum
873 2466 959 2490 vetat
992 2460 1066 2489 Pau-

204 2503 269 2535 lus:
292 2504 346 2542 qui
367 2503 541 2535 custodiam
562 2500 823 2542 diligentiamque
845 2501 961 2540 pai-izei·
985 2499 1066 2530 usur·

205 2551 261 2585 pat
282 2545 329 2577 lib.
349 2555 376 2575 2.
402 2545 529 2576 sentent.
554 2545 599 2574 ziz.
618 2554 637 2581 4
673 2542 691 2583 §
719 2552 746 2582 3.
770 2551 862 2578 cum,
881 2542 1008 2580 Servus,
1024 2542 1067 2572 in-

203 2588 275 2625 quit
292 2608 301 2621 ,
332 2586 377 2616 vei
392 2595 477 2627 equus
492 2584 520 2621 si
536 2594 554 2616 a
569 2584 743 2621 iacroizious,
767 2583 814 2613 vel
831 2584 861 2612 in
879 2582 962 2622 bello,
986 2585 1016 2613 in
1038 2593 1068 2613 a·

203 2625 272 2658 liam
290 2633 404 2657 causam
424 2628 591 2657 commodati
606 2623 688 2662 occifi
705 2630 791 2662 lzmi,
811 2623 883 2654 aetio
899 2625 1069 2655 commodati

201 2669 320 2699 datur.-
354 2668 481 2708 custodia
505 2670 580 2698 enim
603 2667 640 2701 δέ)
664 2666 814 2706 diligentia
830 2666 872 2695 rei
890 2667 1068 2697 commodam

198 2707 363 2751 praeliando
394 2707 441 2748 esi.
497 2709 637 2739 Alterum
670 2707 749 2738 fides
779 2707 844 2737 vei-i
872 2707 1067 2739 manifestius

201 2750 327 2786 *refellit
347 2774 356 2788 ,
390 2759 484 2790 quam
505 2759 538 2780 ut
556 2749 682 2788 probari
706 2747 831 2779 necesse
853 2747 900 2779 fit.
941 2748 1067 2780 'samen

200 2791 228 2823 .ss
243 2792 312 2831 quis
336 2791 386 2822 vel
407 2791 470 2822 lioc
489 2798 577 2830 petet
596 2813 605 2827 ‚
638 2791 704 2829 ejus
721 2789 852 2820 honoris
870 2789 958 2821 causa
973 2799 1069 2831 appo·

204 2842 278 2867 nain
299 2831 431 2874 Gajum:
456 2832 508 2869 qui
531 2830 651 2862 causam
670 2831 807 2870 pigrioris
832 2831 861 2862 δι
885 2832 1069 2863 commoda-

204 2875 240 2946 Ξί)
256 2872 322 2915 ipso
348 2874 449 2905 verbo
477 2877 508 2903 at
532 2872 694 2913 distinguit
715 2873 746 2903 in
770 2871 875 2903 verbis
898 2872 963 2905 istis
982 2873 1002 2904 l.
1022 2878 1068 2908 18.

242 2940 249 2947 .
274 2917 332 2946 eod.
357 2916 402 2946 tit.

245 2959 286 2989 In
308 2957 388 2987 rehzis
421 2952 629 2988 COMMO
645 2952 809 2986 DATIS
839 2953 907 2984 talis
938 2953 1068 2987 DILI-

266 2995 487 3029 GENTIA
516 2995 675 3034 praeliando
712 2994 774 3033 est,
809 2995 921 3036 qualem
947 2998 1068 3037 quisque

266 3037 299 3070 D
312 3037 423 3070 ILIG
435 3038 459 3069 E
473 3037 594 3070 NTIS
605 3037 623 3068 S
636 3037 645 3068 i
658 3037 693 3068 M
704 3036 732 3067 U
744 3037 763 3068 S
784 3037 1070 3077 paterfamiliasfltz's

267 3081 350 3110 rebus
368 3081 501 3112 adhibet.-
523 3080 566 3111 iia
588 3084 621 3109 ut
635 3083 749 3108 tantum
769 3087 811 3107 eos
829 3080 911 3116 casus
928 3088 984 3109 non
996 3085 1068 3117 prce·

260 3118 319 3159 stet
338 3143 348 3158 ‚
378 3122 482 3162 quibus
515 3118 603 3161 resisti
625 3129 681 3150 non
707 3117 792 3160 poffit
809 3141 818 3157 ‚
854 3119 946 3148 velati
966 3125 1069 3149 mortes

257 3160 413 3198 servorum
430 3185 440 3200 ,
475 3172 536 3203 qaae
560 3160 624 3200 fine
646 3161 706 3191 dolo
736 3159 773 3195 ὦ)
796 3159 878 3198 culpa
904 3160 964 3201 ejiis
995 3161 1067 3190 acci-

266 3201 364 3238 dam,
395 3202 558 3241 latronum,
591 3199 748 3242 ,bostiumve
772 3203 928 3240 incursus,
955 3201 1066 3240 pirata-

266 3250 332 3274 rum
352 3239 489 3283 infidias,
518 3244 730 3285 naufragium,
760 3243 943 3281 incendium,
968 3242 1065 3283 fugas

1165 1181 1340 1220 servornm,
1371 1181 1422 1220 qiii
1446 1178 1584 1220 custodiri
1603 1190 1659 1212 non
1681 1180 1779 1215 liilent.
1822 1178 1864 1211 Et
1886 1179 1968 1221 post.

1167 1221 1241 1252 Haec
1262 1222 1324 1259 ita,
1343 1218 1368 1257 si
1390 1223 1538 1252 duntaxat
1553 1222 1719 1263 accipientis
1733 1222 1833 1264 gratia
1851 1231 1969 1253 commo-

1166 1264 1237 1294 cloio
1263 1261 1304 1300 fii
1335 1271 1388 1293 res.
1430 1262 1500 1294 AT
1514 1286 1523 1301 ‚
1548 1262 1578 1301 fi
1602 1264 1755 1305 utriusque
1773 1287 1782 1301 ,
1821 1263 1913 1294 veluti
1940 1262 1970 1302 fi

1169 1313 1342 1335 communem
1366 1304 1489 1335 amicam
1514 1305 1552 1335 ad
1581 1314 1689 1336 coenam
1714 1306 1940 1336 invitaverimus
1957 1328 1969 1343 ,

1168 1350 1258 1387 tuque
1279 1345 1341 1387 ejus
1363 1346 1404 1376 rei
1419 1346 1711 1387 curamsuscepiffes,
1735 1346 1771 1380 ἐξ)
1787 1355 1835 1387 ego
1852 1346 1905 1376 tibi
1921 1355 1970 1376 ar-

1164 1393 1288 1428 genium
1310 1388 1568 1425 commodaverim,
1588 1389 1735 1427 seriptum
1759 1388 1871 1428 quidem
1893 1387 1971 1426 apud

1165 1430 1302 1470 quosdam
1323 1429 1456 1465 invenio,
1486 1429 1568 1469 quasi
1588 1429 1682 1459 dolum
1707 1434 1823 1460 tantum
1835 1427 1972 1468 praestare

1167 1471 1292 1500 debeas:
1314 1471 1366 1509 sea'
1388 1471 1545 1500 videntium
1570 1468 1609 1509 est
1627 1493 1636 1508 ,
1668 1479 1704 1500 ne
1726 1468 1762 1504 ἐξ
1792 1468 1858 1500 CU
1873 1468 1968 1501 LPA

1161 1509 1395 1552 prtaftancitifim
1422 1509 1491 1541 UT
1516 1509 1608 1542 ITA
1631 1509 1822 1542 CULPAE
1845 1508 1970 1542 FIAT

1165 1550 1507 1590 AESTIMA'I‘IO,
1532 1551 1696 1584 SICUT
1725 1550 1778 1583 IN
1801 1550 1970 1583 REBUS

1168 1591 1401 1625 PIGNORI
1436 1595 1538 1633 datis,
1574 1593 1611 1628 ὃ
1645 1590 1970 1625 DOTALIEUS

1168 1633 1301 1676 testimari
1311 1635 1392 1675 solet.

1109 1673 1190 1707 Haec
1210 1677 1326 1716 cuique
1351 1676 1489 1716 liquent;
1520 1675 1573 1707 sed
1597 1675 1642 1707 illi
1665 1676 1718 1717 qui
1735 1675 1774 1707 ad
1792 1675 1973 1708 probabilia

1110 1726 1179 1748 nica
1198 1725 1288 1748 notas
1308 1716 1442 1757 sci-ipsit,
1458 1726 1523 1748 non
1543 1718 1684 1757 liquent3
1703 1725 1794 1757 putat
1812 1718 1836 1748 is
1849 1717 1971 1755 ‚credi-

1108 1766 1211 1789 torem
1226 1782 1235 1797 ,
1266 1767 1402 1799 accepto
1426 1762 1559 1798 pignore
1575 1782 1585 1798 ,
1619 1759 1793 1799 duplicitur
1817 1758 1971 1799 obligari3

1108 1800 1270 1840 primuni,
1301 1809 1341 1830 ne
1367 1801 1556 1837 ainittzitur3
1587 1799 1726 1837 deinde,
1758 1808 1799 1830 ne
1830 1800 1972 1831 deterius

1108 1839 1180 1871 fiat:
1211 1841 1347 1881 proinde
1375 1840 1395 1871 fi
1423 1841 1462 1872 de
1489 1840 1581 1880 culpa
1605 1849 1780 1880 quaeratur,
1803 1840 1971 1879 interess'e,

1110 1891 1215 1912 utrum
1259 1882 1364 1912 erierit
1381 1881 1511 1922 pignus,
1536 1891 1573 1912 an
1592 1880 1708 1913 salvum
1725 1881 1782 1921 fit,
1807 1881 1860 1913 sed
1881 1882 1972 1913 dete-

1109 1932 1173 1955 rius
1190 1890 1327 1962 facium
1350 1922 1418 1953 istic
1435 1923 1560 1962 culpam
1580 1929 1701 1954 tantum
1722 1923 1827 1955 levem
1846 1946 1855 1961 ‚
1884 1923 1970 1962 illic,

1110 1973 1145 1995 nt
1168 1965 1198 1994 in
1225 1964 1434 1994 commodato
1450 1987 1460 2001 ‚
1491 1965 1584 1995 etiam
1607 1964 1782 1997 custodiam
1799 1988 1809 2002 ‚
1845 1964 1877 1995 id
1900 1963 1944 1995 est
1959 1986 1972 2002 ‚

1109 2005 1233 2045 culpam
1261 2005 1441 2036 leviffimam
1464 2004 1669 2046 praestandam
1696 2005 1777 2037 ess'e:
1801 2006 1882 2037 adeo
1901 2006 1972 2036 ido-

1108 2056 1198 2078 neam
1228 2045 1289 2077 effe
1324 2045 1451 2086 Ulpiani
1482 2045 1697 2085 sententiam;
1730 2045 1828 2077 Venit
1854 2047 1884 2077 in
1910 2046 1970 2077 hac

1108 2088 1233 2119 afflone
1256 2088 1286 2118 <Sc
1314 2087 1428 2125 dolus,
1461 2087 1490 2118 ἀ
1509 2088 1618 2127 culpa:
1643 2088 1731 2118 venit
1756 2087 1785 2119 ἁ
1810 2087 1971 2125 custodia,

1110 2137 1143 2160 ut
1163 2131 1192 2160 in
1211 2129 1437 2161 commodato:
1455 2129 1632 2160 membrum
1649 2129 1853 2170 obligationis
1873 2138 1970 2160 111111111

1108 2171 1230 2211 culpae,
1253 2171 1385 2201 alterum
1409 2168 1582 2207 custodiae,
1614 2170 1815 2211 respondere.
1860 2170 1912 2201 Sic
1933 2170 1971 2200 il*-

1108 2212 1162 2243 le:
1186 2211 1208 2243 si
1230 2221 1327 2248 vere3
1350 2212 1431 2243 baud
1449 2210 1570 2242 causam
1587 2212 1680 2251 dico,
1702 2212 1777 2251 quin
1804 2211 1970 2243 temeraria

1107 2253 1142 2284 sit
1155 2252 1242 2292 justae
1258 2251 1418 2283 sententiae
1435 2255 1628 2284 emendatio.
1672 2253 1735 2284 Sed
1752 2253 1970 2293 experiamur,

1108 2304 1148 2325 ne
1168 2295 1282 2325 viderit
1307 2295 1338 2324 in
1362 2292 1502 2333 Ulpiano
1526 2293 1627 2325 homo
1644 2301 1753 2326 acutus
1769 2318 1777 2332 ‚
1809 2295 1896 2333 quod
1916 2303 1971 2323 rie-

1108 2344 1170 2375 que
1205 2335 1357 2375 Ulpianus
1382 2335 1486 2372 Vidit,
1518 2345 1623 2375 neque
1643 2336 1797 2367 Veterum
1821 2337 1970 2376 cuiquam

1109 2377 1138 2407 in
1165 2384 1304 2408 mentem
1329 2377 1442 2408 venit:
1472 2375 1536 2407 five
1561 2379 1645 2408 enim
1667 2377 1707 2408 de
1731 2377 1873 2417 pignoris
1899 2385 1969 2407 cor·

1109 2426 1285 2458 ruptione,
1317 2415 1380 2448 five
1401 2418 1440 2448 de
1466 2418 1651 2456 amfflione,
1686 2426 1820 2459 agamrz
1850 2416 1969 2457 separa-

1110 2467 1181 2490 runt
1206 2460 1237 2490 hi
1263 2460 1503 2490 commodatum
1526 2469 1543 2490 a
1569 2459 1729 2500 pignore3
1758 2467 1854 2499 atque
1871 2459 1902 2489 111
1925 2458 1969 2488 al-

1111 2508 1181 2532 tero
1198 2500 1321 2540 culpam
1346 2501 1469 2539 levem,
1502 2502 1534 2532 111
1558 2501 1659 2532 altero
1677 2499 1857 2531 leviffimam
1882 2499 1970 2530 veni-

1110 2551 1165 2580 re,
1189 2541 1364 2573 indistinete
1386 2542 1526 2572 arbitrati
1548 2540 1624 2572 funt.
1669 2540 1744 2573 Hoc
1769 2540 1854 2572 sensu
1872 2549 1968 2582 gene-

1110 2584 1216 2614 raliter
1239 2581 1309 2614 infit
1335 2581 1487 2623 Ulpianus
1517 2583 1536 2614 ί.
1561 2593 1592 2623 5.
1621 2581 1650 2623 §.
1670 2592 1699 2614 2.
1729 2582 1768 2614 l).
1793 2581 1971 2613 Commodaii

1109 2625 1154 2655 vel
1177 2630 1276 2655 contra
1293 2647 1303 2662 ,
1333 2624 1364 2655 in
1383 2625 1516 2665 pignore
1538 2624 1665 2663 quidem
1688 2624 1818 2661 dolum,
1851 2625 1880 2654 &
1903 2623 1971 2654 cul-

1109 2675 1181 2706 pam
1202 2690 1211 2705 ,
1244 2664 1406 2706 praestari3
1436 2666 1467 2696 iii
1491 2666 1699 2696 commodato
1722 2673 1828 2695 autem
1853 2664 1883 2695 &
1906 2663 1971 2694 cul-

1110 2717 1181 2749 pam
1200 2707 1404 2748 praestaiidam
1424 2730 1432 2744 ‚
1465 2706 1494 2737 &
1513 2706 1709 2747 diligentiam
1728 2717 1736 2737 :
1768 2706 1799 2737 id
1819 2705 1880 2743 est,
1913 2707 1970 2745 (ut

1111 2749 1228 2780 restitui
1252 2749 1284 2780 in
1308 2750 1336 2779 d.
1360 2748 1378 2778 i·
1402 2757 1447 2788 13.
1470 2747 1498 2789 §.
1520 2747 1566 2788 1)
1595 2755 1626 2778 at
1649 2747 1680 2778 in
1704 2747 1912 2778 commodato
1938 2746 1970 2777 <Sc

1112 2790 1296 2822 custodiam.
1340 2788 1402 2820 Sed
1427 2789 1615 2821 nominatim
1637 2789 1677 2819 de
1701 2788 1810 2819 amilio
1833 2789 1969 2827 pignore

1112 2832 1141 2862 ἃ
1158 2831 1366 2863 commodato
1390 2829 1507 2861 differre
1524 2838 1595 2861 eum
1616 2829 1647 2860 in
1671 2832 1800 2861 modum
1818 2828 1914 2868 Gajus
1936 2830 1969 2859 in

1111 2873 1215 2905 verbis
1248 2873 1337 2913 supra
1368 2872 1509 2903 adduCtis
1536 2881 1576 2902 ex
1606 2871 1625 2903 i.
1658 2876 1702 2905 18.
1727 2870 1767 2902 D.
1794 2870 1970 2901 Comiizodati

1110 2915 1156 2946 vel
1171 2919 1280 2945 contra.
1325 2914 1438 2951 Adde,
1464 2912 1684 2944 Diocletianus
1701 2913 1730 2943 &
1755 2911 1969 2950 Maximianus

1109 2957 1128 2986 l.
1153 2966 1183 2993 9.
1217 2955 1250 2986 C.
1273 2956 1306 2985 de
1327 2955 1515 2996 pigneratitia
1540 2953 1658 2985 afflone.
1683 2953 1734 2985 ubi
1753 2952 1794 2984 fic
1817 2953 1971 2983 scribunt.

1111 2998 1185 3029 Cum
1205 2997 1353 3031 adseveras
1376 2998 1406 3026 in
1430 2995 1536 3026 horreis
1552 2996 1677 3036 pignora
1699 2993 1819 3035 deposita
1835 3016 1843 3032 ‚
1874 2995 1968 3032 conse-

1111 3048 1200 3080 quens
1215 3036 1253 3077 est
1269 3060 1278 3076 ‚
1301 3037 1460 3076 secundum
1478 3037 1529 3077 jus
1547 3042 1715 3077 perpetuum
1735 3034 1902 3075 pignoribus
1920 3034 1970 3063 de·

1111 3081 1197 3110 bitori
1210 3080 1397 3120 pereuntibus
1421 3075 1462 3117 (fi
1483 3083 1578 3109 tamea
1594 3080 1625 3108 in
1642 3077 1746 3108 horreis
1762 3098 1771 3111 ,
1803 3076 1905 3115 quilius
1929 3073 1967 3108 δέ’

1111 3121 1161 3151 (11ἱί
1170 3122 1298 3160 solebant
1316 3119 1428 3160 publice
1444 3121 1505 3156 uti,
1538 3129 1581 3150 res
1597 3117 1721 3159 depoficae
1737 3115 1817 3155 sint)
1836 3115 1968 3155 pristina—

1111 3162 1163 3192 lem
1179 3161 1317 3193 astionem
1333 3161 1418 3191 debiti
1434 3161 1594 3201 repon-endi
1608 3159 1694 3198 causa
1717 3159 1858 3199 integram
1874 3162 1900 3186 te
1916 3156 1968 3186 ha·

1108 3204 1178 3234 bere.
1223 3201 1366 3245 Quaestio
1383 3201 1628 3241 imperatoribus
1646 3199 1690 3231 est
1704 3200 1743 3230 de
1758 3197 1884 3233 amissb,
1902 3205 1969 3227 non

1109 3244 1148 3276 de
1166 3245 1363 3277 deteriorato
1378 3266 1389 3283 ,
1419 3243 1577 3284 pignore3
1599 3251 1639 3273 ne
1653 3250 1758 3273 erres:
1790 3245 1968 3311 negaissgetg-

1959 3299 1971 3317 5
