<?xml version="1.0" encoding="UTF-8"?>
<!DOCTYPE html PUBLIC "-//W3C//DTD XHTML 1.0 Transitional//EN"
    "http://www.w3.org/TR/xhtml1/DTD/xhtml1-transitional.dtd">
<html xmlns="http://www.w3.org/1999/xhtml" xml:lang="en" lang="en">
 <head>
  <title>
</title>
<meta http-equiv="Content-Type" content="text/html;charset=utf-8" />
  <meta name='ocr-system' content='tesseract 3.04.00' />
  <meta name='ocr-capabilities' content='ocr_page ocr_carea ocr_par ocr_line ocrx_word'/>
</head>
<body>
  <div class='ocr_page' id='page_1' title='image "./gerardinoodtnovi00nood_0978.png"; bbox 0 0 2036 3495; ppageno 0'>
   <div class='ocr_carea' id='block_1_1' title="bbox 147 62 217 106">
    <p class='ocr_par' dir='ltr' id='par_1_1' title="bbox 147 62 217 106">
     <span class='ocr_line' id='line_1_1' title="bbox 147 62 217 106; baseline -0.014 0"><span class='ocrx_word' id='word_1_1' title='bbox 147 62 217 106; x_wconf 83' lang='lat'>396</span> 
     </span>
    </p>
   </div>
   <div class='ocr_carea' id='block_1_2' title="bbox 153 134 1026 1046">
    <p class='ocr_par' dir='ltr' id='par_1_2' title="bbox 153 134 1025 673">
     <span class='ocr_line' id='line_1_2' title="bbox 153 134 1021 185; baseline -0.017 -7"><span class='ocrx_word' id='word_1_2' title='bbox 153 145 212 178; x_wconf 90' lang='lat' dir='ltr'>test</span> <span class='ocrx_word' id='word_1_3' title='bbox 235 153 301 179; x_wconf 85' lang='lat' dir='ltr'>tum</span> <span class='ocrx_word' id='word_1_4' title='bbox 324 169 333 185; x_wconf 89' lang='lat'>‚</span> <span class='ocrx_word' id='word_1_5' title='bbox 365 142 517 185; x_wconf 83' lang='lat' dir='ltr'>quidquid</span> <span class='ocrx_word' id='word_1_6' title='bbox 543 141 611 171; x_wconf 88' lang='lat' dir='ltr'>vult</span> <span class='ocrx_word' id='word_1_7' title='bbox 628 163 637 178; x_wconf 86' lang='lat'><em>‚</em></span> <span class='ocrx_word' id='word_1_8' title='bbox 667 145 731 169; x_wconf 86' lang='lat' dir='ltr'>tam</span> <span class='ocrx_word' id='word_1_9' title='bbox 757 134 896 181; x_wconf 83' lang='lat' dir='ltr'>pacisci,</span> <span class='ocrx_word' id='word_1_10' title='bbox 927 140 1021 174; x_wconf 87' lang='lat' dir='ltr'>quam</span> 
     </span>
     <span class='ocr_line' id='line_1_3' title="bbox 153 176 1021 228; baseline -0.018 -8"><span class='ocrx_word' id='word_1_11' title='bbox 153 187 311 228; x_wconf 85' lang='lat' dir='ltr'>stipulari,</span> <span class='ocrx_word' id='word_1_12' title='bbox 343 186 372 218; x_wconf 88' lang='lat'>&amp;</span> <span class='ocrx_word' id='word_1_13' title='bbox 399 185 563 226; x_wconf 84' lang='lat' dir='ltr'>ignorante</span> <span class='ocrx_word' id='word_1_14' title='bbox 594 180 743 211; x_wconf 84' lang='lat' dir='ltr'>muliere:</span> <span class='ocrx_word' id='word_1_15' title='bbox 774 185 894 216; x_wconf 80' lang='lat' dir='ltr'>quippe</span> <span class='ocrx_word' id='word_1_16' title='bbox 919 176 1021 216; x_wconf 87' lang='lat' dir='ltr'>legem</span> 
     </span>
     <span class='ocr_line' id='line_1_4' title="bbox 154 218 1021 262; baseline -0.017 -2"><span class='ocrx_word' id='word_1_17' title='bbox 154 229 263 259; x_wconf 87' lang='lat' dir='ltr'>dicens</span> <span class='ocrx_word' id='word_1_18' title='bbox 278 229 335 259; x_wconf 80' lang='lat' dir='ltr'>suae</span> <span class='ocrx_word' id='word_1_19' title='bbox 351 227 404 258; x_wconf 87' lang='lat' dir='ltr'>rei.</span> <span class='ocrx_word' id='word_1_20' title='bbox 427 224 477 255; x_wconf 79' lang='lat' dir='ltr'>sed</span> <span class='ocrx_word' id='word_1_21' title='bbox 495 224 524 253; x_wconf 87' lang='lat' dir='ltr'>in</span> <span class='ocrx_word' id='word_1_22' title='bbox 536 229 624 262; x_wconf 85' lang='lat' dir='ltr'>patre</span> <span class='ocrx_word' id='word_1_23' title='bbox 634 221 702 261; x_wconf 85' lang='lat' dir='ltr'>plus</span> <span class='ocrx_word' id='word_1_24' title='bbox 719 218 926 250; x_wconf 80' lang='lat' dir='ltr'>desideratur:</span> <span class='ocrx_word' id='word_1_25' title='bbox 949 225 1021 247; x_wconf 88' lang='lat' dir='ltr'>nam</span> 
     </span>
     <span class='ocr_line' id='line_1_5' title="bbox 154 257 1019 309; baseline -0.017 -7"><span class='ocrx_word' id='word_1_26' title='bbox 154 266 179 301; x_wconf 82' lang='lat' dir='ltr'>is</span> <span class='ocrx_word' id='word_1_27' title='bbox 195 268 214 301; x_wconf 80' lang='lat' dir='ltr'>fi</span> <span class='ocrx_word' id='word_1_28' title='bbox 232 269 306 309; x_wconf 86' lang='lat' dir='ltr'>quid</span> <span class='ocrx_word' id='word_1_29' title='bbox 323 268 415 304; x_wconf 86' lang='lat' dir='ltr'>velit,</span> <span class='ocrx_word' id='word_1_30' title='bbox 440 272 473 294; x_wconf 91' lang='lat' dir='ltr'>ut</span> <span class='ocrx_word' id='word_1_31' title='bbox 489 262 611 303; x_wconf 82' lang='lat' dir='ltr'>potest,</span> <span class='ocrx_word' id='word_1_32' title='bbox 628 262 799 299; x_wconf 78' lang='lat' dir='ltr'>excipere;</span> <span class='ocrx_word' id='word_1_33' title='bbox 823 259 855 303; x_wconf 80' lang='lat' dir='ltr'>id</span> <span class='ocrx_word' id='word_1_34' title='bbox 874 257 1019 296; x_wconf 84' lang='lat' dir='ltr'>stipulati-</span> 
     </span>
     <span class='ocr_line' id='line_1_6' title="bbox 156 298 1021 343; baseline -0.015 -2"><span class='ocrx_word' id='word_1_35' title='bbox 156 319 219 341; x_wconf 90' lang='lat' dir='ltr'>one</span> <span class='ocrx_word' id='word_1_36' title='bbox 241 310 368 341; x_wconf 86' lang='lat' dir='ltr'>efficere</span> <span class='ocrx_word' id='word_1_37' title='bbox 393 306 488 336; x_wconf 86' lang='lat' dir='ltr'>debet</span> <span class='ocrx_word' id='word_1_38' title='bbox 508 327 517 342; x_wconf 91' lang='lat'>‚</span> <span class='ocrx_word' id='word_1_39' title='bbox 549 303 642 343; x_wconf 63' lang='lat' dir='ltr'>pacto</span> <span class='ocrx_word' id='word_1_40' title='bbox 668 301 809 342; x_wconf 74' lang='lat' dir='ltr'>simplice</span> <span class='ocrx_word' id='word_1_41' title='bbox 837 299 867 331; x_wconf 85' lang='lat' dir='ltr'>id</span> <span class='ocrx_word' id='word_1_42' title='bbox 891 298 1021 329; x_wconf 76' lang='lat' dir='ltr'>efficere</span> 
     </span>
     <span class='ocr_line' id='line_1_7' title="bbox 158 339 1018 390; baseline -0.014 -8"><span class='ocrx_word' id='word_1_43' title='bbox 158 360 221 382; x_wconf 91' lang='lat' dir='ltr'>non</span> <span class='ocrx_word' id='word_1_44' title='bbox 244 348 348 390; x_wconf 83' lang='lat' dir='ltr'>potest</span> <span class='ocrx_word' id='word_1_45' title='bbox 372 347 389 377; x_wconf 83' lang='lat'>1.</span> <span class='ocrx_word' id='word_1_46' title='bbox 412 349 444 377; x_wconf 86' lang='lat'>6.</span> <span class='ocrx_word' id='word_1_47' title='bbox 471 345 504 376; x_wconf 91' lang='lat' dir='ltr'>C.</span> <span class='ocrx_word' id='word_1_48' title='bbox 529 346 562 375; x_wconf 84' lang='lat' dir='ltr'>de</span> <span class='ocrx_word' id='word_1_49' title='bbox 572 345 636 386; x_wconf 79' lang='lat' dir='ltr'>jur.</span> <span class='ocrx_word' id='word_1_50' title='bbox 661 344 718 374; x_wconf 77' lang='lat' dir='ltr'>dot.</span> <span class='ocrx_word' id='word_1_51' title='bbox 743 342 794 373; x_wconf 88' lang='lat' dir='ltr'>Sic</span> <span class='ocrx_word' id='word_1_52' title='bbox 813 349 886 372; x_wconf 84' lang='lat' dir='ltr'>ante</span> <span class='ocrx_word' id='word_1_53' title='bbox 907 339 1018 371; x_wconf 86' lang='lat' dir='ltr'>dotem</span> 
     </span>
     <span class='ocr_line' id='line_1_8' title="bbox 158 386 1017 429; baseline -0.014 -7"><span class='ocrx_word' id='word_1_54' title='bbox 158 389 360 429; x_wconf 85' lang='lat' dir='ltr'>datam.quid</span> <span class='ocrx_word' id='word_1_55' title='bbox 384 386 521 427; x_wconf 77' lang='lat' dir='ltr'>postea?</span> <span class='ocrx_word' id='word_1_56' title='bbox 545 393 676 422; x_wconf 75' lang='lat' dir='ltr'>neuter,</span> <span class='ocrx_word' id='word_1_57' title='bbox 704 393 808 424; x_wconf 86' lang='lat' dir='ltr'>neque</span> <span class='ocrx_word' id='word_1_58' title='bbox 830 390 936 427; x_wconf 73' lang='lat' dir='ltr'>pater,</span> <span class='ocrx_word' id='word_1_59' title='bbox 966 390 1017 426; x_wconf 55' lang='lat' dir='ltr'>ne:</span> 
     </span>
     <span class='ocr_line' id='line_1_9' title="bbox 158 421 1019 470; baseline -0.012 -8"><span class='ocrx_word' id='word_1_60' title='bbox 158 441 221 470; x_wconf 82' lang='lat' dir='ltr'>que</span> <span class='ocrx_word' id='word_1_61' title='bbox 245 437 409 461; x_wconf 83' lang='lat' dir='ltr'>extraneus</span> <span class='ocrx_word' id='word_1_62' title='bbox 436 427 538 467; x_wconf 79' lang='lat' dir='ltr'>potest</span> <span class='ocrx_word' id='word_1_63' title='bbox 562 426 616 458; x_wconf 80' lang='lat' dir='ltr'>fibi</span> <span class='ocrx_word' id='word_1_64' title='bbox 641 427 678 456; x_wconf 86' lang='lat' dir='ltr'>de</span> <span class='ocrx_word' id='word_1_65' title='bbox 701 427 778 456; x_wconf 87' lang='lat' dir='ltr'>dote</span> <span class='ocrx_word' id='word_1_66' title='bbox 805 424 880 464; x_wconf 88' lang='lat' dir='ltr'>quid</span> <span class='ocrx_word' id='word_1_67' title='bbox 905 421 1019 461; x_wconf 80' lang='lat' dir='ltr'>pacisci</span> 
     </span>
     <span class='ocr_line' id='line_1_10' title="bbox 159 463 1019 511; baseline -0.012 -8"><span class='ocrx_word' id='word_1_68' title='bbox 159 480 212 503; x_wconf 83' lang='lat' dir='ltr'>auc</span> <span class='ocrx_word' id='word_1_69' title='bbox 229 470 382 511; x_wconf 83' lang='lat' dir='ltr'>stipulari,</span> <span class='ocrx_word' id='word_1_70' title='bbox 398 467 452 499; x_wconf 86' lang='lat' dir='ltr'>nisi</span> <span class='ocrx_word' id='word_1_71' title='bbox 463 467 680 500; x_wconf 81' lang='lat' dir='ltr'>consentiente</span> <span class='ocrx_word' id='word_1_72' title='bbox 697 465 827 497; x_wconf 88' lang='lat' dir='ltr'>muliere</span> <span class='ocrx_word' id='word_1_73' title='bbox 844 464 863 495; x_wconf 83' lang='lat' dir='ltr'>l.</span> <span class='ocrx_word' id='word_1_74' title='bbox 884 474 931 495; x_wconf 89' lang='lat'>20.</span> <span class='ocrx_word' id='word_1_75' title='bbox 947 463 974 505; x_wconf 56' lang='grc' dir='ltr'>ὃ.</span> <span class='ocrx_word' id='word_1_76' title='bbox 995 472 1019 494; x_wconf 90' lang='grc'>1.</span> 
     </span>
     <span class='ocr_line' id='line_1_11' title="bbox 157 504 1023 550; baseline -0.01 -7"><span class='ocrx_word' id='word_1_77' title='bbox 157 512 200 543; x_wconf 90' lang='lat' dir='ltr'>D.</span> <span class='ocrx_word' id='word_1_78' title='bbox 216 512 242 542; x_wconf 83' lang='lat' dir='ltr'>b.</span> <span class='ocrx_word' id='word_1_79' title='bbox 260 519 281 542; x_wconf 76' lang='grc' dir='ltr'>ι.</span> <span class='ocrx_word' id='word_1_80' title='bbox 305 510 388 550; x_wconf 81' lang='lat' dir='ltr'>quali</span> <span class='ocrx_word' id='word_1_81' title='bbox 407 510 476 550; x_wconf 85' lang='lat' dir='ltr'>jure</span> <span class='ocrx_word' id='word_1_82' title='bbox 503 509 531 540; x_wconf 91' lang='lat' dir='ltr'>ei</span> <span class='ocrx_word' id='word_1_83' title='bbox 555 507 682 547; x_wconf 75' lang='lat' dir='ltr'>quaefiro</span> <span class='ocrx_word' id='word_1_84' title='bbox 698 508 716 537; x_wconf 88' lang='lat' dir='ltr'>l.</span> <span class='ocrx_word' id='word_1_85' title='bbox 733 517 762 547; x_wconf 86' lang='lat'>7.</span> <span class='ocrx_word' id='word_1_86' title='bbox 786 507 831 537; x_wconf 91' lang='lat' dir='ltr'>D.</span> <span class='ocrx_word' id='word_1_87' title='bbox 850 507 877 536; x_wconf 81' lang='lat' dir='ltr'>d.</span> <span class='ocrx_word' id='word_1_88' title='bbox 896 513 915 535; x_wconf 79' lang='lat' dir='ltr'>t.</span> <span class='ocrx_word' id='word_1_89' title='bbox 935 504 1023 544; x_wconf 84' lang='lat' dir='ltr'>quod</span> 
     </span>
     <span class='ocr_line' id='line_1_12' title="bbox 156 547 1025 588; baseline -0.01 -4"><span class='ocrx_word' id='word_1_90' title='bbox 156 551 261 584; x_wconf 86' lang='lat' dir='ltr'>invitae</span> <span class='ocrx_word' id='word_1_91' title='bbox 280 551 395 583; x_wconf 89' lang='lat' dir='ltr'>auferri</span> <span class='ocrx_word' id='word_1_92' title='bbox 412 558 464 582; x_wconf 85' lang='lat' dir='ltr'>aut</span> <span class='ocrx_word' id='word_1_93' title='bbox 480 550 791 588; x_wconf 82' lang='lat' dir='ltr'>comminuinequit:</span> <span class='ocrx_word' id='word_1_94' title='bbox 807 547 945 586; x_wconf 82' lang='lat' dir='ltr'>ideoque</span> <span class='ocrx_word' id='word_1_95' title='bbox 957 554 1025 576; x_wconf 82' lang='lat' dir='ltr'>eam</span> 
     </span>
     <span class='ocr_line' id='line_1_13' title="bbox 155 587 1024 634; baseline -0.01 -9"><span class='ocrx_word' id='word_1_96' title='bbox 155 601 303 634; x_wconf 82' lang='lat' dir='ltr'>agentern</span> <span class='ocrx_word' id='word_1_97' title='bbox 321 592 424 633; x_wconf 62' lang='lat' dir='ltr'>pactio</span> <span class='ocrx_word' id='word_1_98' title='bbox 449 592 563 623; x_wconf 76' lang='lat' dir='ltr'>lcedere</span> <span class='ocrx_word' id='word_1_99' title='bbox 586 600 651 621; x_wconf 90' lang='lat' dir='ltr'>non</span> <span class='ocrx_word' id='word_1_100' title='bbox 675 591 772 621; x_wconf 83' lang='lat' dir='ltr'>debet</span> <span class='ocrx_word' id='word_1_101' title='bbox 786 590 805 620; x_wconf 79' lang='grc'>1.</span> <span class='ocrx_word' id='word_1_102' title='bbox 823 598 849 629; x_wconf 86' lang='lat'>7.</span> <span class='ocrx_word' id='word_1_103' title='bbox 869 587 900 618; x_wconf 72' lang='lat' dir='ltr'>C.</span> <span class='ocrx_word' id='word_1_104' title='bbox 918 588 951 617; x_wconf 78' lang='lat' dir='ltr'>de</span> <span class='ocrx_word' id='word_1_105' title='bbox 960 588 1024 628; x_wconf 82' lang='lat' dir='ltr'>jur.</span> 
     </span>
     <span class='ocr_line' id='line_1_14' title="bbox 156 633 789 673; baseline -0.011 -7"><span class='ocrx_word' id='word_1_106' title='bbox 156 637 213 666; x_wconf 75' lang='lat' dir='ltr'>dot.</span> <span class='ocrx_word' id='word_1_107' title='bbox 229 635 246 666; x_wconf 77' lang='lat' dir='ltr'>l.</span> <span class='ocrx_word' id='word_1_108' title='bbox 262 645 310 671; x_wconf 87' lang='lat'>29.</span> <span class='ocrx_word' id='word_1_109' title='bbox 331 634 371 665; x_wconf 91' lang='lat' dir='ltr'>D.</span> <span class='ocrx_word' id='word_1_110' title='bbox 388 633 480 665; x_wconf 79' lang='lat' dir='ltr'>Solut.</span> <span class='ocrx_word' id='word_1_111' title='bbox 498 633 623 664; x_wconf 77' lang='lat' dir='ltr'>matrim.</span> <span class='ocrx_word' id='word_1_112' title='bbox 784 668 789 673; x_wconf 92' lang='lat'>.</span> 
     </span>
    </p>

    <p class='ocr_par' dir='ltr' id='par_1_3' title="bbox 156 669 1026 1046">
     <span class='ocr_line' id='line_1_15' title="bbox 197 669 1026 716; baseline -0.011 -9"><span class='ocrx_word' id='word_1_113' title='bbox 197 676 366 716; x_wconf 84' lang='lat' dir='ltr'>Reliquum</span> <span class='ocrx_word' id='word_1_114' title='bbox 385 675 474 706; x_wconf 84' lang='lat' dir='ltr'>estex</span> <span class='ocrx_word' id='word_1_115' title='bbox 485 673 587 705; x_wconf 88' lang='lat' dir='ltr'>forma</span> <span class='ocrx_word' id='word_1_116' title='bbox 605 672 683 713; x_wconf 67' lang='lat' dir='ltr'>pasti</span> <span class='ocrx_word' id='word_1_117' title='bbox 695 671 912 715; x_wconf 33' lang='lat' dir='ltr'>dotaliquu&#39;o</span> <span class='ocrx_word' id='word_1_118' title='bbox 929 669 1026 700; x_wconf 86' lang='lat' dir='ltr'>modo</span> 
     </span>
     <span class='ocr_line' id='line_1_16' title="bbox 156 709 1025 754; baseline -0.012 -5"><span class='ocrx_word' id='word_1_119' title='bbox 156 717 276 749; x_wconf 73' lang='lat' dir='ltr'>factum</span> <span class='ocrx_word' id='word_1_120' title='bbox 291 716 403 748; x_wconf 85' lang='lat' dir='ltr'>servari</span> <span class='ocrx_word' id='word_1_121' title='bbox 423 715 548 746; x_wconf 86' lang='lat' dir='ltr'>debeat.</span> <span class='ocrx_word' id='word_1_122' title='bbox 575 715 604 746; x_wconf 68' lang='grc' dir='ltr'><strong>ἃ</strong></span> <span class='ocrx_word' id='word_1_123' title='bbox 630 714 680 744; x_wconf 91' lang='lat' dir='ltr'>vcl</span> <span class='ocrx_word' id='word_1_124' title='bbox 705 712 863 752; x_wconf 81' lang='lat' dir='ltr'>stipulatio</span> <span class='ocrx_word' id='word_1_125' title='bbox 890 711 966 740; x_wconf 86' lang='lat' dir='ltr'>illud</span> <span class='ocrx_word' id='word_1_126' title='bbox 985 709 1025 754; x_wconf 85' lang='lat' dir='ltr'>se·</span> 
     </span>
     <span class='ocr_line' id='line_1_17' title="bbox 158 751 1024 796; baseline -0.01 -7"><span class='ocrx_word' id='word_1_127' title='bbox 158 766 232 790; x_wconf 87' lang='lat' dir='ltr'>cuta</span> <span class='ocrx_word' id='word_1_128' title='bbox 248 758 311 796; x_wconf 83' lang='lat' dir='ltr'>est,</span> <span class='ocrx_word' id='word_1_129' title='bbox 337 758 385 789; x_wconf 83' lang='lat' dir='ltr'>vel</span> <span class='ocrx_word' id='word_1_130' title='bbox 407 757 544 787; x_wconf 80' lang='lat' dir='ltr'>traditio.</span> <span class='ocrx_word' id='word_1_131' title='bbox 569 755 675 793; x_wconf 84' lang='lat' dir='ltr'>priore</span> <span class='ocrx_word' id='word_1_132' title='bbox 700 754 770 784; x_wconf 75' lang='lat' dir='ltr'>calu</span> <span class='ocrx_word' id='word_1_133' title='bbox 792 752 929 782; x_wconf 89' lang='lat' dir='ltr'>servatur</span> <span class='ocrx_word' id='word_1_134' title='bbox 953 751 1024 781; x_wconf 74' lang='lat' dir='ltr'>aeh-</span> 
     </span>
     <span class='ocr_line' id='line_1_18' title="bbox 157 792 1026 837; baseline -0.01 -6"><span class='ocrx_word' id='word_1_135' title='bbox 157 810 220 831; x_wconf 92' lang='lat' dir='ltr'>one</span> <span class='ocrx_word' id='word_1_136' title='bbox 245 809 285 831; x_wconf 85' lang='lat' dir='ltr'>ex</span> <span class='ocrx_word' id='word_1_137' title='bbox 313 798 475 837; x_wconf 71' lang='lat' dir='ltr'>stipulatu:</span> <span class='ocrx_word' id='word_1_138' title='bbox 507 795 683 836; x_wconf 83' lang='lat' dir='ltr'>posteriore</span> <span class='ocrx_word' id='word_1_139' title='bbox 706 793 894 835; x_wconf 79' lang='lat' dir='ltr'>praescriptis</span> <span class='ocrx_word' id='word_1_140' title='bbox 920 792 1026 823; x_wconf 86' lang='lat' dir='ltr'>verbis</span> 
     </span>
     <span class='ocr_line' id='line_1_19' title="bbox 158 834 1025 881; baseline -0.01 -9"><span class='ocrx_word' id='word_1_141' title='bbox 158 841 178 872; x_wconf 90' lang='lat' dir='ltr'>l.</span> <span class='ocrx_word' id='word_1_142' title='bbox 196 843 274 871; x_wconf 77' lang='lat' dir='ltr'>unic.</span> <span class='ocrx_word' id='word_1_143' title='bbox 294 840 312 881; x_wconf 85' lang='lat'>§</span> <span class='ocrx_word' id='word_1_144' title='bbox 347 849 391 879; x_wconf 84' lang='lat'>¹5·</span> <span class='ocrx_word' id='word_1_145' title='bbox 418 838 449 868; x_wconf 89' lang='lat' dir='ltr'>C.</span> <span class='ocrx_word' id='word_1_146' title='bbox 481 839 513 868; x_wconf 84' lang='lat' dir='ltr'>de</span> <span class='ocrx_word' id='word_1_147' title='bbox 538 839 578 867; x_wconf 78' lang='lat' dir='ltr'>rei</span> <span class='ocrx_word' id='word_1_148' title='bbox 595 847 678 867; x_wconf 74' lang='lat' dir='ltr'>uxor.</span> <span class='ocrx_word' id='word_1_149' title='bbox 703 835 759 866; x_wconf 69' lang='grc' dir='ltr'>αέῖ.</span> <span class='ocrx_word' id='word_1_150' title='bbox 784 835 804 865; x_wconf 82' lang='lat' dir='ltr'>l.</span> <span class='ocrx_word' id='word_1_151' title='bbox 820 838 850 865; x_wconf 89' lang='lat'>6.</span> <span class='ocrx_word' id='word_1_152' title='bbox 867 834 900 864; x_wconf 91' lang='lat' dir='ltr'>C.</span> <span class='ocrx_word' id='word_1_153' title='bbox 917 835 949 864; x_wconf 79' lang='lat' dir='ltr'>de</span> <span class='ocrx_word' id='word_1_154' title='bbox 961 834 1025 875; x_wconf 82' lang='lat' dir='ltr'>jur.</span> 
     </span>
     <span class='ocr_line' id='line_1_20' title="bbox 158 875 1026 915; baseline -0.01 -2"><span class='ocrx_word' id='word_1_155' title='bbox 158 884 214 913; x_wconf 74' lang='lat' dir='ltr'>dot.</span> <span class='ocrx_word' id='word_1_156' title='bbox 240 881 303 913; x_wconf 87' lang='lat' dir='ltr'>illic</span> <span class='ocrx_word' id='word_1_157' title='bbox 328 889 375 910; x_wconf 82' lang='lat' dir='ltr'>res</span> <span class='ocrx_word' id='word_1_158' title='bbox 400 886 487 909; x_wconf 90' lang='lat' dir='ltr'>certa</span> <span class='ocrx_word' id='word_1_159' title='bbox 512 878 566 909; x_wconf 83' lang='lat' dir='ltr'>est.</span> <span class='ocrx_word' id='word_1_160' title='bbox 592 878 644 908; x_wconf 90' lang='lat' dir='ltr'>hic</span> <span class='ocrx_word' id='word_1_161' title='bbox 669 885 792 915; x_wconf 79' lang='lat' dir='ltr'>metus3</span> <span class='ocrx_word' id='word_1_162' title='bbox 821 885 861 906; x_wconf 90' lang='lat' dir='ltr'>ne</span> <span class='ocrx_word' id='word_1_163' title='bbox 887 875 969 905; x_wconf 90' lang='lat' dir='ltr'>nulla</span> <span class='ocrx_word' id='word_1_164' title='bbox 991 875 1026 905; x_wconf 84' lang='lat' dir='ltr'>sit</span> 
     </span>
     <span class='ocr_line' id='line_1_21' title="bbox 158 915 1023 961; baseline -0.009 -7"><span class='ocrx_word' id='word_1_165' title='bbox 158 923 262 959; x_wconf 64' lang='lat' dir='ltr'>aelio,</span> <span class='ocrx_word' id='word_1_166' title='bbox 291 921 372 961; x_wconf 85' lang='lat' dir='ltr'>quali</span> <span class='ocrx_word' id='word_1_167' title='bbox 399 920 491 959; x_wconf 70' lang='lat' dir='ltr'>patto</span> <span class='ocrx_word' id='word_1_168' title='bbox 517 920 610 950; x_wconf 76' lang='lat' dir='ltr'>nudo.</span> <span class='ocrx_word' id='word_1_169' title='bbox 641 919 703 950; x_wconf 83' lang='lat' dir='ltr'>Sed</span> <span class='ocrx_word' id='word_1_170' title='bbox 735 918 820 949; x_wconf 86' lang='lat' dir='ltr'>hunc</span> <span class='ocrx_word' id='word_1_171' title='bbox 846 915 1023 954; x_wconf 85' lang='lat' dir='ltr'>scrupulum</span> 
     </span>
     <span class='ocr_line' id='line_1_22' title="bbox 161 958 1021 1001; baseline -0.01 -7"><span class='ocrx_word' id='word_1_172' title='bbox 161 963 275 994; x_wconf 83' lang='lat' dir='ltr'>eximit</span> <span class='ocrx_word' id='word_1_173' title='bbox 300 963 364 993; x_wconf 90' lang='lat' dir='ltr'>hoc</span> <span class='ocrx_word' id='word_1_174' title='bbox 394 960 465 1001; x_wconf 69' lang='lat' dir='ltr'>Gaji</span> <span class='ocrx_word' id='word_1_175' title='bbox 483 961 501 991; x_wconf 91' lang='lat' dir='ltr'>l.</span> <span class='ocrx_word' id='word_1_176' title='bbox 520 966 568 1000; x_wconf 77' lang='lat'>48.</span> <span class='ocrx_word' id='word_1_177' title='bbox 588 961 629 991; x_wconf 90' lang='lat' dir='ltr'>D.</span> <span class='ocrx_word' id='word_1_178' title='bbox 653 963 686 991; x_wconf 69' lang='lat' dir='ltr'>cle</span> <span class='ocrx_word' id='word_1_179' title='bbox 704 959 817 999; x_wconf 62' lang='lat' dir='ltr'>pactis:</span> <span class='ocrx_word' id='word_1_180' title='bbox 839 958 951 997; x_wconf 80' lang='lat' dir='ltr'>(quam</span> <span class='ocrx_word' id='word_1_181' title='bbox 970 966 1021 987; x_wconf 84' lang='lat' dir='ltr'>ex-</span> 
     </span>
     <span class='ocr_line' id='line_1_23' title="bbox 158 998 1025 1046; baseline -0.01 -10"><span class='ocrx_word' id='word_1_182' title='bbox 158 1003 244 1046; x_wconf 85' lang='lat' dir='ltr'>posui</span> <span class='ocrx_word' id='word_1_183' title='bbox 260 1003 308 1035; x_wconf 79' lang='lat' dir='ltr'>lib.</span> <span class='ocrx_word' id='word_1_184' title='bbox 316 1001 396 1044; x_wconf 83' lang='lat' dir='ltr'>fing.</span> <span class='ocrx_word' id='word_1_185' title='bbox 414 1003 465 1033; x_wconf 77' lang='lat' dir='ltr'>Aa</span> <span class='ocrx_word' id='word_1_186' title='bbox 480 1002 578 1034; x_wconf 74' lang='grc' dir='ltr'>Εαῐὸῗ.</span> <span class='ocrx_word' id='word_1_187' title='bbox 595 1000 642 1032; x_wconf 82' lang='lat' dir='ltr'>De</span> <span class='ocrx_word' id='word_1_188' title='bbox 664 1000 744 1042; x_wconf 68' lang='lat' dir='ltr'>pact.</span> <span class='ocrx_word' id='word_1_189' title='bbox 767 1011 792 1032; x_wconf 81' lang='lat' dir='ltr'>c.</span> <span class='ocrx_word' id='word_1_190' title='bbox 822 999 891 1038; x_wconf 80' lang='lat'>12.)</span> <span class='ocrx_word' id='word_1_191' title='bbox 916 998 951 1029; x_wconf 79' lang='lat' dir='ltr'>ln</span> <span class='ocrx_word' id='word_1_192' title='bbox 967 1004 1025 1028; x_wconf 75' lang='lat' dir='ltr'>trct-</span> 
     </span>
    </p>
   </div>
   <div class='ocr_carea' id='block_1_3' title="bbox 568 44 1505 89">
    <p class='ocr_par' dir='ltr' id='par_1_4' title="bbox 568 44 1505 89">
     <span class='ocr_line' id='line_1_24' title="bbox 568 44 1505 89; baseline -0.011 -1"><span class='ocrx_word' id='word_1_193' title='bbox 568 46 1230 89; x_wconf 67' lang='lat' dir='ltr'>GnninniNoonT</span> <span class='ocrx_word' id='word_1_194' title='bbox 1288 44 1505 79; x_wconf 62' lang='lat' dir='ltr'>Corin.</span> 
     </span>
    </p>
   </div>
   <div class='ocr_carea' id='block_1_4' title="bbox 1062 133 1941 1030">
    <p class='ocr_par' dir='ltr' id='par_1_5' title="bbox 1062 133 1941 1030">
     <span class='ocr_line' id='line_1_25' title="bbox 1062 133 1929 179; baseline 0.01 -17"><span class='ocrx_word' id='word_1_195' title='bbox 1062 133 1220 163; x_wconf 75' lang='lat' dir='ltr'><em>ditionibus</em></span> <span class='ocrx_word' id='word_1_196' title='bbox 1234 141 1331 163; x_wconf 80' lang='lat' dir='ltr'>rerum</span> <span class='ocrx_word' id='word_1_197' title='bbox 1352 134 1547 175; x_wconf 71' lang='lat' dir='ltr'>quodcumque</span> <span class='ocrx_word' id='word_1_198' title='bbox 1556 134 1675 175; x_wconf 63' lang='lat' dir='ltr'>pastum</span> <span class='ocrx_word' id='word_1_199' title='bbox 1684 134 1744 175; x_wconf 76' lang='lat' dir='ltr'>sit,</span> <span class='ocrx_word' id='word_1_200' title='bbox 1766 137 1799 168; x_wconf 81' lang='lat' dir='ltr'>id</span> <span class='ocrx_word' id='word_1_201' title='bbox 1814 139 1929 179; x_wconf 80' lang='lat' dir='ltr'>valere,</span> 
     </span>
     <span class='ocr_line' id='line_1_26' title="bbox 1063 171 1931 220; baseline 0.01 -17"><span class='ocrx_word' id='word_1_202' title='bbox 1063 175 1143 220; x_wconf 64' lang='lat' dir='ltr'>inani</span> <span class='ocrx_word' id='word_1_203' title='bbox 1160 171 1319 214; x_wconf 83' lang='lat' dir='ltr'>estiffimum</span> <span class='ocrx_word' id='word_1_204' title='bbox 1334 175 1382 215; x_wconf 74' lang='lat' dir='ltr'>est.</span> <span class='ocrx_word' id='word_1_205' title='bbox 1401 176 1551 207; x_wconf 82' lang='lat' dir='ltr'>Putemus</span> <span class='ocrx_word' id='word_1_206' title='bbox 1568 176 1662 217; x_wconf 83' lang='lat' dir='ltr'>igitur</span> <span class='ocrx_word' id='word_1_207' title='bbox 1677 178 1848 211; x_wconf 75' lang='lat' dir='ltr'>fecundum</span> <span class='ocrx_word' id='word_1_208' title='bbox 1868 181 1931 212; x_wconf 88' lang='lat' dir='ltr'>hoc</span> 
     </span>
     <span class='ocr_line' id='line_1_27' title="bbox 1065 213 1931 261; baseline 0.012 -18"><span class='ocrx_word' id='word_1_209' title='bbox 1065 213 1186 260; x_wconf 53' lang='grc' dir='ltr'>(ᾂῑῃιᾼὶ</span> <span class='ocrx_word' id='word_1_210' title='bbox 1204 223 1372 248; x_wconf 82' lang='lat' dir='ltr'>extraneus</span> <span class='ocrx_word' id='word_1_211' title='bbox 1396 226 1455 257; x_wconf 92' lang='lat' dir='ltr'>pro</span> <span class='ocrx_word' id='word_1_212' title='bbox 1471 217 1602 250; x_wconf 82' lang='lat' dir='ltr'>muliere</span> <span class='ocrx_word' id='word_1_213' title='bbox 1619 220 1727 250; x_wconf 77' lang='lat' dir='ltr'>dotem</span> <span class='ocrx_word' id='word_1_214' title='bbox 1751 220 1825 259; x_wconf 89' lang='lat' dir='ltr'>det,</span> <span class='ocrx_word' id='word_1_215' title='bbox 1837 221 1866 252; x_wconf 71' lang='grc' dir='ltr'>ὅ(</span> <span class='ocrx_word' id='word_1_216' title='bbox 1880 230 1931 261; x_wconf 61' lang='lat' dir='ltr'>pa-</span> 
     </span>
     <span class='ocr_line' id='line_1_28' title="bbox 1063 255 1931 294; baseline 0.009 -8"><span class='ocrx_word' id='word_1_217' title='bbox 1063 255 1294 294; x_wconf 85' lang='lat' dir='ltr'>cilcatur,eam</span> <span class='ocrx_word' id='word_1_218' title='bbox 1305 257 1407 289; x_wconf 88' lang='lat' dir='ltr'>soluto</span> <span class='ocrx_word' id='word_1_219' title='bbox 1427 257 1630 290; x_wconf 85' lang='lat' dir='ltr'>matrimonio</span> <span class='ocrx_word' id='word_1_220' title='bbox 1655 260 1705 290; x_wconf 82' lang='lat' dir='ltr'>libi</span> <span class='ocrx_word' id='word_1_221' title='bbox 1722 260 1931 294; x_wconf 71' lang='lat' dir='ltr'>restituimon</span> 
     </span>
     <span class='ocr_line' id='line_1_29' title="bbox 1062 295 1933 342; baseline 0.01 -16"><span class='ocrx_word' id='word_1_222' title='bbox 1062 295 1124 342; x_wconf 72' lang='lat' dir='ltr'>esl&#39;e</span> <span class='ocrx_word' id='word_1_223' title='bbox 1135 297 1258 336; x_wconf 64' lang='lat' dir='ltr'>paetum</span> <span class='ocrx_word' id='word_1_224' title='bbox 1266 298 1383 331; x_wconf 86' lang='lat' dir='ltr'>nudum</span> <span class='ocrx_word' id='word_1_225' title='bbox 1393 322 1402 337; x_wconf 89' lang='lat'><em>‚</em></span> <span class='ocrx_word' id='word_1_226' title='bbox 1413 300 1510 340; x_wconf 83' lang='lat' dir='ltr'>magis</span> <span class='ocrx_word' id='word_1_227' title='bbox 1522 299 1621 330; x_wconf 85' lang='lat' dir='ltr'>videri</span> <span class='ocrx_word' id='word_1_228' title='bbox 1632 302 1829 334; x_wconf 71' lang='lat' dir='ltr'>contractum</span> <span class='ocrx_word' id='word_1_229' title='bbox 1843 302 1933 335; x_wconf 90' lang='lat' dir='ltr'>inno-</span> 
     </span>
     <span class='ocr_line' id='line_1_30' title="bbox 1062 340 1933 381; baseline 0.009 -13"><span class='ocrx_word' id='word_1_230' title='bbox 1062 345 1233 377; x_wconf 85' lang='lat' dir='ltr'>minatum,</span> <span class='ocrx_word' id='word_1_231' title='bbox 1244 340 1285 369; x_wconf 88' lang='lat' dir='ltr'>do</span> <span class='ocrx_word' id='word_1_232' title='bbox 1297 347 1330 370; x_wconf 90' lang='lat' dir='ltr'>ut</span> <span class='ocrx_word' id='word_1_233' title='bbox 1340 341 1463 372; x_wconf 80' lang='lat' dir='ltr'>reddas:</span> <span class='ocrx_word' id='word_1_234' title='bbox 1476 350 1515 371; x_wconf 86' lang='lat' dir='ltr'>ex</span> <span class='ocrx_word' id='word_1_235' title='bbox 1526 350 1606 380; x_wconf 83' lang='lat' dir='ltr'>quo,</span> <span class='ocrx_word' id='word_1_236' title='bbox 1626 349 1661 371; x_wconf 90' lang='lat' dir='ltr'>ut</span> <span class='ocrx_word' id='word_1_237' title='bbox 1673 342 1806 374; x_wconf 87' lang='lat' dir='ltr'>vidimus</span> <span class='ocrx_word' id='word_1_238' title='bbox 1817 367 1826 381; x_wconf 96' lang='lat'>‚</span> <span class='ocrx_word' id='word_1_239' title='bbox 1838 344 1933 376; x_wconf 79' lang='lat' dir='ltr'>nasci-</span> 
     </span>
     <span class='ocr_line' id='line_1_31' title="bbox 1062 379 1934 425; baseline 0.01 -17"><span class='ocrx_word' id='word_1_240' title='bbox 1062 386 1112 425; x_wconf 78' lang='lat' dir='ltr'>tur</span> <span class='ocrx_word' id='word_1_241' title='bbox 1129 379 1211 410; x_wconf 67' lang='lat' dir='ltr'>aelio</span> <span class='ocrx_word' id='word_1_242' title='bbox 1229 380 1414 422; x_wconf 78' lang='lat' dir='ltr'>praescriptis</span> <span class='ocrx_word' id='word_1_243' title='bbox 1438 383 1560 413; x_wconf 80' lang='lat' dir='ltr'>verbis:</span> <span class='ocrx_word' id='word_1_244' title='bbox 1583 392 1675 423; x_wconf 82' lang='lat' dir='ltr'>quam</span> <span class='ocrx_word' id='word_1_245' title='bbox 1699 384 1807 416; x_wconf 87' lang='lat' dir='ltr'>utilem</span> <span class='ocrx_word' id='word_1_246' title='bbox 1824 385 1934 417; x_wconf 84' lang='lat' dir='ltr'>condi·</span> 
     </span>
     <span class='ocr_line' id='line_1_32' title="bbox 1064 421 1929 467; baseline 0.012 -18"><span class='ocrx_word' id='word_1_247' title='bbox 1064 421 1199 450; x_wconf 74' lang='lat' dir='ltr'>trionem</span> <span class='ocrx_word' id='word_1_248' title='bbox 1212 430 1329 452; x_wconf 84' lang='lat' dir='ltr'>vocant</span> <span class='ocrx_word' id='word_1_249' title='bbox 1337 422 1471 454; x_wconf 78' lang='lat' dir='ltr'>Severus</span> <span class='ocrx_word' id='word_1_250' title='bbox 1481 424 1510 454; x_wconf 85' lang='lat'>&amp;</span> <span class='ocrx_word' id='word_1_251' title='bbox 1521 424 1757 456; x_wconf 80' lang='lat' dir='ltr'>Antoninusl.1.</span> <span class='ocrx_word' id='word_1_252' title='bbox 1771 425 1803 456; x_wconf 91' lang='lat' dir='ltr'>C.</span> <span class='ocrx_word' id='word_1_253' title='bbox 1813 426 1929 467; x_wconf 65' lang='lat' dir='ltr'>depast-</span> 
     </span>
     <span class='ocr_line' id='line_1_33' title="bbox 1064 462 1932 506; baseline 0.009 -15"><span class='ocrx_word' id='word_1_254' title='bbox 1064 468 1195 491; x_wconf 77' lang='lat' dir='ltr'>convent.</span> <span class='ocrx_word' id='word_1_255' title='bbox 1206 467 1264 492; x_wconf 77' lang='lat' dir='ltr'>tam</span> <span class='ocrx_word' id='word_1_256' title='bbox 1270 469 1332 504; x_wconf 75' lang='lat' dir='ltr'>lup.</span> <span class='ocrx_word' id='word_1_257' title='bbox 1342 465 1397 495; x_wconf 74' lang='lat' dir='ltr'>dot.</span> <span class='ocrx_word' id='word_1_258' title='bbox 1410 462 1525 496; x_wconf 82' lang='lat' dir='ltr'>Verba:</span> <span class='ocrx_word' id='word_1_259' title='bbox 1536 465 1639 506; x_wconf 80' lang='lat' dir='ltr'>Legem</span> <span class='ocrx_word' id='word_1_260' title='bbox 1650 475 1737 505; x_wconf 74' lang='lat' dir='ltr'>qnam</span> <span class='ocrx_word' id='word_1_261' title='bbox 1746 466 1856 506; x_wconf 70' lang='lat' dir='ltr'>dixisti,</span> <span class='ocrx_word' id='word_1_262' title='bbox 1868 478 1932 499; x_wconf 84' lang='lat' dir='ltr'>cum</span> 
     </span>
     <span class='ocr_line' id='line_1_34' title="bbox 1070 503 1931 550; baseline 0.009 -18"><span class='ocrx_word' id='word_1_263' title='bbox 1070 504 1160 533; x_wconf 72' lang='lat' dir='ltr'>dotem</span> <span class='ocrx_word' id='word_1_264' title='bbox 1173 510 1224 542; x_wconf 84' lang='lat' dir='ltr'>pro</span> <span class='ocrx_word' id='word_1_265' title='bbox 1240 503 1359 535; x_wconf 78' lang='lat' dir='ltr'>alumna</span> <span class='ocrx_word' id='word_1_266' title='bbox 1382 506 1481 542; x_wconf 78' lang='lat' dir='ltr'>dares,</span> <span class='ocrx_word' id='word_1_267' title='bbox 1495 507 1614 546; x_wconf 75' lang='lat' dir='ltr'>servm-i</span> <span class='ocrx_word' id='word_1_268' title='bbox 1639 513 1755 545; x_wconf 66' lang='lat' dir='ltr'>oportet.</span> <span class='ocrx_word' id='word_1_269' title='bbox 1776 518 1827 538; x_wconf 81' lang='lat' dir='ltr'>nec</span> <span class='ocrx_word' id='word_1_270' title='bbox 1846 509 1931 550; x_wconf 80' lang='lat' dir='ltr'>obeffe</span> 
     </span>
     <span class='ocr_line' id='line_1_35' title="bbox 1070 544 1933 588; baseline 0.01 -15"><span class='ocrx_word' id='word_1_271' title='bbox 1070 545 1128 588; x_wconf 31' lang='lat' dir='ltr'>tibi·</span> <span class='ocrx_word' id='word_1_272' title='bbox 1146 545 1240 581; x_wconf 72' lang='lat' dir='ltr'>(lebet,</span> <span class='ocrx_word' id='word_1_273' title='bbox 1264 548 1339 586; x_wconf 73' lang='lat' dir='ltr'>qnod</span> <span class='ocrx_word' id='word_1_274' title='bbox 1361 547 1417 576; x_wconf 81' lang='lat' dir='ltr'>clici</span> <span class='ocrx_word' id='word_1_275' title='bbox 1435 548 1526 585; x_wconf 75' lang='lat' dir='ltr'>solet,</span> <span class='ocrx_word' id='word_1_276' title='bbox 1549 556 1585 578; x_wconf 83' lang='lat' dir='ltr'>ex</span> <span class='ocrx_word' id='word_1_277' title='bbox 1608 548 1689 587; x_wconf 64' lang='lat' dir='ltr'>paeto</span> <span class='ocrx_word' id='word_1_278' title='bbox 1714 547 1852 581; x_wconf 67' lang='lat' dir='ltr'>cretionem</span> <span class='ocrx_word' id='word_1_279' title='bbox 1875 544 1933 582; x_wconf 74' lang='lat' dir='ltr'>non</span> 
     </span>
     <span class='ocr_line' id='line_1_36' title="bbox 1069 586 1933 628; baseline 0.009 -13"><span class='ocrx_word' id='word_1_280' title='bbox 1069 586 1165 624; x_wconf 78' lang='lat' dir='ltr'>nasci,</span> <span class='ocrx_word' id='word_1_281' title='bbox 1188 591 1256 617; x_wconf 79' lang='lat' dir='ltr'>tnnc</span> <span class='ocrx_word' id='word_1_282' title='bbox 1279 587 1354 615; x_wconf 84' lang='lat' dir='ltr'>enim</span> <span class='ocrx_word' id='word_1_283' title='bbox 1376 588 1426 617; x_wconf 80' lang='lat' dir='ltr'>boc</span> <span class='ocrx_word' id='word_1_284' title='bbox 1452 597 1553 618; x_wconf 77' lang='lat' dir='ltr'>verum</span> <span class='ocrx_word' id='word_1_285' title='bbox 1572 587 1627 628; x_wconf 80' lang='lat' dir='ltr'>eft,</span> <span class='ocrx_word' id='word_1_286' title='bbox 1650 598 1715 619; x_wconf 83' lang='lat' dir='ltr'>cum</span> <span class='ocrx_word' id='word_1_287' title='bbox 1737 589 1854 628; x_wconf 68' lang='lat' dir='ltr'>patiam</span> <span class='ocrx_word' id='word_1_288' title='bbox 1878 602 1933 623; x_wconf 87' lang='lat' dir='ltr'>nu-</span> 
     </span>
     <span class='ocr_line' id='line_1_37' title="bbox 1069 625 1932 673; baseline 0.01 -17"><span class='ocrx_word' id='word_1_289' title='bbox 1069 629 1138 656; x_wconf 82' lang='lat' dir='ltr'>dum</span> <span class='ocrx_word' id='word_1_290' title='bbox 1153 625 1210 667; x_wconf 77' lang='lat' dir='ltr'>est:</span> <span class='ocrx_word' id='word_1_291' title='bbox 1234 627 1360 668; x_wconf 80' lang='lat' dir='ltr'>alioquin</span> <span class='ocrx_word' id='word_1_292' title='bbox 1376 633 1440 658; x_wconf 79' lang='lat' dir='ltr'>cum</span> <span class='ocrx_word' id='word_1_293' title='bbox 1450 630 1575 667; x_wconf 77' lang='lat' dir='ltr'>pecunia</span> <span class='ocrx_word' id='word_1_294' title='bbox 1591 631 1695 668; x_wconf 65' lang='grc'>(161117,</span> <span class='ocrx_word' id='word_1_295' title='bbox 1720 630 1756 665; x_wconf 64' lang='lat'>{5⁹</span> <span class='ocrx_word' id='word_1_296' title='bbox 1773 633 1883 673; x_wconf 79' lang='lat' dir='ltr'>aliquid</span> <span class='ocrx_word' id='word_1_297' title='bbox 1899 635 1932 665; x_wconf 79' lang='lat' dir='ltr'>de</span> 
     </span>
     <span class='ocr_line' id='line_1_38' title="bbox 1066 667 1935 713; baseline 0.012 -17"><span class='ocrx_word' id='word_1_298' title='bbox 1066 669 1207 699; x_wconf 75' lang='lat' dir='ltr'>reddenda</span> <span class='ocrx_word' id='word_1_299' title='bbox 1223 677 1254 698; x_wconf 80' lang='lat' dir='ltr'>ea</span> <span class='ocrx_word' id='word_1_300' title='bbox 1273 669 1426 706; x_wconf 80' lang='lat' dir='ltr'>convenit,</span> <span class='ocrx_word' id='word_1_301' title='bbox 1451 668 1532 698; x_wconf 73' lang='lat' dir='ltr'>utilis</span> <span class='ocrx_word' id='word_1_302' title='bbox 1548 667 1585 708; x_wconf 76' lang='lat' dir='ltr'>eft</span> <span class='ocrx_word' id='word_1_303' title='bbox 1602 670 1748 703; x_wconf 55' lang='lat' dir='ltr'>condictio.</span> <span class='ocrx_word' id='word_1_304' title='bbox 1766 672 1872 713; x_wconf 86' lang='lat' dir='ltr'>Quam</span> <span class='ocrx_word' id='word_1_305' title='bbox 1890 675 1935 706; x_wconf 90' lang='lat' dir='ltr'>illi</span> 
     </span>
     <span class='ocr_line' id='line_1_39' title="bbox 1068 708 1935 751; baseline 0.009 -11"><span class='ocrx_word' id='word_1_306' title='bbox 1068 709 1179 740; x_wconf 87' lang='lat' dir='ltr'>dicunt</span> <span class='ocrx_word' id='word_1_307' title='bbox 1205 709 1314 740; x_wconf 88' lang='lat' dir='ltr'>utilem</span> <span class='ocrx_word' id='word_1_308' title='bbox 1348 708 1583 740; x_wconf 70' lang='lat' dir='ltr'>condietionem</span> <span class='ocrx_word' id='word_1_309' title='bbox 1596 733 1605 748; x_wconf 85' lang='lat'>‚</span> <span class='ocrx_word' id='word_1_310' title='bbox 1637 711 1666 741; x_wconf 70' lang='grc' dir='ltr'>ὅ(</span> <span class='ocrx_word' id='word_1_311' title='bbox 1696 713 1869 751; x_wconf 67' lang='lat' dir='ltr'>profectam</span> <span class='ocrx_word' id='word_1_312' title='bbox 1893 725 1935 747; x_wconf 75' lang='lat' dir='ltr'>ex</span> 
     </span>
     <span class='ocr_line' id='line_1_40' title="bbox 1069 749 1933 790; baseline 0.009 -10"><span class='ocrx_word' id='word_1_313' title='bbox 1069 749 1162 790; x_wconf 71' lang='lat' dir='ltr'>pasto</span> <span class='ocrx_word' id='word_1_314' title='bbox 1181 749 1343 782; x_wconf 78' lang='lat' dir='ltr'>traditioni</span> <span class='ocrx_word' id='word_1_315' title='bbox 1366 749 1509 790; x_wconf 64' lang='lat' dir='ltr'>adjec‘m,</span> <span class='ocrx_word' id='word_1_316' title='bbox 1531 750 1595 789; x_wconf 86' lang='lat' dir='ltr'>ipsa</span> <span class='ocrx_word' id='word_1_317' title='bbox 1610 750 1654 781; x_wconf 87' lang='lat' dir='ltr'>est</span> <span class='ocrx_word' id='word_1_318' title='bbox 1670 760 1761 790; x_wconf 82' lang='lat' dir='ltr'>quam</span> <span class='ocrx_word' id='word_1_319' title='bbox 1778 755 1842 787; x_wconf 80' lang='lat' dir='ltr'>dixi</span> <span class='ocrx_word' id='word_1_320' title='bbox 1859 757 1933 788; x_wconf 70' lang='lat' dir='ltr'>acti-</span> 
     </span>
     <span class='ocr_line' id='line_1_41' title="bbox 1068 791 1933 833; baseline 0.012 -13"><span class='ocrx_word' id='word_1_321' title='bbox 1068 800 1164 822; x_wconf 89' lang='lat' dir='ltr'>onem</span> <span class='ocrx_word' id='word_1_322' title='bbox 1190 791 1378 833; x_wconf 66' lang='lat' dir='ltr'>praescriptis</span> <span class='ocrx_word' id='word_1_323' title='bbox 1395 793 1519 830; x_wconf 79' lang='lat' dir='ltr'>verbis,</span> <span class='ocrx_word' id='word_1_324' title='bbox 1543 793 1572 823; x_wconf 67' lang='grc' dir='ltr'>ἀ</span> <span class='ocrx_word' id='word_1_325' title='bbox 1589 801 1693 822; x_wconf 77' lang='lat' dir='ltr'>natam</span> <span class='ocrx_word' id='word_1_326' title='bbox 1711 803 1751 825; x_wconf 85' lang='lat' dir='ltr'>ex</span> <span class='ocrx_word' id='word_1_327' title='bbox 1767 798 1933 830; x_wconf 70' lang='lat' dir='ltr'>conti-astu</span> 
     </span>
     <span class='ocr_line' id='line_1_42' title="bbox 1069 832 1934 877; baseline 0.008 -14"><span class='ocrx_word' id='word_1_328' title='bbox 1069 832 1280 864; x_wconf 89' lang='lat' dir='ltr'>innominato.</span> <span class='ocrx_word' id='word_1_329' title='bbox 1311 842 1348 864; x_wconf 87' lang='lat' dir='ltr'>ea</span> <span class='ocrx_word' id='word_1_330' title='bbox 1370 832 1531 864; x_wconf 68' lang='lat' dir='ltr'>condistio</span> <span class='ocrx_word' id='word_1_331' title='bbox 1561 833 1646 864; x_wconf 52' lang='lat' dir='ltr'>reete</span> <span class='ocrx_word' id='word_1_332' title='bbox 1670 834 1721 865; x_wconf 81' lang='lat' dir='ltr'>liic</span> <span class='ocrx_word' id='word_1_333' title='bbox 1743 839 1934 877; x_wconf 81' lang='lat' dir='ltr'>appellatur,</span> 
     </span>
     <span class='ocr_line' id='line_1_43' title="bbox 1069 873 1935 916; baseline 0.006 -12"><span class='ocrx_word' id='word_1_334' title='bbox 1069 881 1103 904; x_wconf 85' lang='lat' dir='ltr'>ut</span> <span class='ocrx_word' id='word_1_335' title='bbox 1127 873 1198 905; x_wconf 86' lang='lat' dir='ltr'>alibi</span> <span class='ocrx_word' id='word_1_336' title='bbox 1216 883 1344 914; x_wconf 84' lang='lat' dir='ltr'>quoque</span> <span class='ocrx_word' id='word_1_337' title='bbox 1361 874 1380 905; x_wconf 82' lang='lat' dir='ltr'>l.</span> <span class='ocrx_word' id='word_1_338' title='bbox 1397 881 1425 916; x_wconf 84' lang='lat'>5.</span> <span class='ocrx_word' id='word_1_339' title='bbox 1441 874 1470 916; x_wconf 57' lang='grc' dir='ltr'>ἓ.</span> <span class='ocrx_word' id='word_1_340' title='bbox 1489 884 1517 905; x_wconf 84' lang='lat'>2.</span> <span class='ocrx_word' id='word_1_341' title='bbox 1537 875 1583 906; x_wconf 91' lang='lat' dir='ltr'>D.</span> <span class='ocrx_word' id='word_1_342' title='bbox 1600 876 1633 905; x_wconf 75' lang='lat' dir='ltr'>de</span> <span class='ocrx_word' id='word_1_343' title='bbox 1647 878 1760 914; x_wconf 77' lang='lat' dir='ltr'>praescr.</span> <span class='ocrx_word' id='word_1_344' title='bbox 1779 879 1858 909; x_wconf 82' lang='lat' dir='ltr'><em>verb.</em></span> <span class='ocrx_word' id='word_1_345' title='bbox 1875 889 1935 911; x_wconf 90' lang='lat' dir='ltr'>nec</span> 
     </span>
     <span class='ocr_line' id='line_1_44' title="bbox 1068 915 1935 958; baseline 0.005 -12"><span class='ocrx_word' id='word_1_346' title='bbox 1068 916 1149 946; x_wconf 88' lang='lat' dir='ltr'>male</span> <span class='ocrx_word' id='word_1_347' title='bbox 1169 915 1252 946; x_wconf 87' lang='lat' dir='ltr'>utilis</span> <span class='ocrx_word' id='word_1_348' title='bbox 1269 923 1419 948; x_wconf 85' lang='lat' dir='ltr'>vocatur:</span> <span class='ocrx_word' id='word_1_349' title='bbox 1444 915 1511 956; x_wconf 86' lang='lat' dir='ltr'>quia</span> <span class='ocrx_word' id='word_1_350' title='bbox 1529 915 1631 948; x_wconf 84' lang='lat' dir='ltr'>omnis</span> <span class='ocrx_word' id='word_1_351' title='bbox 1649 917 1731 946; x_wconf 69' lang='lat' dir='ltr'>actio</span> <span class='ocrx_word' id='word_1_352' title='bbox 1752 917 1935 958; x_wconf 83' lang='lat' dir='ltr'>praescriptis</span> 
     </span>
     <span class='ocr_line' id='line_1_45' title="bbox 1069 956 1941 999; baseline 0.005 -12"><span class='ocrx_word' id='word_1_353' title='bbox 1069 957 1173 987; x_wconf 79' lang='lat' dir='ltr'>verbis</span> <span class='ocrx_word' id='word_1_354' title='bbox 1202 957 1245 988; x_wconf 80' lang='lat' dir='ltr'>cit</span> <span class='ocrx_word' id='word_1_355' title='bbox 1261 956 1366 996; x_wconf 85' lang='lat' dir='ltr'>utilis,</span> <span class='ocrx_word' id='word_1_356' title='bbox 1390 959 1461 988; x_wconf 79' lang='lat' dir='ltr'>data</span> <span class='ocrx_word' id='word_1_357' title='bbox 1479 957 1629 990; x_wconf 83' lang='lat' dir='ltr'>videlicet</span> <span class='ocrx_word' id='word_1_358' title='bbox 1646 957 1682 988; x_wconf 76' lang='lat' dir='ltr'>ad</span> <span class='ocrx_word' id='word_1_359' title='bbox 1698 959 1880 999; x_wconf 87' lang='lat' dir='ltr'>exemplum</span> <span class='ocrx_word' id='word_1_360' title='bbox 1897 962 1941 991; x_wconf 85' lang='lat' dir='ltr'>di-</span> 
     </span>
     <span class='ocr_line' id='line_1_46' title="bbox 1071 998 1343 1030; baseline 0.007 -2"><span class='ocrx_word' id='word_1_361' title='bbox 1071 998 1164 1029; x_wconf 74' lang='lat' dir='ltr'>reClae</span> <span class='ocrx_word' id='word_1_362' title='bbox 1183 999 1211 1029; x_wconf 69' lang='grc' dir='ltr'>ὃ(</span> <span class='ocrx_word' id='word_1_363' title='bbox 1231 998 1343 1030; x_wconf 75' lang='lat' dir='ltr'>civilis.</span> 
     </span>
    </p>
   </div>
   <div class='ocr_carea' id='block_1_5' title="bbox 833 1080 1277 1202">
    <p class='ocr_par' dir='ltr' id='par_1_6' title="bbox 833 1080 1277 1202">
     <span class='ocr_line' id='line_1_47' title="bbox 833 1080 1277 1117; baseline -0.005 0"><span class='ocrx_word' id='word_1_364' title='bbox 833 1082 868 1117; x_wconf 91' lang='lat' dir='ltr'>T</span> <span class='ocrx_word' id='word_1_365' title='bbox 899 1092 911 1116; x_wconf 91' lang='lat'>1</span> <span class='ocrx_word' id='word_1_366' title='bbox 942 1091 964 1115; x_wconf 88' lang='lat' dir='ltr'>T</span> <span class='ocrx_word' id='word_1_367' title='bbox 999 1092 1022 1116; x_wconf 85' lang='lat' dir='ltr'>u</span> <span class='ocrx_word' id='word_1_368' title='bbox 1054 1091 1074 1115; x_wconf 83' lang='lat' dir='ltr'>L</span> <span class='ocrx_word' id='word_1_369' title='bbox 1109 1092 1132 1117; x_wconf 84' lang='lat' dir='ltr'>u</span> <span class='ocrx_word' id='word_1_370' title='bbox 1165 1093 1179 1115; x_wconf 87' lang='lat' dir='ltr'>s</span> <span class='ocrx_word' id='word_1_371' title='bbox 1232 1080 1277 1116; x_wconf 84' lang='lat' dir='ltr'>V.</span> 
     </span>
     <span class='ocr_line' id='line_1_48' title="bbox 916 1155 1200 1202; baseline -0.004 -10"><span class='ocrx_word' id='word_1_372' title='bbox 916 1158 964 1192; x_wconf 82' lang='lat' dir='ltr'>De</span> <span class='ocrx_word' id='word_1_373' title='bbox 969 1155 1073 1202; x_wconf 69' lang='lat' dir='ltr'>fundo</span> <span class='ocrx_word' id='word_1_374' title='bbox 1094 1157 1200 1191; x_wconf 79' lang='lat' dir='ltr'>dotali.</span> 
     </span>
    </p>
   </div>
   <div class='ocr_carea' id='block_1_6' title="bbox 158 1244 1042 3182">
    <p class='ocr_par' dir='ltr' id='par_1_7' title="bbox 158 1244 1037 2363">
     <span class='ocr_line' id='line_1_49' title="bbox 158 1244 1034 1328; baseline -0.01 -44"><span class='ocrx_word' id='word_1_375' title='bbox 158 1249 372 1328; x_wconf 85' lang='lat' dir='ltr'>Postquam</span> <span class='ocrx_word' id='word_1_376' title='bbox 398 1244 649 1283; x_wconf 84' lang='lat' dir='ltr'>demonstratum</span> <span class='ocrx_word' id='word_1_377' title='bbox 673 1246 729 1279; x_wconf 87' lang='lat' dir='ltr'>sub</span> <span class='ocrx_word' id='word_1_378' title='bbox 758 1244 874 1278; x_wconf 85' lang='lat' dir='ltr'>Titulo</span> <span class='ocrx_word' id='word_1_379' title='bbox 900 1245 945 1291; x_wconf 78' lang='lat' dir='ltr'>De</span> <span class='ocrx_word' id='word_1_380' title='bbox 965 1246 1034 1291; x_wconf 64' lang='lat' dir='ltr'>jore</span> 
     </span>
     <span class='ocr_line' id='line_1_50' title="bbox 246 1289 1031 1331; baseline -0.01 -7"><span class='ocrx_word' id='word_1_381' title='bbox 246 1294 356 1324; x_wconf 78' lang='lat' dir='ltr'>dotium</span> <span class='ocrx_word' id='word_1_382' title='bbox 375 1292 458 1331; x_wconf 80' lang='lat' dir='ltr'>fuit,</span> <span class='ocrx_word' id='word_1_383' title='bbox 481 1291 627 1322; x_wconf 86' lang='lat' dir='ltr'>maritum</span> <span class='ocrx_word' id='word_1_384' title='bbox 647 1289 812 1321; x_wconf 84' lang='lat' dir='ltr'>constante</span> <span class='ocrx_word' id='word_1_385' title='bbox 830 1295 1031 1319; x_wconf 85' lang='lat' dir='ltr'>matrimonio</span> 
     </span>
     <span class='ocr_line' id='line_1_51' title="bbox 158 1328 1031 1370; baseline -0.008 -5"><span class='ocrx_word' id='word_1_386' title='bbox 158 1334 222 1366; x_wconf 86' lang='lat' dir='ltr'>esse</span> <span class='ocrx_word' id='word_1_387' title='bbox 239 1335 403 1366; x_wconf 90' lang='lat' dir='ltr'>dominum</span> <span class='ocrx_word' id='word_1_388' title='bbox 433 1331 540 1370; x_wconf 82' lang='lat' dir='ltr'>dotis3</span> <span class='ocrx_word' id='word_1_389' title='bbox 562 1331 650 1363; x_wconf 84' lang='lat' dir='ltr'>simul</span> <span class='ocrx_word' id='word_1_390' title='bbox 673 1330 734 1361; x_wconf 90' lang='lat' dir='ltr'>fuit</span> <span class='ocrx_word' id='word_1_391' title='bbox 760 1328 1031 1367; x_wconf 85' lang='lat' dir='ltr'>demonstratum,</span> 
     </span>
     <span class='ocr_line' id='line_1_52' title="bbox 161 1372 1030 1416; baseline -0.008 -9"><span class='ocrx_word' id='word_1_392' title='bbox 161 1376 227 1416; x_wconf 83' lang='lat' dir='ltr'>ejus</span> <span class='ocrx_word' id='word_1_393' title='bbox 244 1374 304 1406; x_wconf 75' lang='lat' dir='ltr'>ess&#39;e</span> <span class='ocrx_word' id='word_1_394' title='bbox 320 1376 360 1406; x_wconf 85' lang='lat' dir='ltr'>rei</span> <span class='ocrx_word' id='word_1_395' title='bbox 380 1374 493 1406; x_wconf 87' lang='lat' dir='ltr'>dotalis</span> <span class='ocrx_word' id='word_1_396' title='bbox 512 1372 752 1403; x_wconf 82' lang='lat' dir='ltr'>alienationem:</span> <span class='ocrx_word' id='word_1_397' title='bbox 777 1379 882 1408; x_wconf 87' lang='lat' dir='ltr'>certo,</span> <span class='ocrx_word' id='word_1_398' title='bbox 895 1378 1030 1400; x_wconf 81' lang='lat' dir='ltr'>retinen·</span> 
     </span>
     <span class='ocr_line' id='line_1_53' title="bbox 161 1410 1033 1456; baseline -0.01 -7"><span class='ocrx_word' id='word_1_399' title='bbox 161 1419 208 1450; x_wconf 80' lang='lat' dir='ltr'>clae</span> <span class='ocrx_word' id='word_1_400' title='bbox 228 1415 465 1456; x_wconf 82' lang='lat' dir='ltr'>alienandaeque</span> <span class='ocrx_word' id='word_1_401' title='bbox 489 1415 533 1445; x_wconf 89' lang='lat' dir='ltr'>rei</span> <span class='ocrx_word' id='word_1_402' title='bbox 560 1412 766 1449; x_wconf 82' lang='lat' dir='ltr'>facultatem,</span> <span class='ocrx_word' id='word_1_403' title='bbox 797 1410 850 1442; x_wconf 83' lang='lat' dir='ltr'>nisi</span> <span class='ocrx_word' id='word_1_404' title='bbox 876 1411 966 1441; x_wconf 83' lang='lat' dir='ltr'>aliter</span> <span class='ocrx_word' id='word_1_405' title='bbox 993 1411 1033 1441; x_wconf 88' lang='lat' dir='ltr'>le-</span> 
     </span>
     <span class='ocr_line' id='line_1_54' title="bbox 162 1451 1033 1499; baseline -0.009 -10"><span class='ocrx_word' id='word_1_406' title='bbox 162 1458 255 1499; x_wconf 83' lang='lat' dir='ltr'>gibus</span> <span class='ocrx_word' id='word_1_407' title='bbox 272 1456 369 1488; x_wconf 87' lang='lat' dir='ltr'>fuerit</span> <span class='ocrx_word' id='word_1_408' title='bbox 387 1463 534 1491; x_wconf 87' lang='lat' dir='ltr'>cautum,</span> <span class='ocrx_word' id='word_1_409' title='bbox 552 1454 582 1485; x_wconf 89' lang='lat' dir='ltr'>in</span> <span class='ocrx_word' id='word_1_410' title='bbox 601 1453 731 1485; x_wconf 89' lang='lat' dir='ltr'>dominii</span> <span class='ocrx_word' id='word_1_411' title='bbox 747 1452 850 1483; x_wconf 70' lang='lat' dir='ltr'>fructu</span> <span class='ocrx_word' id='word_1_412' title='bbox 865 1451 982 1482; x_wconf 84' lang='lat' dir='ltr'>haberi.</span> <span class='ocrx_word' id='word_1_413' title='bbox 1001 1453 1033 1482; x_wconf 88' lang='lat' dir='ltr'>id</span> 
     </span>
     <span class='ocr_line' id='line_1_55' title="bbox 163 1492 1032 1537; baseline -0.006 -9"><span class='ocrx_word' id='word_1_414' title='bbox 163 1499 287 1530; x_wconf 87' lang='lat' dir='ltr'>veroin</span> <span class='ocrx_word' id='word_1_415' title='bbox 306 1495 469 1537; x_wconf 84' lang='lat' dir='ltr'>proposito</span> <span class='ocrx_word' id='word_1_416' title='bbox 487 1495 604 1526; x_wconf 76' lang='lat' dir='ltr'>sactum</span> <span class='ocrx_word' id='word_1_417' title='bbox 624 1494 825 1533; x_wconf 86' lang='lat' dir='ltr'>providentia</span> <span class='ocrx_word' id='word_1_418' title='bbox 842 1492 1032 1533; x_wconf 64' lang='lat' dir='ltr'>Legisiuliae</span> 
     </span>
     <span class='ocr_line' id='line_1_56' title="bbox 161 1533 1032 1575; baseline -0.008 -4"><span class='ocrx_word' id='word_1_419' title='bbox 161 1540 200 1571; x_wconf 82' lang='lat' dir='ltr'>cie</span> <span class='ocrx_word' id='word_1_420' title='bbox 216 1538 318 1570; x_wconf 87' lang='lat' dir='ltr'>fundo</span> <span class='ocrx_word' id='word_1_421' title='bbox 343 1538 442 1568; x_wconf 89' lang='lat' dir='ltr'>dotali</span> <span class='ocrx_word' id='word_1_422' title='bbox 467 1537 486 1567; x_wconf 81' lang='lat' dir='ltr'>l.</span> <span class='ocrx_word' id='word_1_423' title='bbox 504 1544 528 1567; x_wconf 90' lang='grc'>1.</span> <span class='ocrx_word' id='word_1_424' title='bbox 547 1536 593 1568; x_wconf 82' lang='lat' dir='ltr'>l).</span> <span class='ocrx_word' id='word_1_425' title='bbox 610 1537 638 1567; x_wconf 82' lang='lat' dir='ltr'>b.</span> <span class='ocrx_word' id='word_1_426' title='bbox 657 1541 677 1566; x_wconf 77' lang='lat' dir='ltr'>c.</span> <span class='ocrx_word' id='word_1_427' title='bbox 701 1544 770 1575; x_wconf 81' lang='lat' dir='ltr'>quae</span> <span class='ocrx_word' id='word_1_428' title='bbox 788 1533 915 1565; x_wconf 68' lang='lat' dir='ltr'>auctore</span> <span class='ocrx_word' id='word_1_429' title='bbox 935 1534 1032 1566; x_wconf 77' lang='lat' dir='ltr'>Paulo</span> 
     </span>
     <span class='ocr_line' id='line_1_57' title="bbox 163 1574 1031 1618; baseline -0.008 -6"><span class='ocrx_word' id='word_1_430' title='bbox 163 1581 211 1612; x_wconf 68' lang='lat' dir='ltr'>ito.</span> <span class='ocrx_word' id='word_1_431' title='bbox 229 1590 256 1611; x_wconf 81' lang='lat'>2.</span> <span class='ocrx_word' id='word_1_432' title='bbox 274 1579 403 1610; x_wconf 61' lang='lat' dir='ltr'>semem.</span> <span class='ocrx_word' id='word_1_433' title='bbox 421 1579 467 1609; x_wconf 78' lang='lat' dir='ltr'>tit.</span> <span class='ocrx_word' id='word_1_434' title='bbox 485 1586 533 1608; x_wconf 84' lang='lat'>21.</span> <span class='ocrx_word' id='word_1_435' title='bbox 552 1575 582 1618; x_wconf 85' lang='lat'>§.</span> <span class='ocrx_word' id='word_1_436' title='bbox 600 1575 700 1608; x_wconf 83' lang='lat' dir='ltr'>2.fuit</span> <span class='ocrx_word' id='word_1_437' title='bbox 717 1583 813 1615; x_wconf 86' lang='lat' dir='ltr'>caput</span> <span class='ocrx_word' id='word_1_438' title='bbox 829 1574 924 1615; x_wconf 80' lang='lat' dir='ltr'>Legis</span> <span class='ocrx_word' id='word_1_439' title='bbox 940 1575 1031 1615; x_wconf 72' lang='lat' dir='ltr'>juliae</span> 
     </span>
     <span class='ocr_line' id='line_1_58' title="bbox 164 1616 1032 1658; baseline -0.008 -5"><span class='ocrx_word' id='word_1_440' title='bbox 164 1622 204 1653; x_wconf 91' lang='lat' dir='ltr'>de</span> <span class='ocrx_word' id='word_1_441' title='bbox 224 1620 398 1653; x_wconf 80' lang='lat' dir='ltr'>adulteriis:</span> <span class='ocrx_word' id='word_1_442' title='bbox 423 1619 559 1658; x_wconf 88' lang='lat' dir='ltr'>ideoque</span> <span class='ocrx_word' id='word_1_443' title='bbox 578 1619 608 1648; x_wconf 92' lang='lat' dir='ltr'>in</span> <span class='ocrx_word' id='word_1_444' title='bbox 632 1617 717 1649; x_wconf 91' lang='lat' dir='ltr'>libris</span> <span class='ocrx_word' id='word_1_445' title='bbox 734 1616 786 1648; x_wconf 87' lang='lat' dir='ltr'>De</span> <span class='ocrx_word' id='word_1_446' title='bbox 803 1616 962 1647; x_wconf 75' lang='lat' dir='ltr'>adulteriis</span> <span class='ocrx_word' id='word_1_447' title='bbox 979 1625 1032 1647; x_wconf 81' lang='lat' dir='ltr'>ex-</span> 
     </span>
     <span class='ocr_line' id='line_1_59' title="bbox 162 1656 1032 1704; baseline -0.008 -10"><span class='ocrx_word' id='word_1_448' title='bbox 162 1662 295 1704; x_wconf 80' lang='lat' dir='ltr'>politam</span> <span class='ocrx_word' id='word_1_449' title='bbox 311 1671 327 1691; x_wconf 86' lang='lat' dir='ltr'>a</span> <span class='ocrx_word' id='word_1_450' title='bbox 348 1660 517 1692; x_wconf 83' lang='lat' dir='ltr'>Veteribus</span> <span class='ocrx_word' id='word_1_451' title='bbox 535 1658 645 1697; x_wconf 72' lang='lat' dir='ltr'>fuisse,</span> <span class='ocrx_word' id='word_1_452' title='bbox 669 1658 771 1698; x_wconf 87' lang='lat' dir='ltr'>liquet</span> <span class='ocrx_word' id='word_1_453' title='bbox 792 1666 832 1688; x_wconf 89' lang='lat' dir='ltr'>ex</span> <span class='ocrx_word' id='word_1_454' title='bbox 857 1656 1032 1698; x_wconf 88' lang='lat' dir='ltr'>Inscriptio-</span> 
     </span>
     <span class='ocr_line' id='line_1_60' title="bbox 162 1697 1033 1743; baseline -0.007 -8"><span class='ocrx_word' id='word_1_455' title='bbox 162 1714 203 1736; x_wconf 90' lang='lat' dir='ltr'>ne</span> <span class='ocrx_word' id='word_1_456' title='bbox 219 1704 396 1743; x_wconf 86' lang='lat' dir='ltr'>aliquorum</span> <span class='ocrx_word' id='word_1_457' title='bbox 414 1702 555 1742; x_wconf 87' lang='lat' dir='ltr'>capitum</span> <span class='ocrx_word' id='word_1_458' title='bbox 574 1700 663 1740; x_wconf 85' lang='lat' dir='ltr'>hujus</span> <span class='ocrx_word' id='word_1_459' title='bbox 672 1698 785 1730; x_wconf 89' lang='lat' dir='ltr'>Tituli.</span> <span class='ocrx_word' id='word_1_460' title='bbox 802 1697 898 1740; x_wconf 86' lang='lat' dir='ltr'>Legis</span> <span class='ocrx_word' id='word_1_461' title='bbox 916 1698 1033 1730; x_wconf 81' lang='lat' dir='ltr'>summa</span> 
     </span>
     <span class='ocr_line' id='line_1_61' title="bbox 164 1739 1030 1785; baseline -0.007 -9"><span class='ocrx_word' id='word_1_462' title='bbox 164 1755 181 1777; x_wconf 90' lang='lat' dir='ltr'>a</span> <span class='ocrx_word' id='word_1_463' title='bbox 202 1743 377 1785; x_wconf 79' lang='lat' dir='ltr'>justiniano</span> <span class='ocrx_word' id='word_1_464' title='bbox 401 1743 421 1774; x_wconf 90' lang='lat' dir='ltr'>l.</span> <span class='ocrx_word' id='word_1_465' title='bbox 448 1743 526 1773; x_wconf 81' lang='lat' dir='ltr'>unic.</span> <span class='ocrx_word' id='word_1_466' title='bbox 554 1741 582 1783; x_wconf 59' lang='grc' dir='ltr'>ἓ.</span> <span class='ocrx_word' id='word_1_467' title='bbox 614 1750 661 1781; x_wconf 88' lang='lat'>15.</span> <span class='ocrx_word' id='word_1_468' title='bbox 689 1740 722 1773; x_wconf 90' lang='lat' dir='ltr'>C.</span> <span class='ocrx_word' id='word_1_469' title='bbox 747 1741 781 1771; x_wconf 83' lang='lat' dir='ltr'>de</span> <span class='ocrx_word' id='word_1_470' title='bbox 803 1742 845 1771; x_wconf 76' lang='lat' dir='ltr'>rei</span> <span class='ocrx_word' id='word_1_471' title='bbox 866 1749 951 1771; x_wconf 85' lang='lat' dir='ltr'>uxor.</span> <span class='ocrx_word' id='word_1_472' title='bbox 973 1739 1030 1771; x_wconf 70' lang='grc' dir='ltr'>αὲἶ.</span> 
     </span>
     <span class='ocr_line' id='line_1_62' title="bbox 163 1781 1033 1824; baseline -0.008 -6"><span class='ocrx_word' id='word_1_473' title='bbox 163 1787 233 1818; x_wconf 81' lang='lat' dir='ltr'>haec</span> <span class='ocrx_word' id='word_1_474' title='bbox 250 1784 399 1817; x_wconf 85' lang='lat' dir='ltr'>refertur.</span> <span class='ocrx_word' id='word_1_475' title='bbox 427 1783 493 1815; x_wconf 84' lang='lat' dir='ltr'>Lex</span> <span class='ocrx_word' id='word_1_476' title='bbox 507 1783 595 1824; x_wconf 81' lang='lat' dir='ltr'>Julia</span> <span class='ocrx_word' id='word_1_477' title='bbox 615 1783 711 1821; x_wconf 79' lang='lat' dir='ltr'>fundi</span> <span class='ocrx_word' id='word_1_478' title='bbox 727 1781 829 1813; x_wconf 79' lang='lat' dir='ltr'>dotalis</span> <span class='ocrx_word' id='word_1_479' title='bbox 848 1781 946 1813; x_wconf 80' lang='lat' dir='ltr'>Italici</span> <span class='ocrx_word' id='word_1_480' title='bbox 967 1781 1033 1812; x_wconf 81' lang='lat' dir='ltr'>alie-</span> 
     </span>
     <span class='ocr_line' id='line_1_63' title="bbox 165 1823 1034 1867; baseline -0.008 -8"><span class='ocrx_word' id='word_1_481' title='bbox 165 1828 314 1860; x_wconf 79' lang='lat' dir='ltr'>nationem</span> <span class='ocrx_word' id='word_1_482' title='bbox 325 1826 491 1867; x_wconf 77' lang='lat' dir='ltr'>probibebat</span> <span class='ocrx_word' id='word_1_483' title='bbox 500 1823 571 1865; x_wconf 86' lang='lat' dir='ltr'>fieri</span> <span class='ocrx_word' id='word_1_484' title='bbox 584 1834 602 1855; x_wconf 83' lang='lat' dir='ltr'>a</span> <span class='ocrx_word' id='word_1_485' title='bbox 619 1825 741 1861; x_wconf 80' lang='lat' dir='ltr'>marito,</span> <span class='ocrx_word' id='word_1_486' title='bbox 764 1832 822 1853; x_wconf 84' lang='lat' dir='ltr'>non</span> <span class='ocrx_word' id='word_1_487' title='bbox 844 1824 1034 1859; x_wconf 70' lang='lat' dir='ltr'>consentiente</span> 
     </span>
     <span class='ocr_line' id='line_1_64' title="bbox 160 1863 1034 1909; baseline -0.007 -8"><span class='ocrx_word' id='word_1_488' title='bbox 160 1868 487 1909; x_wconf 73' lang='lat' dir='ltr'>muliere:hypotbecom</span> <span class='ocrx_word' id='word_1_489' title='bbox 495 1871 591 1897; x_wconf 82' lang='lat' dir='ltr'>autem</span> <span class='ocrx_word' id='word_1_490' title='bbox 603 1863 701 1903; x_wconf 87' lang='lat' dir='ltr'>‚necfi</span> <span class='ocrx_word' id='word_1_491' title='bbox 716 1864 818 1895; x_wconf 77' lang='lat' dir='ltr'>mulier</span> <span class='ocrx_word' id='word_1_492' title='bbox 834 1864 1034 1904; x_wconf 78' lang='lat' dir='ltr'>consentiebat.</span> 
     </span>
     <span class='ocr_line' id='line_1_65' title="bbox 162 1905 1034 1949; baseline -0.008 -7"><span class='ocrx_word' id='word_1_493' title='bbox 162 1910 293 1942; x_wconf 80' lang='lat' dir='ltr'>Utilitas</span> <span class='ocrx_word' id='word_1_494' title='bbox 311 1908 406 1949; x_wconf 83' lang='lat' dir='ltr'>Legis</span> <span class='ocrx_word' id='word_1_495' title='bbox 424 1916 491 1939; x_wconf 89' lang='lat' dir='ltr'>non</span> <span class='ocrx_word' id='word_1_496' title='bbox 514 1906 559 1938; x_wconf 87' lang='lat' dir='ltr'>est</span> <span class='ocrx_word' id='word_1_497' title='bbox 576 1906 717 1938; x_wconf 88' lang='lat' dir='ltr'>obscura.</span> <span class='ocrx_word' id='word_1_498' title='bbox 737 1905 843 1937; x_wconf 82' lang='lat' dir='ltr'>voluit</span> <span class='ocrx_word' id='word_1_499' title='bbox 859 1906 945 1936; x_wconf 87' lang='lat' dir='ltr'>enim</span> <span class='ocrx_word' id='word_1_500' title='bbox 969 1905 1034 1935; x_wconf 89' lang='lat' dir='ltr'>suc-</span> 
     </span>
     <span class='ocr_line' id='line_1_66' title="bbox 161 1946 1036 1985; baseline -0.009 -1"><span class='ocrx_word' id='word_1_501' title='bbox 161 1960 290 1985; x_wconf 86' lang='lat' dir='ltr'>currere</span> <span class='ocrx_word' id='word_1_502' title='bbox 307 1949 482 1982; x_wconf 84' lang='lat' dir='ltr'>infirmitati</span> <span class='ocrx_word' id='word_1_503' title='bbox 499 1948 590 1979; x_wconf 89' lang='lat' dir='ltr'>sexus</span> <span class='ocrx_word' id='word_1_504' title='bbox 607 1946 785 1979; x_wconf 86' lang='lat' dir='ltr'>muliebris:</span> <span class='ocrx_word' id='word_1_505' title='bbox 808 1955 848 1978; x_wconf 91' lang='lat' dir='ltr'>ne</span> <span class='ocrx_word' id='word_1_506' title='bbox 866 1946 965 1977; x_wconf 88' lang='lat' dir='ltr'>invita</span> <span class='ocrx_word' id='word_1_507' title='bbox 981 1954 1036 1977; x_wconf 82' lang='lat' dir='ltr'>aut</span> 
     </span>
     <span class='ocr_line' id='line_1_67' title="bbox 160 1986 1035 2035; baseline -0.009 -9"><span class='ocrx_word' id='word_1_508' title='bbox 160 1994 311 2035; x_wconf 80' lang='lat' dir='ltr'>ignorans</span> <span class='ocrx_word' id='word_1_509' title='bbox 335 2000 352 2022; x_wconf 86' lang='lat' dir='ltr'>a</span> <span class='ocrx_word' id='word_1_510' title='bbox 377 1991 492 2022; x_wconf 87' lang='lat' dir='ltr'>marito</span> <span class='ocrx_word' id='word_1_511' title='bbox 508 1990 640 2021; x_wconf 85' lang='lat' dir='ltr'>laedatur</span> <span class='ocrx_word' id='word_1_512' title='bbox 657 1988 824 2020; x_wconf 87' lang='lat' dir='ltr'>temeraria</span> <span class='ocrx_word' id='word_1_513' title='bbox 840 1986 930 2019; x_wconf 89' lang='lat' dir='ltr'>fundi</span> <span class='ocrx_word' id='word_1_514' title='bbox 948 1987 1035 2019; x_wconf 85' lang='lat' dir='ltr'>dota-</span> 
     </span>
     <span class='ocr_line' id='line_1_68' title="bbox 162 2028 1037 2072; baseline -0.008 -5"><span class='ocrx_word' id='word_1_515' title='bbox 162 2036 202 2068; x_wconf 83' lang='lat' dir='ltr'>lis</span> <span class='ocrx_word' id='word_1_516' title='bbox 217 2033 406 2066; x_wconf 86' lang='lat' dir='ltr'>alienatione</span> <span class='ocrx_word' id='word_1_517' title='bbox 417 2041 422 2062; x_wconf 94' lang='lat'>:</span> <span class='ocrx_word' id='word_1_518' title='bbox 433 2031 627 2072; x_wconf 81' lang='lat' dir='ltr'>obligatione</span> <span class='ocrx_word' id='word_1_519' title='bbox 645 2039 722 2061; x_wconf 89' lang='lat' dir='ltr'>vero</span> <span class='ocrx_word' id='word_1_520' title='bbox 740 2038 779 2060; x_wconf 90' lang='lat' dir='ltr'>ne</span> <span class='ocrx_word' id='word_1_521' title='bbox 795 2028 892 2061; x_wconf 90' lang='lat' dir='ltr'>sciens</span> <span class='ocrx_word' id='word_1_522' title='bbox 908 2029 1037 2069; x_wconf 82' lang='lat' dir='ltr'>quidem</span> 
     </span>
     <span class='ocr_line' id='line_1_69' title="bbox 164 2069 1036 2112; baseline -0.009 -4"><span class='ocrx_word' id='word_1_523' title='bbox 164 2076 196 2108; x_wconf 69' lang='grc' dir='ltr'>ὅ(</span> <span class='ocrx_word' id='word_1_524' title='bbox 212 2075 425 2107; x_wconf 83' lang='lat' dir='ltr'>consentiens.</span> <span class='ocrx_word' id='word_1_525' title='bbox 447 2071 618 2110; x_wconf 87' lang='lat' dir='ltr'>videlicet,</span> <span class='ocrx_word' id='word_1_526' title='bbox 642 2071 714 2112; x_wconf 85' lang='lat' dir='ltr'>quia</span> <span class='ocrx_word' id='word_1_527' title='bbox 731 2069 854 2102; x_wconf 89' lang='lat' dir='ltr'>facilius</span> <span class='ocrx_word' id='word_1_528' title='bbox 870 2070 1036 2111; x_wconf 71' lang='lat' dir='ltr'>obligatio-</span> 
     </span>
     <span class='ocr_line' id='line_1_70' title="bbox 163 2111 1037 2155; baseline -0.008 -6"><span class='ocrx_word' id='word_1_529' title='bbox 163 2118 196 2150; x_wconf 87' lang='lat' dir='ltr'>ni</span> <span class='ocrx_word' id='word_1_530' title='bbox 212 2115 390 2151; x_wconf 77' lang='lat' dir='ltr'>consentit.</span> <span class='ocrx_word' id='word_1_531' title='bbox 414 2123 508 2155; x_wconf 90' lang='lat' dir='ltr'>quam</span> <span class='ocrx_word' id='word_1_532' title='bbox 533 2112 734 2144; x_wconf 83' lang='lat' dir='ltr'>alienationi:</span> <span class='ocrx_word' id='word_1_533' title='bbox 756 2112 907 2152; x_wconf 85' lang='lat' dir='ltr'>praesente</span> <span class='ocrx_word' id='word_1_534' title='bbox 931 2111 960 2143; x_wconf 91' lang='lat' dir='ltr'>in</span> <span class='ocrx_word' id='word_1_535' title='bbox 978 2111 1037 2142; x_wconf 89' lang='lat' dir='ltr'>hac</span> 
     </span>
     <span class='ocr_line' id='line_1_71' title="bbox 166 2152 1034 2196; baseline -0.009 -5"><span class='ocrx_word' id='word_1_536' title='bbox 166 2160 303 2196; x_wconf 87' lang='lat' dir='ltr'>damno,</span> <span class='ocrx_word' id='word_1_537' title='bbox 318 2156 348 2188; x_wconf 91' lang='lat' dir='ltr'>in</span> <span class='ocrx_word' id='word_1_538' title='bbox 366 2155 417 2187; x_wconf 84' lang='lat' dir='ltr'>illa</span> <span class='ocrx_word' id='word_1_539' title='bbox 432 2155 553 2186; x_wconf 90' lang='lat' dir='ltr'>futuro.</span> <span class='ocrx_word' id='word_1_540' title='bbox 569 2163 663 2195; x_wconf 86' lang='lat' dir='ltr'>porro</span> <span class='ocrx_word' id='word_1_541' title='bbox 679 2152 859 2193; x_wconf 75' lang='lat' dir='ltr'>adpraesens</span> <span class='ocrx_word' id='word_1_542' title='bbox 876 2153 945 2184; x_wconf 87' lang='lat' dir='ltr'>satis</span> <span class='ocrx_word' id='word_1_543' title='bbox 964 2162 1034 2193; x_wconf 88' lang='lat' dir='ltr'>pru·</span> 
     </span>
     <span class='ocr_line' id='line_1_72' title="bbox 166 2194 1034 2234; baseline -0.009 -2"><span class='ocrx_word' id='word_1_544' title='bbox 166 2201 246 2232; x_wconf 81' lang='lat' dir='ltr'>dens</span> <span class='ocrx_word' id='word_1_545' title='bbox 265 2198 310 2230; x_wconf 90' lang='lat' dir='ltr'>est</span> <span class='ocrx_word' id='word_1_546' title='bbox 324 2197 454 2230; x_wconf 90' lang='lat' dir='ltr'>mulier:</span> <span class='ocrx_word' id='word_1_547' title='bbox 477 2205 494 2227; x_wconf 90' lang='lat' dir='ltr'>a</span> <span class='ocrx_word' id='word_1_548' title='bbox 509 2195 618 2227; x_wconf 89' lang='lat' dir='ltr'>futuro</span> <span class='ocrx_word' id='word_1_549' title='bbox 633 2203 697 2225; x_wconf 89' lang='lat' dir='ltr'>non</span> <span class='ocrx_word' id='word_1_550' title='bbox 714 2204 805 2234; x_wconf 84' lang='lat' dir='ltr'>aeque</span> <span class='ocrx_word' id='word_1_551' title='bbox 824 2202 927 2225; x_wconf 88' lang='lat' dir='ltr'>cavet.</span> <span class='ocrx_word' id='word_1_552' title='bbox 952 2194 1034 2234; x_wconf 88' lang='lat' dir='ltr'>poti·</span> 
     </span>
     <span class='ocr_line' id='line_1_73' title="bbox 165 2235 1034 2278; baseline -0.008 -7"><span class='ocrx_word' id='word_1_553' title='bbox 165 2250 203 2271; x_wconf 89' lang='lat' dir='ltr'>us</span> <span class='ocrx_word' id='word_1_554' title='bbox 220 2249 324 2271; x_wconf 89' lang='lat' dir='ltr'>autem</span> <span class='ocrx_word' id='word_1_555' title='bbox 343 2238 439 2270; x_wconf 89' lang='lat' dir='ltr'>debet</span> <span class='ocrx_word' id='word_1_556' title='bbox 451 2238 501 2278; x_wconf 87' lang='lat' dir='ltr'>jus</span> <span class='ocrx_word' id='word_1_557' title='bbox 521 2235 620 2277; x_wconf 87' lang='lat' dir='ltr'>aptari</span> <span class='ocrx_word' id='word_1_558' title='bbox 637 2237 675 2267; x_wconf 88' lang='lat' dir='ltr'>ad</span> <span class='ocrx_word' id='word_1_559' title='bbox 694 2245 730 2265; x_wconf 88' lang='lat' dir='ltr'>ea</span> <span class='ocrx_word' id='word_1_560' title='bbox 749 2244 818 2275; x_wconf 79' lang='lat' dir='ltr'>quae</span> <span class='ocrx_word' id='word_1_561' title='bbox 836 2237 863 2266; x_wconf 74' lang='lat' dir='ltr'>&lt;St</span> <span class='ocrx_word' id='word_1_562' title='bbox 883 2235 1034 2274; x_wconf 86' lang='lat' dir='ltr'>frequen-</span> 
     </span>
     <span class='ocr_line' id='line_1_74' title="bbox 166 2275 1034 2318; baseline -0.007 -5"><span class='ocrx_word' id='word_1_563' title='bbox 166 2289 216 2313; x_wconf 90' lang='lat' dir='ltr'>ter</span> <span class='ocrx_word' id='word_1_564' title='bbox 233 2282 262 2312; x_wconf 71' lang='lat' dir='ltr'>&lt;St</span> <span class='ocrx_word' id='word_1_565' title='bbox 276 2280 371 2312; x_wconf 89' lang='lat' dir='ltr'>facile</span> <span class='ocrx_word' id='word_1_566' title='bbox 386 2278 554 2317; x_wconf 86' lang='lat' dir='ltr'>accidunt,</span> <span class='ocrx_word' id='word_1_567' title='bbox 577 2286 671 2318; x_wconf 87' lang='lat' dir='ltr'>quam</span> <span class='ocrx_word' id='word_1_568' title='bbox 687 2284 756 2317; x_wconf 87' lang='lat' dir='ltr'>quae</span> <span class='ocrx_word' id='word_1_569' title='bbox 772 2286 899 2318; x_wconf 84' lang='lat' dir='ltr'>perraro</span> <span class='ocrx_word' id='word_1_570' title='bbox 915 2276 934 2307; x_wconf 86' lang='lat' dir='ltr'>l.</span> <span class='ocrx_word' id='word_1_571' title='bbox 951 2287 979 2317; x_wconf 82' lang='lat'>3.</span> <span class='ocrx_word' id='word_1_572' title='bbox 998 2275 1034 2311; x_wconf 66' lang='grc' dir='ltr'>ὃ)</span> 
     </span>
     <span class='ocr_line' id='line_1_75' title="bbox 165 2321 455 2363; baseline -0.003 -11"><span class='ocrx_word' id='word_1_573' title='bbox 165 2323 240 2363; x_wconf 82' lang='lat' dir='ltr'>seqq.</span> <span class='ocrx_word' id='word_1_574' title='bbox 260 2323 306 2352; x_wconf 89' lang='lat' dir='ltr'>D.</span> <span class='ocrx_word' id='word_1_575' title='bbox 322 2324 354 2352; x_wconf 79' lang='lat' dir='ltr'>de</span> <span class='ocrx_word' id='word_1_576' title='bbox 371 2321 455 2362; x_wconf 79' lang='lat' dir='ltr'>legib.</span> 
     </span>
    </p>

    <p class='ocr_par' dir='ltr' id='par_1_8' title="bbox 164 2357 1036 2566">
     <span class='ocr_line' id='line_1_76' title="bbox 206 2357 1036 2403; baseline -0.005 -9"><span class='ocrx_word' id='word_1_577' title='bbox 206 2362 270 2393; x_wconf 85' lang='lat' dir='ltr'>Sed</span> <span class='ocrx_word' id='word_1_578' title='bbox 287 2362 405 2403; x_wconf 79' lang='lat' dir='ltr'>Legem</span> <span class='ocrx_word' id='word_1_579' title='bbox 421 2359 666 2392; x_wconf 83' lang='lat' dir='ltr'>confideremus.</span> <span class='ocrx_word' id='word_1_580' title='bbox 683 2359 712 2390; x_wconf 89' lang='lat' dir='ltr'>Is</span> <span class='ocrx_word' id='word_1_581' title='bbox 729 2359 778 2390; x_wconf 90' lang='lat' dir='ltr'>cui</span> <span class='ocrx_word' id='word_1_582' title='bbox 797 2368 832 2390; x_wconf 86' lang='lat' dir='ltr'>ea</span> <span class='ocrx_word' id='word_1_583' title='bbox 847 2357 1036 2397; x_wconf 82' lang='lat' dir='ltr'>prohibetur</span> 
     </span>
     <span class='ocr_line' id='line_1_77' title="bbox 164 2398 1036 2441; baseline -0.008 -5"><span class='ocrx_word' id='word_1_584' title='bbox 164 2403 255 2437; x_wconf 82' lang='lat' dir='ltr'>fundi</span> <span class='ocrx_word' id='word_1_585' title='bbox 271 2403 382 2434; x_wconf 86' lang='lat' dir='ltr'>dotalis</span> <span class='ocrx_word' id='word_1_586' title='bbox 399 2403 548 2434; x_wconf 85' lang='lat' dir='ltr'>alienatio</span> <span class='ocrx_word' id='word_1_587' title='bbox 565 2410 618 2432; x_wconf 85' lang='lat' dir='ltr'>aut</span> <span class='ocrx_word' id='word_1_588' title='bbox 634 2401 810 2441; x_wconf 78' lang='lat' dir='ltr'>obligatio,</span> <span class='ocrx_word' id='word_1_589' title='bbox 833 2398 878 2430; x_wconf 84' lang='lat' dir='ltr'>est</span> <span class='ocrx_word' id='word_1_590' title='bbox 897 2401 1036 2431; x_wconf 89' lang='lat' dir='ltr'>maritus.</span> 
     </span>
     <span class='ocr_line' id='line_1_78' title="bbox 165 2441 1036 2478; baseline -0.005 -2"><span class='ocrx_word' id='word_1_591' title='bbox 165 2445 268 2478; x_wconf 85' lang='lat' dir='ltr'>solum</span> <span class='ocrx_word' id='word_1_592' title='bbox 295 2445 378 2475; x_wconf 88' lang='lat' dir='ltr'>enirn</span> <span class='ocrx_word' id='word_1_593' title='bbox 403 2444 488 2475; x_wconf 84' lang='lat' dir='ltr'>hunc</span> <span class='ocrx_word' id='word_1_594' title='bbox 512 2442 580 2474; x_wconf 85' lang='lat' dir='ltr'>Lex</span> <span class='ocrx_word' id='word_1_595' title='bbox 599 2443 761 2473; x_wconf 85' lang='lat' dir='ltr'>nominat:</span> <span class='ocrx_word' id='word_1_596' title='bbox 785 2441 879 2472; x_wconf 86' lang='lat' dir='ltr'>alium</span> <span class='ocrx_word' id='word_1_597' title='bbox 896 2450 960 2472; x_wconf 87' lang='lat' dir='ltr'>non</span> <span class='ocrx_word' id='word_1_598' title='bbox 980 2451 1036 2472; x_wconf 90' lang='lat' dir='ltr'>no-</span> 
     </span>
     <span class='ocr_line' id='line_1_79' title="bbox 166 2483 1035 2525; baseline -0.008 -6"><span class='ocrx_word' id='word_1_599' title='bbox 166 2487 276 2519; x_wconf 88' lang='lat' dir='ltr'>minat.</span> <span class='ocrx_word' id='word_1_600' title='bbox 297 2484 349 2515; x_wconf 87' lang='lat' dir='ltr'>sed</span> <span class='ocrx_word' id='word_1_601' title='bbox 366 2484 462 2517; x_wconf 84' lang='lat' dir='ltr'>visum</span> <span class='ocrx_word' id='word_1_602' title='bbox 483 2484 642 2525; x_wconf 84' lang='lat' dir='ltr'>Ulpiano,</span> <span class='ocrx_word' id='word_1_603' title='bbox 656 2492 724 2515; x_wconf 79' lang='lat' dir='ltr'>eain</span> <span class='ocrx_word' id='word_1_604' title='bbox 745 2483 868 2524; x_wconf 86' lang='lat' dir='ltr'>plenius</span> <span class='ocrx_word' id='word_1_605' title='bbox 883 2484 1035 2522; x_wconf 87' lang='lat' dir='ltr'>interpre-</span> 
     </span>
     <span class='ocr_line' id='line_1_80' title="bbox 168 2523 1036 2566; baseline -0.006 -7"><span class='ocrx_word' id='word_1_606' title='bbox 168 2527 247 2566; x_wconf 84' lang='lat' dir='ltr'>tari,</span> <span class='ocrx_word' id='word_1_607' title='bbox 271 2532 304 2556; x_wconf 90' lang='lat' dir='ltr'>ut</span> <span class='ocrx_word' id='word_1_608' title='bbox 328 2527 421 2557; x_wconf 84' lang='lat' dir='ltr'>etiam</span> <span class='ocrx_word' id='word_1_609' title='bbox 445 2527 484 2558; x_wconf 92' lang='lat' dir='ltr'>de</span> <span class='ocrx_word' id='word_1_610' title='bbox 510 2523 623 2566; x_wconf 85' lang='lat' dir='ltr'>sponso</span> <span class='ocrx_word' id='word_1_611' title='bbox 645 2526 730 2556; x_wconf 88' lang='lat' dir='ltr'>idem</span> <span class='ocrx_word' id='word_1_612' title='bbox 752 2524 829 2565; x_wconf 76' lang='lat' dir='ltr'>juris</span> <span class='ocrx_word' id='word_1_613' title='bbox 845 2523 916 2555; x_wconf 72' lang='grc'>1111-</span> <span class='ocrx_word' id='word_1_614' title='bbox 937 2534 966 2563; x_wconf 77' lang='lat'>4.</span> <span class='ocrx_word' id='word_1_615' title='bbox 989 2525 1036 2555; x_wconf 91' lang='lat' dir='ltr'>D.</span> 
     </span>
    </p>

    <p class='ocr_par' dir='ltr' id='par_1_9' title="bbox 168 2604 1042 3182">
     <span class='ocr_line' id='line_1_81' title="bbox 208 2604 1039 2649; baseline -0.005 -9"><span class='ocrx_word' id='word_1_616' title='bbox 208 2608 275 2649; x_wconf 81' lang='lat' dir='ltr'>Jam</span> <span class='ocrx_word' id='word_1_617' title='bbox 290 2616 367 2638; x_wconf 86' lang='lat' dir='ltr'>vero</span> <span class='ocrx_word' id='word_1_618' title='bbox 384 2608 466 2644; x_wconf 81' lang='lat' dir='ltr'>quod</span> <span class='ocrx_word' id='word_1_619' title='bbox 483 2608 607 2639; x_wconf 88' lang='lat' dir='ltr'>alienari</span> <span class='ocrx_word' id='word_1_620' title='bbox 633 2605 808 2648; x_wconf 84' lang='lat' dir='ltr'>obligarive</span> <span class='ocrx_word' id='word_1_621' title='bbox 824 2604 912 2646; x_wconf 76' lang='lat' dir='ltr'>Lege</span> <span class='ocrx_word' id='word_1_622' title='bbox 934 2605 1039 2646; x_wconf 85' lang='lat' dir='ltr'>prohi-</span> 
     </span>
     <span class='ocr_line' id='line_1_82' title="bbox 168 2646 1040 2687; baseline -0.007 -4"><span class='ocrx_word' id='word_1_623' title='bbox 168 2652 263 2683; x_wconf 79' lang='lat' dir='ltr'>betur</span> <span class='ocrx_word' id='word_1_624' title='bbox 279 2672 288 2687; x_wconf 92' lang='lat'>,</span> <span class='ocrx_word' id='word_1_625' title='bbox 317 2647 363 2679; x_wconf 83' lang='lat' dir='ltr'>est</span> <span class='ocrx_word' id='word_1_626' title='bbox 387 2646 502 2679; x_wconf 85' lang='lat' dir='ltr'>fundus</span> <span class='ocrx_word' id='word_1_627' title='bbox 526 2649 652 2680; x_wconf 88' lang='lat' dir='ltr'>dotalis.</span> <span class='ocrx_word' id='word_1_628' title='bbox 678 2651 703 2678; x_wconf 78' lang='lat' dir='ltr'>A</span> <span class='ocrx_word' id='word_1_629' title='bbox 729 2647 960 2687; x_wconf 64' lang='lat' dir='ltr'>jurisconsultis</span> <span class='ocrx_word' id='word_1_630' title='bbox 986 2647 1040 2677; x_wconf 89' lang='lat' dir='ltr'>sub</span> 
     </span>
     <span class='ocr_line' id='line_1_83' title="bbox 168 2688 1040 2730; baseline -0.007 -6"><span class='ocrx_word' id='word_1_631' title='bbox 168 2694 232 2724; x_wconf 87' lang='lat' dir='ltr'>hoc</span> <span class='ocrx_word' id='word_1_632' title='bbox 254 2688 368 2721; x_wconf 89' lang='lat' dir='ltr'>Titulo</span> <span class='ocrx_word' id='word_1_633' title='bbox 393 2688 561 2728; x_wconf 80' lang='lat' dir='ltr'>aliquoties</span> <span class='ocrx_word' id='word_1_634' title='bbox 593 2690 698 2720; x_wconf 85' lang='lat' dir='ltr'>dotale</span> <span class='ocrx_word' id='word_1_635' title='bbox 726 2688 875 2730; x_wconf 84' lang='lat' dir='ltr'>praedium</span> <span class='ocrx_word' id='word_1_636' title='bbox 905 2688 1040 2719; x_wconf 88' lang='lat' dir='ltr'>dicitur:</span> 
     </span>
     <span class='ocr_line' id='line_1_84' title="bbox 171 2727 1040 2770; baseline -0.006 -5"><span class='ocrx_word' id='word_1_637' title='bbox 171 2733 227 2765; x_wconf 85' lang='lat' dir='ltr'>sed</span> <span class='ocrx_word' id='word_1_638' title='bbox 263 2730 333 2763; x_wconf 83' lang='lat' dir='ltr'>Lex</span> <span class='ocrx_word' id='word_1_639' title='bbox 371 2728 504 2760; x_wconf 85' lang='lat' dir='ltr'>fundum</span> <span class='ocrx_word' id='word_1_640' title='bbox 536 2730 660 2770; x_wconf 72' lang='lat' dir='ltr'>scripsit.</span> <span class='ocrx_word' id='word_1_641' title='bbox 709 2729 782 2761; x_wconf 88' lang='lat' dir='ltr'>inde</span> <span class='ocrx_word' id='word_1_642' title='bbox 821 2729 957 2761; x_wconf 86' lang='lat' dir='ltr'>Rubrica</span> <span class='ocrx_word' id='word_1_643' title='bbox 990 2727 1040 2760; x_wconf 83' lang='lat' dir='ltr'>De</span> 
     </span>
     <span class='ocr_line' id='line_1_85' title="bbox 169 2769 1038 2809; baseline -0.008 -1"><span class='ocrx_word' id='word_1_644' title='bbox 169 2771 405 2808; x_wconf 77' lang='lat' dir='ltr'>fundo-dotali</span> <span class='ocrx_word' id='word_1_645' title='bbox 422 2794 432 2809; x_wconf 87' lang='lat'>‚</span> <span class='ocrx_word' id='word_1_646' title='bbox 464 2769 495 2801; x_wconf 70' lang='grc' dir='ltr'><strong>ἃ</strong></span> <span class='ocrx_word' id='word_1_647' title='bbox 518 2770 549 2800; x_wconf 84' lang='grc'>111</span> <span class='ocrx_word' id='word_1_648' title='bbox 571 2771 590 2801; x_wconf 86' lang='lat' dir='ltr'>l.</span> <span class='ocrx_word' id='word_1_649' title='bbox 619 2781 646 2802; x_wconf 92' lang='lat'>1.</span> <span class='ocrx_word' id='word_1_650' title='bbox 678 2771 714 2805; x_wconf 53' lang='grc' dir='ltr'>ἕξ</span> <span class='ocrx_word' id='word_1_651' title='bbox 738 2771 806 2802; x_wconf 79' lang='lat' dir='ltr'>alibi</span> <span class='ocrx_word' id='word_1_652' title='bbox 836 2780 954 2802; x_wconf 87' lang='lat' dir='ltr'>nomen</span> <span class='ocrx_word' id='word_1_653' title='bbox 981 2769 1038 2801; x_wconf 87' lang='lat' dir='ltr'>Le-</span> 
     </span>
     <span class='ocr_line' id='line_1_86' title="bbox 169 2810 1039 2858; baseline -0.003 -13"><span class='ocrx_word' id='word_1_654' title='bbox 169 2817 219 2858; x_wconf 85' lang='lat' dir='ltr'>gis</span> <span class='ocrx_word' id='word_1_655' title='bbox 251 2814 339 2854; x_wconf 79' lang='lat' dir='ltr'>Juliae</span> <span class='ocrx_word' id='word_1_656' title='bbox 369 2811 409 2843; x_wconf 89' lang='lat' dir='ltr'>de</span> <span class='ocrx_word' id='word_1_657' title='bbox 433 2810 536 2842; x_wconf 84' lang='lat' dir='ltr'>fundo</span> <span class='ocrx_word' id='word_1_658' title='bbox 561 2811 665 2843; x_wconf 83' lang='lat' dir='ltr'>dotali.</span> <span class='ocrx_word' id='word_1_659' title='bbox 688 2813 782 2843; x_wconf 84' lang='lat' dir='ltr'>etiam</span> <span class='ocrx_word' id='word_1_660' title='bbox 808 2811 877 2844; x_wconf 82' lang='lat' dir='ltr'>finis</span> <span class='ocrx_word' id='word_1_661' title='bbox 908 2812 936 2843; x_wconf 75' lang='grc' dir='ltr'>δι</span> <span class='ocrx_word' id='word_1_662' title='bbox 967 2820 1039 2843; x_wconf 86' lang='lat' dir='ltr'>cau·</span> 
     </span>
     <span class='ocr_line' id='line_1_87' title="bbox 170 2852 1039 2896; baseline -0.005 -8"><span class='ocrx_word' id='word_1_663' title='bbox 170 2859 202 2890; x_wconf 80' lang='lat' dir='ltr'>sa</span> <span class='ocrx_word' id='word_1_664' title='bbox 232 2852 391 2896; x_wconf 86' lang='lat' dir='ltr'>sequentis</span> <span class='ocrx_word' id='word_1_665' title='bbox 419 2853 689 2890; x_wconf 78' lang='lat' dir='ltr'>interpretationis</span> <span class='ocrx_word' id='word_1_666' title='bbox 720 2854 802 2894; x_wconf 86' lang='lat' dir='ltr'>apud</span> <span class='ocrx_word' id='word_1_667' title='bbox 826 2852 996 2895; x_wconf 82' lang='lat' dir='ltr'>Ulpianum</span> <span class='ocrx_word' id='word_1_668' title='bbox 1020 2853 1039 2884; x_wconf 84' lang='lat' dir='ltr'>l.</span> 
     </span>
     <span class='ocr_line' id='line_1_88' title="bbox 172 2893 1041 2940; baseline -0.006 -11"><span class='ocrx_word' id='word_1_669' title='bbox 172 2908 221 2940; x_wconf 86' lang='lat'>13.</span> <span class='ocrx_word' id='word_1_670' title='bbox 266 2897 294 2928; x_wconf 78' lang='lat' dir='ltr'>h.</span> <span class='ocrx_word' id='word_1_671' title='bbox 330 2900 352 2926; x_wconf 81' lang='lat' dir='ltr'>t.</span> <span class='ocrx_word' id='word_1_672' title='bbox 408 2893 517 2925; x_wconf 68' lang='lat' dir='ltr'>Donate</span> <span class='ocrx_word' id='word_1_673' title='bbox 554 2893 695 2932; x_wconf 70' lang='lat' dir='ltr'>praedium</span> <span class='ocrx_word' id='word_1_674' title='bbox 737 2896 862 2935; x_wconf 81' lang='lat' dir='ltr'>accipere</span> <span class='ocrx_word' id='word_1_675' title='bbox 910 2895 1041 2925; x_wconf 78' lang='lat' dir='ltr'>debemus</span> 
     </span>
     <span class='ocr_line' id='line_1_89' title="bbox 170 2930 1042 2975; baseline -0.005 -5"><span class='ocrx_word' id='word_1_676' title='bbox 170 2947 231 2972; x_wconf 74' lang='lat' dir='ltr'>tam</span> <span class='ocrx_word' id='word_1_677' title='bbox 268 2938 413 2969; x_wconf 82' lang='lat' dir='ltr'>urbanum</span> <span class='ocrx_word' id='word_1_678' title='bbox 426 2958 436 2974; x_wconf 87' lang='lat'>,</span> <span class='ocrx_word' id='word_1_679' title='bbox 473 2943 560 2975; x_wconf 82' lang='lat' dir='ltr'>quam</span> <span class='ocrx_word' id='word_1_680' title='bbox 593 2930 740 2972; x_wconf 80' lang='lat' dir='ltr'>rusticum.</span> <span class='ocrx_word' id='word_1_681' title='bbox 769 2937 805 2966; x_wconf 81' lang='lat' dir='ltr'>ad</span> <span class='ocrx_word' id='word_1_682' title='bbox 848 2945 927 2967; x_wconf 85' lang='lat' dir='ltr'>omne</span> <span class='ocrx_word' id='word_1_683' title='bbox 967 2937 1042 2966; x_wconf 77' lang='lat' dir='ltr'>enim</span> 
     </span>
     <span class='ocr_line' id='line_1_90' title="bbox 169 2974 1041 3020; baseline -0.007 -8"><span class='ocrx_word' id='word_1_684' title='bbox 169 2980 326 3020; x_wconf 71' lang='lat' dir='ltr'>aedificium</span> <span class='ocrx_word' id='word_1_685' title='bbox 350 2978 415 3009; x_wconf 83' lang='lat' dir='ltr'>Lex</span> <span class='ocrx_word' id='word_1_686' title='bbox 437 2975 526 3017; x_wconf 74' lang='lat' dir='ltr'>Julia</span> <span class='ocrx_word' id='word_1_687' title='bbox 542 2974 703 3019; x_wconf 58' lang='lat' dir='ltr'>pertinebit.</span> <span class='ocrx_word' id='word_1_688' title='bbox 728 2974 854 3017; x_wconf 89' lang='lat' dir='ltr'>Nempe</span> <span class='ocrx_word' id='word_1_689' title='bbox 878 2976 984 3008; x_wconf 88' lang='lat' dir='ltr'>locuta</span> <span class='ocrx_word' id='word_1_690' title='bbox 1000 2978 1041 3008; x_wconf 85' lang='lat' dir='ltr'>de</span> 
     </span>
     <span class='ocr_line' id='line_1_91' title="bbox 168 3015 1033 3054; baseline -0.005 -1"><span class='ocrx_word' id='word_1_691' title='bbox 168 3022 274 3054; x_wconf 83' lang='lat' dir='ltr'>fundo</span> <span class='ocrx_word' id='word_1_692' title='bbox 292 3019 361 3051; x_wconf 84' lang='lat' dir='ltr'>Lex</span> <span class='ocrx_word' id='word_1_693' title='bbox 377 3017 456 3050; x_wconf 87' lang='lat' dir='ltr'>fuit:</span> <span class='ocrx_word' id='word_1_694' title='bbox 476 3018 516 3049; x_wconf 90' lang='lat' dir='ltr'>de</span> <span class='ocrx_word' id='word_1_695' title='bbox 538 3016 657 3047; x_wconf 81' lang='lat' dir='ltr'>aedlbus</span> <span class='ocrx_word' id='word_1_696' title='bbox 674 3024 737 3046; x_wconf 90' lang='lat' dir='ltr'>non</span> <span class='ocrx_word' id='word_1_697' title='bbox 754 3015 816 3047; x_wconf 91' lang='lat' dir='ltr'>fuit</span> <span class='ocrx_word' id='word_1_698' title='bbox 831 3019 945 3049; x_wconf 85' lang='lat' dir='ltr'>locuta.</span> <span class='ocrx_word' id='word_1_699' title='bbox 968 3027 1033 3049; x_wconf 92' lang='lat' dir='ltr'>non</span> 
     </span>
     <span class='ocr_line' id='line_1_92' title="bbox 170 3055 1032 3101; baseline -0.006 -7"><span class='ocrx_word' id='word_1_700' title='bbox 170 3070 278 3094; x_wconf 89' lang='lat' dir='ltr'>tamen</span> <span class='ocrx_word' id='word_1_701' title='bbox 298 3059 417 3092; x_wconf 86' lang='lat' dir='ltr'>credita</span> <span class='ocrx_word' id='word_1_702' title='bbox 430 3058 493 3097; x_wconf 85' lang='lat' dir='ltr'>est,</span> <span class='ocrx_word' id='word_1_703' title='bbox 516 3067 557 3089; x_wconf 91' lang='lat' dir='ltr'>eo</span> <span class='ocrx_word' id='word_1_704' title='bbox 575 3055 702 3101; x_wconf 69' lang='lat' dir='ltr'>mentio</span> <span class='ocrx_word' id='word_1_705' title='bbox 718 3057 801 3086; x_wconf 84' lang='lat' dir='ltr'>aedes</span> <span class='ocrx_word' id='word_1_706' title='bbox 819 3059 958 3090; x_wconf 77' lang='lat' dir='ltr'>exclusas</span> <span class='ocrx_word' id='word_1_707' title='bbox 974 3069 1032 3089; x_wconf 90' lang='lat' dir='ltr'>vo-</span> 
     </span>
     <span class='ocr_line' id='line_1_93' title="bbox 170 3096 1032 3141; baseline -0.012 -5"><span class='ocrx_word' id='word_1_708' title='bbox 170 3103 270 3136; x_wconf 72' lang='lat' dir='ltr'>luiss&#39;e.</span> <span class='ocrx_word' id='word_1_709' title='bbox 293 3110 329 3131; x_wconf 87' lang='lat' dir='ltr'>ac</span> <span class='ocrx_word' id='word_1_710' title='bbox 341 3102 401 3141; x_wconf 83' lang='lat' dir='ltr'>jam</span> <span class='ocrx_word' id='word_1_711' title='bbox 419 3099 517 3132; x_wconf 86' lang='lat' dir='ltr'>fimile</span> <span class='ocrx_word' id='word_1_712' title='bbox 534 3096 781 3131; x_wconf 82' lang='lat' dir='ltr'>animadversum</span> <span class='ocrx_word' id='word_1_713' title='bbox 797 3097 828 3128; x_wconf 91' lang='lat' dir='ltr'>in</span> <span class='ocrx_word' id='word_1_714' title='bbox 841 3097 926 3141; x_wconf 81' lang='lat' dir='ltr'>Lege</span> <span class='ocrx_word' id='word_1_715' title='bbox 945 3100 1032 3131; x_wconf 80' lang='lat' dir='ltr'>Duo.</span> 
     </span>
     <span class='ocr_line' id='line_1_94' title="bbox 169 3137 1036 3182; baseline -0.015 -2"><span class='ocrx_word' id='word_1_716' title='bbox 169 3145 275 3180; x_wconf 70' lang='lat' dir='ltr'>decim</span> <span class='ocrx_word' id='word_1_717' title='bbox 294 3141 510 3175; x_wconf 79' lang='lat' dir='ltr'>Tabularum:</span> <span class='ocrx_word' id='word_1_718' title='bbox 533 3141 566 3176; x_wconf 83' lang='lat' dir='ltr'>in</span> <span class='ocrx_word' id='word_1_719' title='bbox 585 3148 665 3182; x_wconf 79' lang='lat' dir='ltr'>qua,</span> <span class='ocrx_word' id='word_1_720' title='bbox 688 3138 790 3181; x_wconf 85' lang='lat' dir='ltr'>inquit</span> <span class='ocrx_word' id='word_1_721' title='bbox 813 3137 950 3178; x_wconf 80' lang='lat' dir='ltr'>Cicero,</span> <span class='ocrx_word' id='word_1_722' title='bbox 982 3141 1036 3175; x_wconf 66' lang='lat'>⁷1¹0.</span> 
     </span>
    </p>
   </div>
   <div class='ocr_carea' id='block_1_7' title="bbox 1070 1244 1950 3221">
    <p class='ocr_par' dir='ltr' id='par_1_10' title="bbox 1070 1244 1950 3183">
     <span class='ocr_line' id='line_1_95' title="bbox 1070 1244 1947 1288; baseline 0.005 -13"><span class='ocrx_word' id='word_1_723' title='bbox 1070 1246 1146 1285; x_wconf 81' lang='lat' dir='ltr'>picis</span> <span class='ocrx_word' id='word_1_724' title='bbox 1161 1255 1191 1276; x_wconf 79' lang='grc' dir='ltr'>η.</span> <span class='ocrx_word' id='word_1_725' title='bbox 1211 1254 1258 1287; x_wconf 82' lang='lat'>23.</span> <span class='ocrx_word' id='word_1_726' title='bbox 1278 1244 1426 1288; x_wconf 76' lang='lat' dir='ltr'>Quoniam</span> <span class='ocrx_word' id='word_1_727' title='bbox 1443 1244 1509 1286; x_wconf 81' lang='lat' dir='ltr'>usus</span> <span class='ocrx_word' id='word_1_728' title='bbox 1523 1244 1682 1277; x_wconf 68' lang='grc' dir='ltr'>αιιέἶυνίτας</span> <span class='ocrx_word' id='word_1_729' title='bbox 1690 1247 1786 1286; x_wconf 80' lang='lat' dir='ltr'>fundi</span> <span class='ocrx_word' id='word_1_730' title='bbox 1800 1244 1947 1279; x_wconf 80' lang='lat' dir='ltr'>biennium</span> 
     </span>
     <span class='ocr_line' id='line_1_96' title="bbox 1074 1285 1949 1329; baseline 0.003 -12"><span class='ocrx_word' id='word_1_731' title='bbox 1074 1285 1132 1327; x_wconf 82' lang='lat' dir='ltr'>est,</span> <span class='ocrx_word' id='word_1_732' title='bbox 1149 1286 1189 1324; x_wconf 79' lang='lat' dir='ltr'>fic</span> <span class='ocrx_word' id='word_1_733' title='bbox 1208 1290 1295 1318; x_wconf 81' lang='lat' dir='ltr'>eliam</span> <span class='ocrx_word' id='word_1_734' title='bbox 1309 1289 1422 1317; x_wconf 74' lang='lat' dir='ltr'>a&#39;dium.</span> <span class='ocrx_word' id='word_1_735' title='bbox 1446 1294 1476 1316; x_wconf 79' lang='grc' dir='ltr'>αι</span> <span class='ocrx_word' id='word_1_736' title='bbox 1491 1289 1523 1318; x_wconf 79' lang='lat'>2&#39;12</span> <span class='ocrx_word' id='word_1_737' title='bbox 1541 1288 1617 1329; x_wconf 74' lang='lat' dir='ltr'>Lege</span> <span class='ocrx_word' id='word_1_738' title='bbox 1633 1290 1703 1319; x_wconf 72' lang='lat' dir='ltr'>cedes</span> <span class='ocrx_word' id='word_1_739' title='bbox 1727 1298 1784 1320; x_wconf 82' lang='lat' dir='ltr'>non</span> <span class='ocrx_word' id='word_1_740' title='bbox 1807 1288 1949 1328; x_wconf 82' lang='lat' dir='ltr'>appellan-</span> 
     </span>
     <span class='ocr_line' id='line_1_97' title="bbox 1072 1327 1948 1370; baseline 0.003 -11"><span class='ocrx_word' id='word_1_741' title='bbox 1072 1335 1131 1359; x_wconf 84' lang='lat' dir='ltr'>zur.</span> <span class='ocrx_word' id='word_1_742' title='bbox 1143 1328 1224 1360; x_wconf 85' lang='lat' dir='ltr'>Vice</span> <span class='ocrx_word' id='word_1_743' title='bbox 1242 1327 1328 1359; x_wconf 89' lang='lat' dir='ltr'>versa</span> <span class='ocrx_word' id='word_1_744' title='bbox 1344 1327 1463 1359; x_wconf 87' lang='lat' dir='ltr'>Praetor</span> <span class='ocrx_word' id='word_1_745' title='bbox 1478 1327 1508 1359; x_wconf 90' lang='lat' dir='ltr'>in</span> <span class='ocrx_word' id='word_1_746' title='bbox 1527 1327 1696 1360; x_wconf 69' lang='lat' dir='ltr'>interdisto</span> <span class='ocrx_word' id='word_1_747' title='bbox 1712 1328 1767 1360; x_wconf 91' lang='lat' dir='ltr'>Uti</span> <span class='ocrx_word' id='word_1_748' title='bbox 1784 1329 1948 1370; x_wconf 85' lang='lat' dir='ltr'>poffidetis</span> 
     </span>
     <span class='ocr_line' id='line_1_98' title="bbox 1076 1369 1948 1411; baseline 0.002 -11"><span class='ocrx_word' id='word_1_749' title='bbox 1076 1377 1196 1401; x_wconf 80' lang='lat' dir='ltr'>tantum</span> <span class='ocrx_word' id='word_1_750' title='bbox 1215 1370 1297 1401; x_wconf 75' lang='lat' dir='ltr'>:edes</span> <span class='ocrx_word' id='word_1_751' title='bbox 1320 1369 1463 1401; x_wconf 89' lang='lat' dir='ltr'>nominat</span> <span class='ocrx_word' id='word_1_752' title='bbox 1489 1369 1505 1399; x_wconf 86' lang='lat' dir='ltr'>l.</span> <span class='ocrx_word' id='word_1_753' title='bbox 1522 1378 1546 1400; x_wconf 93' lang='lat'>1.</span> <span class='ocrx_word' id='word_1_754' title='bbox 1567 1371 1614 1402; x_wconf 86' lang='lat' dir='ltr'>D.</span> <span class='ocrx_word' id='word_1_755' title='bbox 1636 1369 1862 1411; x_wconf 74' lang='lat' dir='ltr'>Ucipofficietis:</span> <span class='ocrx_word' id='word_1_756' title='bbox 1887 1380 1948 1402; x_wconf 91' lang='lat' dir='ltr'>nec</span> 
     </span>
     <span class='ocr_line' id='line_1_99' title="bbox 1076 1409 1944 1452; baseline 0.001 -10"><span class='ocrx_word' id='word_1_757' title='bbox 1076 1409 1198 1442; x_wconf 86' lang='lat' dir='ltr'>idcirco</span> <span class='ocrx_word' id='word_1_758' title='bbox 1217 1410 1353 1442; x_wconf 84' lang='lat' dir='ltr'>fundum</span> <span class='ocrx_word' id='word_1_759' title='bbox 1371 1409 1550 1451; x_wconf 73' lang='lat' dir='ltr'>praeteriiss‘e</span> <span class='ocrx_word' id='word_1_760' title='bbox 1567 1410 1755 1452; x_wconf 83' lang='lat' dir='ltr'>intelligitur</span> <span class='ocrx_word' id='word_1_761' title='bbox 1770 1411 1799 1452; x_wconf 85' lang='lat'>§.</span> <span class='ocrx_word' id='word_1_762' title='bbox 1820 1422 1850 1451; x_wconf 87' lang='lat'>4.</span> <span class='ocrx_word' id='word_1_763' title='bbox 1870 1410 1944 1452; x_wconf 82' lang='lat' dir='ltr'>Inst.</span> 
     </span>
     <span class='ocr_line' id='line_1_100' title="bbox 1075 1451 1944 1492; baseline 0.001 -10"><span class='ocrx_word' id='word_1_764' title='bbox 1075 1454 1108 1482; x_wconf 81' lang='lat' dir='ltr'>de</span> <span class='ocrx_word' id='word_1_765' title='bbox 1124 1451 1268 1483; x_wconf 59' lang='lat' dir='ltr'>intenti&amp;</span> <span class='ocrx_word' id='word_1_766' title='bbox 1294 1451 1359 1482; x_wconf 88' lang='lat' dir='ltr'>imo</span> <span class='ocrx_word' id='word_1_767' title='bbox 1394 1452 1666 1491; x_wconf 83' lang='lat' dir='ltr'>quemadmodum</span> <span class='ocrx_word' id='word_1_768' title='bbox 1698 1452 1852 1492; x_wconf 80' lang='lat' dir='ltr'>Ulpianus</span> <span class='ocrx_word' id='word_1_769' title='bbox 1877 1455 1904 1483; x_wconf 81' lang='lat' dir='ltr'>d.</span> <span class='ocrx_word' id='word_1_770' title='bbox 1922 1453 1944 1484; x_wconf 82' lang='lat' dir='ltr'>l.</span> 
     </span>
     <span class='ocr_line' id='line_1_101' title="bbox 1079 1492 1947 1535; baseline 0.001 -11"><span class='ocrx_word' id='word_1_771' title='bbox 1079 1502 1103 1524; x_wconf 93' lang='lat'>1.</span> <span class='ocrx_word' id='word_1_772' title='bbox 1124 1493 1153 1535; x_wconf 82' lang='lat'>§.</span> <span class='ocrx_word' id='word_1_773' title='bbox 1175 1502 1202 1524; x_wconf 86' lang='lat'>1.</span> <span class='ocrx_word' id='word_1_774' title='bbox 1220 1492 1379 1532; x_wconf 58' lang='lat' dir='ltr'>inspeela,</span> <span class='ocrx_word' id='word_1_775' title='bbox 1396 1492 1526 1532; x_wconf 85' lang='lat' dir='ltr'>opinor,</span> <span class='ocrx_word' id='word_1_776' title='bbox 1544 1492 1646 1523; x_wconf 50' lang='lat' dir='ltr'>Edicit</span> <span class='ocrx_word' id='word_1_777' title='bbox 1666 1502 1774 1524; x_wconf 81' lang='lat' dir='ltr'>mente</span> <span class='ocrx_word' id='word_1_778' title='bbox 1791 1494 1854 1531; x_wconf 90' lang='lat' dir='ltr'>ait,</span> <span class='ocrx_word' id='word_1_779' title='bbox 1870 1493 1947 1526; x_wconf 87' lang='lat' dir='ltr'>Hoc</span> 
     </span>
     <span class='ocr_line' id='line_1_102' title="bbox 1076 1532 1945 1573; baseline 0.002 -9"><span class='ocrx_word' id='word_1_780' title='bbox 1076 1533 1279 1566; x_wconf 64' lang='lat' dir='ltr'>interdictum</span> <span class='ocrx_word' id='word_1_781' title='bbox 1301 1532 1362 1564; x_wconf 83' lang='lat' dir='ltr'>effe</span> <span class='ocrx_word' id='word_1_782' title='bbox 1385 1534 1425 1564; x_wconf 86' lang='lat' dir='ltr'>de</span> <span class='ocrx_word' id='word_1_783' title='bbox 1441 1532 1495 1564; x_wconf 90' lang='lat' dir='ltr'>soli</span> <span class='ocrx_word' id='word_1_784' title='bbox 1521 1532 1689 1571; x_wconf 80' lang='lat' dir='ltr'>poss&#39;effore</span> <span class='ocrx_word' id='word_1_785' title='bbox 1714 1533 1880 1573; x_wconf 77' lang='lat' dir='ltr'>scriptum:</span> <span class='ocrx_word' id='word_1_786' title='bbox 1902 1535 1945 1567; x_wconf 84' lang='lat' dir='ltr'>fic</span> 
     </span>
     <span class='ocr_line' id='line_1_103' title="bbox 1076 1573 1948 1616; baseline 0.002 -11"><span class='ocrx_word' id='word_1_787' title='bbox 1076 1573 1139 1616; x_wconf 84' lang='lat' dir='ltr'>ipse</span> <span class='ocrx_word' id='word_1_788' title='bbox 1166 1575 1287 1616; x_wconf 84' lang='lat' dir='ltr'>Legem</span> <span class='ocrx_word' id='word_1_789' title='bbox 1307 1573 1420 1614; x_wconf 75' lang='lat' dir='ltr'>juliam</span> <span class='ocrx_word' id='word_1_790' title='bbox 1442 1574 1623 1614; x_wconf 83' lang='lat' dir='ltr'>explicans,</span> <span class='ocrx_word' id='word_1_791' title='bbox 1649 1583 1713 1606; x_wconf 88' lang='lat' dir='ltr'>non</span> <span class='ocrx_word' id='word_1_792' title='bbox 1733 1575 1863 1606; x_wconf 82' lang='lat' dir='ltr'>absurde</span> <span class='ocrx_word' id='word_1_793' title='bbox 1883 1585 1948 1607; x_wconf 86' lang='lat' dir='ltr'>ma-</span> 
     </span>
     <span class='ocr_line' id='line_1_104' title="bbox 1075 1615 1947 1656; baseline 0.001 -9"><span class='ocrx_word' id='word_1_794' title='bbox 1075 1616 1133 1648; x_wconf 86' lang='lat' dir='ltr'>luit</span> <span class='ocrx_word' id='word_1_795' title='bbox 1144 1639 1153 1656; x_wconf 89' lang='lat'><strong>,</strong></span> <span class='ocrx_word' id='word_1_796' title='bbox 1176 1616 1284 1647; x_wconf 87' lang='lat' dir='ltr'>dotale</span> <span class='ocrx_word' id='word_1_797' title='bbox 1301 1616 1452 1656; x_wconf 83' lang='lat' dir='ltr'>praedium</span> <span class='ocrx_word' id='word_1_798' title='bbox 1463 1638 1472 1654; x_wconf 89' lang='lat'><strong>,</strong></span> <span class='ocrx_word' id='word_1_799' title='bbox 1487 1624 1580 1656; x_wconf 85' lang='lat' dir='ltr'>quam</span> <span class='ocrx_word' id='word_1_800' title='bbox 1592 1617 1733 1648; x_wconf 84' lang='lat' dir='ltr'>dotalem</span> <span class='ocrx_word' id='word_1_801' title='bbox 1751 1615 1886 1648; x_wconf 80' lang='lat' dir='ltr'>fundum</span> <span class='ocrx_word' id='word_1_802' title='bbox 1901 1616 1947 1648; x_wconf 89' lang='lat' dir='ltr'>di·</span> 
     </span>
     <span class='ocr_line' id='line_1_105' title="bbox 1075 1655 1950 1698; baseline 0.002 -10"><span class='ocrx_word' id='word_1_803' title='bbox 1075 1664 1167 1690; x_wconf 81' lang='lat' dir='ltr'>cere:</span> <span class='ocrx_word' id='word_1_804' title='bbox 1190 1667 1254 1688; x_wconf 90' lang='lat' dir='ltr'>uno</span> <span class='ocrx_word' id='word_1_805' title='bbox 1272 1657 1372 1688; x_wconf 86' lang='lat' dir='ltr'>verbo</span> <span class='ocrx_word' id='word_1_806' title='bbox 1390 1656 1419 1688; x_wconf 79' lang='grc' dir='ltr'>ἂ</span> <span class='ocrx_word' id='word_1_807' title='bbox 1435 1655 1569 1689; x_wconf 85' lang='lat' dir='ltr'>fundum</span> <span class='ocrx_word' id='word_1_808' title='bbox 1589 1657 1619 1688; x_wconf 70' lang='grc' dir='ltr'>ὁ(</span> <span class='ocrx_word' id='word_1_809' title='bbox 1638 1659 1722 1689; x_wconf 77' lang='lat' dir='ltr'>tedes</span> <span class='ocrx_word' id='word_1_810' title='bbox 1740 1658 1950 1698; x_wconf 90' lang='lat' dir='ltr'>comprehen-</span> 
     </span>
     <span class='ocr_line' id='line_1_106' title="bbox 1075 1697 1949 1740; baseline 0.002 -11"><span class='ocrx_word' id='word_1_811' title='bbox 1075 1698 1180 1731; x_wconf 81' lang='lat' dir='ltr'>surus:</span> <span class='ocrx_word' id='word_1_812' title='bbox 1203 1699 1235 1730; x_wconf 83' lang='lat' dir='ltr'>id</span> <span class='ocrx_word' id='word_1_813' title='bbox 1251 1697 1317 1737; x_wconf 87' lang='lat' dir='ltr'>est,</span> <span class='ocrx_word' id='word_1_814' title='bbox 1340 1698 1494 1739; x_wconf 87' lang='lat' dir='ltr'>praedium</span> <span class='ocrx_word' id='word_1_815' title='bbox 1513 1706 1576 1730; x_wconf 90' lang='lat' dir='ltr'>tam</span> <span class='ocrx_word' id='word_1_816' title='bbox 1592 1699 1766 1737; x_wconf 85' lang='lat' dir='ltr'>urbanum,</span> <span class='ocrx_word' id='word_1_817' title='bbox 1789 1708 1884 1740; x_wconf 83' lang='lat' dir='ltr'>quam</span> <span class='ocrx_word' id='word_1_818' title='bbox 1900 1709 1949 1732; x_wconf 91' lang='lat' dir='ltr'>ru-</span> 
     </span>
     <span class='ocr_line' id='line_1_107' title="bbox 1075 1738 1946 1788; baseline 0.001 -17"><span class='ocrx_word' id='word_1_819' title='bbox 1075 1740 1194 1771; x_wconf 87' lang='lat' dir='ltr'>sticum.</span> <span class='ocrx_word' id='word_1_820' title='bbox 1218 1738 1293 1771; x_wconf 89' lang='lat' dir='ltr'>Non</span> <span class='ocrx_word' id='word_1_821' title='bbox 1309 1739 1367 1770; x_wconf 85' lang='lat' dir='ltr'>alia</span> <span class='ocrx_word' id='word_1_822' title='bbox 1383 1739 1508 1771; x_wconf 83' lang='lat' dir='ltr'>ratione</span> <span class='ocrx_word' id='word_1_823' title='bbox 1534 1738 1688 1780; x_wconf 88' lang='lat' dir='ltr'>Ulpianus</span> <span class='ocrx_word' id='word_1_824' title='bbox 1711 1742 1740 1772; x_wconf 80' lang='lat' dir='ltr'>d.</span> <span class='ocrx_word' id='word_1_825' title='bbox 1764 1740 1784 1772; x_wconf 84' lang='lat' dir='ltr'>l.</span> <span class='ocrx_word' id='word_1_826' title='bbox 1805 1749 1850 1788; x_wconf 71' lang='lat'>13.</span> <span class='ocrx_word' id='word_1_827' title='bbox 1867 1741 1894 1782; x_wconf 84' lang='lat'>§.</span> <span class='ocrx_word' id='word_1_828' title='bbox 1918 1750 1946 1773; x_wconf 89' lang='lat'>1.</span> 
     </span>
     <span class='ocr_line' id='line_1_108' title="bbox 1076 1779 1946 1826; baseline 0.002 -14"><span class='ocrx_word' id='word_1_829' title='bbox 1076 1781 1131 1813; x_wconf 79' lang='lat' dir='ltr'>etii</span> <span class='ocrx_word' id='word_1_830' title='bbox 1142 1804 1151 1820; x_wconf 91' lang='lat'>‚</span> <span class='ocrx_word' id='word_1_831' title='bbox 1167 1780 1270 1821; x_wconf 88' lang='lat' dir='ltr'>inquit</span> <span class='ocrx_word' id='word_1_832' title='bbox 1282 1804 1292 1820; x_wconf 87' lang='lat'><em>‚</em></span> <span class='ocrx_word' id='word_1_833' title='bbox 1308 1779 1378 1812; x_wconf 82' lang='lat' dir='ltr'>Lex</span> <span class='ocrx_word' id='word_1_834' title='bbox 1392 1781 1473 1826; x_wconf 68' lang='lat' dir='ltr'>julia</span> <span class='ocrx_word' id='word_1_835' title='bbox 1485 1782 1636 1822; x_wconf 82' lang='lat' dir='ltr'>praedium</span> <span class='ocrx_word' id='word_1_836' title='bbox 1654 1782 1734 1814; x_wconf 86' lang='lat' dir='ltr'>dixit</span> <span class='ocrx_word' id='word_1_837' title='bbox 1751 1784 1946 1814; x_wconf 79' lang='lat' dir='ltr'>conliderata</span> 
     </span>
     <span class='ocr_line' id='line_1_109' title="bbox 1077 1822 1948 1864; baseline 0.001 -10"><span class='ocrx_word' id='word_1_838' title='bbox 1077 1824 1141 1861; x_wconf 80' lang='lat' dir='ltr'>ejus</span> <span class='ocrx_word' id='word_1_839' title='bbox 1160 1830 1287 1861; x_wconf 86' lang='lat' dir='ltr'>mente,</span> <span class='ocrx_word' id='word_1_840' title='bbox 1309 1823 1416 1863; x_wconf 87' lang='lat' dir='ltr'>praedn</span> <span class='ocrx_word' id='word_1_841' title='bbox 1431 1823 1646 1864; x_wconf 89' lang='lat' dir='ltr'>appellatione</span> <span class='ocrx_word' id='word_1_842' title='bbox 1672 1822 1766 1855; x_wconf 85' lang='lat' dir='ltr'>etiam</span> <span class='ocrx_word' id='word_1_843' title='bbox 1785 1832 1855 1863; x_wconf 87' lang='lat' dir='ltr'>pars</span> <span class='ocrx_word' id='word_1_844' title='bbox 1871 1833 1948 1855; x_wconf 87' lang='lat' dir='ltr'>con·</span> 
     </span>
     <span class='ocr_line' id='line_1_110' title="bbox 1077 1863 1948 1909; baseline 0.001 -14"><span class='ocrx_word' id='word_1_845' title='bbox 1077 1863 1206 1909; x_wconf 82' lang='lat' dir='ltr'>tinetur.</span> <span class='ocrx_word' id='word_1_846' title='bbox 1231 1864 1259 1894; x_wconf 76' lang='grc' dir='ltr'>ἂ</span> <span class='ocrx_word' id='word_1_847' title='bbox 1286 1863 1394 1903; x_wconf 85' lang='lat' dir='ltr'>addit,</span> <span class='ocrx_word' id='word_1_848' title='bbox 1416 1865 1553 1904; x_wconf 90' lang='lat' dir='ltr'>proinde</span> <span class='ocrx_word' id='word_1_849' title='bbox 1572 1864 1636 1896; x_wconf 90' lang='lat' dir='ltr'>five</span> <span class='ocrx_word' id='word_1_850' title='bbox 1662 1872 1767 1896; x_wconf 89' lang='lat' dir='ltr'>totum</span> <span class='ocrx_word' id='word_1_851' title='bbox 1792 1865 1948 1906; x_wconf 72' lang='lat' dir='ltr'>praedium</span> 
     </span>
     <span class='ocr_line' id='line_1_111' title="bbox 1077 1904 1948 1947; baseline 0.001 -10"><span class='ocrx_word' id='word_1_852' title='bbox 1077 1904 1114 1937; x_wconf 89' lang='lat' dir='ltr'>fit</span> <span class='ocrx_word' id='word_1_853' title='bbox 1138 1915 1169 1936; x_wconf 90' lang='grc'>111</span> <span class='ocrx_word' id='word_1_854' title='bbox 1192 1906 1304 1937; x_wconf 87' lang='lat' dir='ltr'>dotem</span> <span class='ocrx_word' id='word_1_855' title='bbox 1328 1905 1455 1944; x_wconf 84' lang='lat' dir='ltr'>datum,</span> <span class='ocrx_word' id='word_1_856' title='bbox 1477 1905 1541 1937; x_wconf 88' lang='lat' dir='ltr'>five</span> <span class='ocrx_word' id='word_1_857' title='bbox 1565 1915 1635 1946; x_wconf 76' lang='lat' dir='ltr'>pars</span> <span class='ocrx_word' id='word_1_858' title='bbox 1658 1905 1787 1947; x_wconf 65' lang='lat' dir='ltr'>praedii,</span> <span class='ocrx_word' id='word_1_859' title='bbox 1817 1907 1948 1939; x_wconf 89' lang='lat' dir='ltr'>alienari</span> 
     </span>
     <span class='ocr_line' id='line_1_112' title="bbox 1078 1946 1947 1988; baseline 0.002 -11"><span class='ocrx_word' id='word_1_860' title='bbox 1078 1946 1209 1987; x_wconf 88' lang='lat' dir='ltr'>nequit,</span> <span class='ocrx_word' id='word_1_861' title='bbox 1233 1948 1262 1978; x_wconf 72' lang='grc' dir='ltr'>ἃ</span> <span class='ocrx_word' id='word_1_862' title='bbox 1278 1946 1342 1977; x_wconf 88' lang='lat' dir='ltr'>hoc</span> <span class='ocrx_word' id='word_1_863' title='bbox 1358 1947 1430 1988; x_wconf 86' lang='lat' dir='ltr'>jure</span> <span class='ocrx_word' id='word_1_864' title='bbox 1456 1947 1584 1978; x_wconf 88' lang='lat' dir='ltr'>utimur.</span> <span class='ocrx_word' id='word_1_865' title='bbox 1609 1947 1723 1978; x_wconf 89' lang='lat' dir='ltr'>Similis</span> <span class='ocrx_word' id='word_1_866' title='bbox 1743 1946 1883 1987; x_wconf 89' lang='lat' dir='ltr'>Ulpiano</span> <span class='ocrx_word' id='word_1_867' title='bbox 1900 1949 1947 1979; x_wconf 90' lang='lat' dir='ltr'>in·</span> 
     </span>
     <span class='ocr_line' id='line_1_113' title="bbox 1080 1987 1947 2029; baseline 0.001 -10"><span class='ocrx_word' id='word_1_868' title='bbox 1080 1989 1159 2019; x_wconf 90' lang='lat' dir='ltr'>cidit</span> <span class='ocrx_word' id='word_1_869' title='bbox 1177 1988 1354 2019; x_wconf 81' lang='lat' dir='ltr'>observatio</span> <span class='ocrx_word' id='word_1_870' title='bbox 1370 1987 1453 2019; x_wconf 90' lang='lat' dir='ltr'>cirea</span> <span class='ocrx_word' id='word_1_871' title='bbox 1465 1989 1572 2029; x_wconf 83' lang='lat' dir='ltr'>praedii</span> <span class='ocrx_word' id='word_1_872' title='bbox 1584 1987 1765 2019; x_wconf 87' lang='lat' dir='ltr'>servitutem</span> <span class='ocrx_word' id='word_1_873' title='bbox 1782 1997 1854 2019; x_wconf 92' lang='lat' dir='ltr'>cum</span> <span class='ocrx_word' id='word_1_874' title='bbox 1873 1990 1947 2020; x_wconf 81' lang='lat' dir='ltr'>dan-</span> 
     </span>
     <span class='ocr_line' id='line_1_114' title="bbox 1080 2029 1943 2071; baseline 0 -10"><span class='ocrx_word' id='word_1_875' title='bbox 1080 2030 1169 2067; x_wconf 86' lang='lat' dir='ltr'>dam,</span> <span class='ocrx_word' id='word_1_876' title='bbox 1194 2038 1261 2060; x_wconf 90' lang='lat' dir='ltr'>tum</span> <span class='ocrx_word' id='word_1_877' title='bbox 1278 2031 1501 2060; x_wconf 89' lang='lat' dir='ltr'>remittendam</span> <span class='ocrx_word' id='word_1_878' title='bbox 1519 2030 1538 2060; x_wconf 84' lang='lat' dir='ltr'>l.</span> <span class='ocrx_word' id='word_1_879' title='bbox 1557 2039 1586 2069; x_wconf 81' lang='grc'>3.</span> <span class='ocrx_word' id='word_1_880' title='bbox 1605 2029 1631 2071; x_wconf 86' lang='lat'>§.</span> <span class='ocrx_word' id='word_1_881' title='bbox 1654 2040 1684 2070; x_wconf 81' lang='lat'>5.</span> <span class='ocrx_word' id='word_1_882' title='bbox 1704 2031 1750 2061; x_wconf 81' lang='lat' dir='ltr'>D.</span> <span class='ocrx_word' id='word_1_883' title='bbox 1767 2031 1800 2060; x_wconf 84' lang='lat' dir='ltr'>de</span> <span class='ocrx_word' id='word_1_884' title='bbox 1817 2031 1872 2061; x_wconf 84' lang='lat' dir='ltr'>reb.</span> <span class='ocrx_word' id='word_1_885' title='bbox 1888 2039 1943 2062; x_wconf 85' lang='lat' dir='ltr'>eor.</span> 
     </span>
     <span class='ocr_line' id='line_1_115' title="bbox 1080 2069 1943 2112; baseline 0.002 -12"><span class='ocrx_word' id='word_1_886' title='bbox 1080 2071 1194 2112; x_wconf 80' lang='lat' dir='ltr'>qnisztb</span> <span class='ocrx_word' id='word_1_887' title='bbox 1212 2077 1269 2101; x_wconf 76' lang='lat' dir='ltr'>tut.</span> <span class='ocrx_word' id='word_1_888' title='bbox 1293 2070 1368 2102; x_wconf 86' lang='lat' dir='ltr'>licet</span> <span class='ocrx_word' id='word_1_889' title='bbox 1384 2071 1524 2110; x_wconf 83' lang='lat' dir='ltr'>alioquin</span> <span class='ocrx_word' id='word_1_890' title='bbox 1546 2070 1677 2101; x_wconf 82' lang='lat' dir='ltr'>servitus</span> <span class='ocrx_word' id='word_1_891' title='bbox 1694 2072 1792 2112; x_wconf 85' lang='lat' dir='ltr'>magis</span> <span class='ocrx_word' id='word_1_892' title='bbox 1809 2069 1840 2102; x_wconf 93' lang='lat' dir='ltr'>in</span> <span class='ocrx_word' id='word_1_893' title='bbox 1855 2072 1943 2111; x_wconf 87' lang='lat' dir='ltr'>jure,</span> 
     </span>
     <span class='ocr_line' id='line_1_116' title="bbox 1082 2111 1945 2152; baseline 0.002 -10"><span class='ocrx_word' id='word_1_894' title='bbox 1082 2121 1174 2152; x_wconf 86' lang='lat' dir='ltr'>quam</span> <span class='ocrx_word' id='word_1_895' title='bbox 1195 2112 1224 2142; x_wconf 93' lang='lat' dir='ltr'>in</span> <span class='ocrx_word' id='word_1_896' title='bbox 1243 2120 1351 2152; x_wconf 83' lang='lat' dir='ltr'>parte,</span> <span class='ocrx_word' id='word_1_897' title='bbox 1375 2111 1536 2142; x_wconf 85' lang='lat' dir='ltr'>habeatur.</span> <span class='ocrx_word' id='word_1_898' title='bbox 1557 2111 1607 2143; x_wconf 85' lang='lat' dir='ltr'>sed</span> <span class='ocrx_word' id='word_1_899' title='bbox 1618 2112 1721 2143; x_wconf 88' lang='lat' dir='ltr'>utilius</span> <span class='ocrx_word' id='word_1_900' title='bbox 1739 2112 1835 2143; x_wconf 74' lang='lat' dir='ltr'>visum</span> <span class='ocrx_word' id='word_1_901' title='bbox 1852 2111 1945 2152; x_wconf 91' lang='lat' dir='ltr'>Ulpi-</span> 
     </span>
     <span class='ocr_line' id='line_1_117' title="bbox 1080 2151 1946 2193; baseline 0.001 -10"><span class='ocrx_word' id='word_1_902' title='bbox 1080 2162 1158 2191; x_wconf 86' lang='lat' dir='ltr'>ano,</span> <span class='ocrx_word' id='word_1_903' title='bbox 1172 2152 1287 2184; x_wconf 88' lang='lat' dir='ltr'>servire</span> <span class='ocrx_word' id='word_1_904' title='bbox 1298 2151 1390 2193; x_wconf 73' lang='lat' dir='ltr'>Legis</span> <span class='ocrx_word' id='word_1_905' title='bbox 1403 2151 1584 2191; x_wconf 77' lang='lat' dir='ltr'>sententiae‚</span> <span class='ocrx_word' id='word_1_906' title='bbox 1601 2162 1692 2193; x_wconf 88' lang='lat' dir='ltr'>quam</span> <span class='ocrx_word' id='word_1_907' title='bbox 1713 2154 1832 2184; x_wconf 76' lang='lat' dir='ltr'>verbis:</span> <span class='ocrx_word' id='word_1_908' title='bbox 1849 2153 1946 2185; x_wconf 90' lang='lat' dir='ltr'>mani-</span> 
     </span>
     <span class='ocr_line' id='line_1_118' title="bbox 1078 2193 1946 2234; baseline 0.001 -9"><span class='ocrx_word' id='word_1_909' title='bbox 1078 2193 1156 2225; x_wconf 86' lang='lat' dir='ltr'>festa</span> <span class='ocrx_word' id='word_1_910' title='bbox 1172 2193 1264 2234; x_wconf 79' lang='lat' dir='ltr'>Legis</span> <span class='ocrx_word' id='word_1_911' title='bbox 1283 2194 1505 2234; x_wconf 77' lang='lat' dir='ltr'>providentia3</span> <span class='ocrx_word' id='word_1_912' title='bbox 1528 2204 1567 2225; x_wconf 90' lang='lat' dir='ltr'>ne</span> <span class='ocrx_word' id='word_1_913' title='bbox 1579 2203 1635 2234; x_wconf 90' lang='lat' dir='ltr'>per</span> <span class='ocrx_word' id='word_1_914' title='bbox 1653 2194 1718 2225; x_wconf 83' lang='lat' dir='ltr'>hoc</span> <span class='ocrx_word' id='word_1_915' title='bbox 1734 2195 1874 2226; x_wconf 83' lang='lat' dir='ltr'>deterior</span> <span class='ocrx_word' id='word_1_916' title='bbox 1890 2194 1946 2227; x_wconf 80' lang='lat' dir='ltr'>fiac</span> 
     </span>
     <span class='ocr_line' id='line_1_119' title="bbox 1078 2234 1945 2276; baseline 0 -10"><span class='ocrx_word' id='word_1_917' title='bbox 1078 2234 1183 2275; x_wconf 76' lang='lat' dir='ltr'>praedii</span> <span class='ocrx_word' id='word_1_918' title='bbox 1202 2235 1348 2266; x_wconf 85' lang='lat' dir='ltr'>conditio</span> <span class='ocrx_word' id='word_1_919' title='bbox 1365 2235 1384 2266; x_wconf 85' lang='lat' dir='ltr'>l.</span> <span class='ocrx_word' id='word_1_920' title='bbox 1401 2246 1431 2275; x_wconf 86' lang='lat'>5.</span> <span class='ocrx_word' id='word_1_921' title='bbox 1449 2237 1507 2266; x_wconf 79' lang='grc'>1,(5.</span> <span class='ocrx_word' id='word_1_922' title='bbox 1526 2236 1572 2266; x_wconf 88' lang='lat' dir='ltr'>D.</span> <span class='ocrx_word' id='word_1_923' title='bbox 1592 2236 1618 2266; x_wconf 79' lang='lat' dir='ltr'>h.</span> <span class='ocrx_word' id='word_1_924' title='bbox 1631 2242 1650 2266; x_wconf 79' lang='lat' dir='ltr'>c.</span> <span class='ocrx_word' id='word_1_925' title='bbox 1674 2236 1737 2268; x_wconf 82' lang='lat' dir='ltr'>Vix</span> <span class='ocrx_word' id='word_1_926' title='bbox 1753 2246 1832 2276; x_wconf 84' lang='lat' dir='ltr'>opus</span> <span class='ocrx_word' id='word_1_927' title='bbox 1850 2237 1945 2274; x_wconf 86' lang='lat' dir='ltr'>addi,</span> 
     </span>
     <span class='ocr_line' id='line_1_120' title="bbox 1077 2275 1945 2318; baseline -0.001 -11"><span class='ocrx_word' id='word_1_928' title='bbox 1077 2277 1160 2308; x_wconf 86' lang='lat' dir='ltr'>ultro</span> <span class='ocrx_word' id='word_1_929' title='bbox 1178 2278 1261 2308; x_wconf 85' lang='lat' dir='ltr'>enirn</span> <span class='ocrx_word' id='word_1_930' title='bbox 1281 2285 1431 2317; x_wconf 86' lang='lat' dir='ltr'>apparet,</span> <span class='ocrx_word' id='word_1_931' title='bbox 1456 2275 1594 2318; x_wconf 86' lang='lat' dir='ltr'>Legem,</span> <span class='ocrx_word' id='word_1_932' title='bbox 1619 2286 1691 2308; x_wconf 91' lang='lat' dir='ltr'>cum</span> <span class='ocrx_word' id='word_1_933' title='bbox 1720 2279 1758 2308; x_wconf 85' lang='lat' dir='ltr'>de</span> <span class='ocrx_word' id='word_1_934' title='bbox 1775 2277 1873 2308; x_wconf 89' lang='lat' dir='ltr'>fundo</span> <span class='ocrx_word' id='word_1_935' title='bbox 1889 2277 1945 2307; x_wconf 92' lang='lat' dir='ltr'>do-</span> 
     </span>
     <span class='ocr_line' id='line_1_121' title="bbox 1077 2317 1945 2358; baseline -0.003 -9"><span class='ocrx_word' id='word_1_936' title='bbox 1077 2317 1129 2349; x_wconf 84' lang='lat' dir='ltr'>tali</span> <span class='ocrx_word' id='word_1_937' title='bbox 1147 2317 1308 2358; x_wconf 85' lang='lat' dir='ltr'>loquitur,</span> <span class='ocrx_word' id='word_1_938' title='bbox 1334 2327 1393 2349; x_wconf 88' lang='lat' dir='ltr'>nec</span> <span class='ocrx_word' id='word_1_939' title='bbox 1414 2327 1462 2349; x_wconf 89' lang='lat' dir='ltr'>res</span> <span class='ocrx_word' id='word_1_940' title='bbox 1480 2318 1613 2350; x_wconf 85' lang='lat' dir='ltr'>mobiles</span> <span class='ocrx_word' id='word_1_941' title='bbox 1628 2326 1682 2349; x_wconf 88' lang='lat' dir='ltr'>aut</span> <span class='ocrx_word' id='word_1_942' title='bbox 1701 2317 1762 2349; x_wconf 82' lang='lat' dir='ltr'>sese</span> <span class='ocrx_word' id='word_1_943' title='bbox 1778 2324 1945 2349; x_wconf 81' lang='lat' dir='ltr'>moventes</span> 
     </span>
     <span class='ocr_line' id='line_1_122' title="bbox 1080 2357 1944 2399; baseline -0.002 -9"><span class='ocrx_word' id='word_1_944' title='bbox 1080 2367 1115 2390; x_wconf 80' lang='lat' dir='ltr'>ut</span> <span class='ocrx_word' id='word_1_945' title='bbox 1132 2367 1165 2390; x_wconf 87' lang='lat' dir='ltr'>ut</span> <span class='ocrx_word' id='word_1_946' title='bbox 1183 2360 1305 2390; x_wconf 86' lang='lat' dir='ltr'>dotales</span> <span class='ocrx_word' id='word_1_947' title='bbox 1323 2358 1465 2399; x_wconf 86' lang='lat' dir='ltr'>attingit,</span> <span class='ocrx_word' id='word_1_948' title='bbox 1480 2362 1511 2390; x_wconf 90' lang='lat' dir='ltr'>in</span> <span class='ocrx_word' id='word_1_949' title='bbox 1529 2359 1575 2391; x_wconf 88' lang='lat' dir='ltr'>his</span> <span class='ocrx_word' id='word_1_950' title='bbox 1591 2359 1667 2390; x_wconf 82' lang='lat' dir='ltr'>nibil</span> <span class='ocrx_word' id='word_1_951' title='bbox 1678 2368 1716 2390; x_wconf 84' lang='lat' dir='ltr'>ex</span> <span class='ocrx_word' id='word_1_952' title='bbox 1732 2360 1862 2397; x_wconf 87' lang='lat' dir='ltr'>antiquo</span> <span class='ocrx_word' id='word_1_953' title='bbox 1876 2357 1944 2397; x_wconf 84' lang='lat' dir='ltr'>jure</span> 
     </span>
     <span class='ocr_line' id='line_1_123' title="bbox 1079 2399 1942 2441; baseline -0.003 -9"><span class='ocrx_word' id='word_1_954' title='bbox 1079 2408 1220 2432; x_wconf 81' lang='lat' dir='ltr'>mutare:</span> <span class='ocrx_word' id='word_1_955' title='bbox 1236 2402 1375 2441; x_wconf 86' lang='lat' dir='ltr'>ideoque</span> <span class='ocrx_word' id='word_1_956' title='bbox 1385 2400 1508 2431; x_wconf 82' lang='lat' dir='ltr'>servum</span> <span class='ocrx_word' id='word_1_957' title='bbox 1523 2401 1664 2432; x_wconf 79' lang='lat' dir='ltr'>dotalem</span> <span class='ocrx_word' id='word_1_958' title='bbox 1674 2409 1690 2430; x_wconf 89' lang='lat' dir='ltr'>a</span> <span class='ocrx_word' id='word_1_959' title='bbox 1701 2399 1813 2431; x_wconf 82' lang='lat' dir='ltr'>marito</span> <span class='ocrx_word' id='word_1_960' title='bbox 1823 2422 1832 2437; x_wconf 91' lang='lat'><strong>‚</strong></span> <span class='ocrx_word' id='word_1_961' title='bbox 1844 2399 1942 2429; x_wconf 89' lang='lat' dir='ltr'>modo</span> 
     </span>
     <span class='ocr_line' id='line_1_124' title="bbox 1080 2440 1943 2480; baseline -0.002 -8"><span class='ocrx_word' id='word_1_962' title='bbox 1080 2441 1234 2473; x_wconf 88' lang='lat' dir='ltr'>solvendo</span> <span class='ocrx_word' id='word_1_963' title='bbox 1250 2442 1303 2480; x_wconf 76' lang='lat' dir='ltr'>fit,</span> <span class='ocrx_word' id='word_1_964' title='bbox 1324 2441 1410 2473; x_wconf 72' lang='lat' dir='ltr'>recte</span> <span class='ocrx_word' id='word_1_965' title='bbox 1429 2441 1607 2473; x_wconf 86' lang='lat' dir='ltr'>manumitti</span> <span class='ocrx_word' id='word_1_966' title='bbox 1628 2442 1647 2471; x_wconf 88' lang='lat' dir='ltr'>l.</span> <span class='ocrx_word' id='word_1_967' title='bbox 1663 2450 1711 2472; x_wconf 84' lang='lat'>21.</span> <span class='ocrx_word' id='word_1_968' title='bbox 1730 2440 1774 2470; x_wconf 89' lang='lat' dir='ltr'>D.</span> <span class='ocrx_word' id='word_1_969' title='bbox 1793 2441 1825 2470; x_wconf 81' lang='lat' dir='ltr'>de</span> <span class='ocrx_word' id='word_1_970' title='bbox 1842 2449 1943 2470; x_wconf 80' lang='lat' dir='ltr'>monu-</span> 
     </span>
     <span class='ocr_line' id='line_1_125' title="bbox 1079 2480 1944 2524; baseline -0.003 -10"><span class='ocrx_word' id='word_1_971' title='bbox 1079 2481 1226 2524; x_wconf 79' lang='lat' dir='ltr'>mzffionib.</span> <span class='ocrx_word' id='word_1_972' title='bbox 1244 2483 1380 2523; x_wconf 88' lang='lat' dir='ltr'>alioquin</span> <span class='ocrx_word' id='word_1_973' title='bbox 1399 2483 1506 2523; x_wconf 82' lang='lat' dir='ltr'>(quod</span> <span class='ocrx_word' id='word_1_974' title='bbox 1522 2482 1667 2513; x_wconf 78' lang='lat' dir='ltr'>observat</span> <span class='ocrx_word' id='word_1_975' title='bbox 1689 2480 1845 2512; x_wconf 87' lang='lat' dir='ltr'>Arnoldus</span> <span class='ocrx_word' id='word_1_976' title='bbox 1866 2480 1944 2511; x_wconf 89' lang='lat' dir='ltr'>Vin-</span> 
     </span>
     <span class='ocr_line' id='line_1_126' title="bbox 1080 2522 1945 2566; baseline -0.002 -11"><span class='ocrx_word' id='word_1_977' title='bbox 1080 2524 1149 2556; x_wconf 87' lang='lat' dir='ltr'>nius</span> <span class='ocrx_word' id='word_1_978' title='bbox 1167 2523 1207 2556; x_wconf 95' lang='lat' dir='ltr'>V.</span> <span class='ocrx_word' id='word_1_979' title='bbox 1225 2524 1283 2555; x_wconf 80' lang='lat' dir='ltr'>CL.</span> <span class='ocrx_word' id='word_1_980' title='bbox 1302 2525 1340 2555; x_wconf 88' lang='lat' dir='ltr'>ad</span> <span class='ocrx_word' id='word_1_981' title='bbox 1350 2532 1399 2565; x_wconf 81' lang='lat' dir='ltr'>pr.</span> <span class='ocrx_word' id='word_1_982' title='bbox 1417 2522 1487 2563; x_wconf 77' lang='lat' dir='ltr'>Inft.</span> <span class='ocrx_word' id='word_1_983' title='bbox 1505 2523 1596 2566; x_wconf 62' lang='lat' dir='ltr'>Qn&#39;h.</span> <span class='ocrx_word' id='word_1_984' title='bbox 1619 2523 1702 2553; x_wconf 81' lang='lat' dir='ltr'>alien.</span> <span class='ocrx_word' id='word_1_985' title='bbox 1723 2522 1818 2562; x_wconf 82' lang='lat' dir='ltr'>licet.)</span> <span class='ocrx_word' id='word_1_986' title='bbox 1837 2531 1945 2553; x_wconf 87' lang='lat' dir='ltr'>manu·</span> 
     </span>
     <span class='ocr_line' id='line_1_127' title="bbox 1083 2563 1945 2604; baseline -0.003 -7"><span class='ocrx_word' id='word_1_987' title='bbox 1083 2565 1167 2597; x_wconf 90' lang='lat' dir='ltr'>mitti</span> <span class='ocrx_word' id='word_1_988' title='bbox 1184 2564 1213 2596; x_wconf 94' lang='lat' dir='ltr'>in</span> <span class='ocrx_word' id='word_1_989' title='bbox 1235 2565 1377 2596; x_wconf 82' lang='lat' dir='ltr'>fraudem</span> <span class='ocrx_word' id='word_1_990' title='bbox 1395 2565 1516 2595; x_wconf 80' lang='lat' dir='ltr'>uxoris:</span> <span class='ocrx_word' id='word_1_991' title='bbox 1539 2564 1577 2594; x_wconf 84' lang='lat' dir='ltr'>ab</span> <span class='ocrx_word' id='word_1_992' title='bbox 1600 2572 1702 2604; x_wconf 87' lang='lat' dir='ltr'>eaque</span> <span class='ocrx_word' id='word_1_993' title='bbox 1725 2563 1829 2602; x_wconf 82' lang='lat' dir='ltr'>porest</span> <span class='ocrx_word' id='word_1_994' title='bbox 1847 2564 1871 2595; x_wconf 92' lang='lat' dir='ltr'>is</span> <span class='ocrx_word' id='word_1_995' title='bbox 1889 2565 1945 2595; x_wconf 90' lang='lat' dir='ltr'>do-</span> 
     </span>
     <span class='ocr_line' id='line_1_128' title="bbox 1083 2605 1942 2644; baseline -0.001 -7"><span class='ocrx_word' id='word_1_996' title='bbox 1083 2606 1122 2637; x_wconf 87' lang='lat' dir='ltr'>tis</span> <span class='ocrx_word' id='word_1_997' title='bbox 1146 2607 1297 2644; x_wconf 89' lang='lat' dir='ltr'>nomine,</span> <span class='ocrx_word' id='word_1_998' title='bbox 1322 2613 1480 2644; x_wconf 84' lang='lat' dir='ltr'>tamquam</span> <span class='ocrx_word' id='word_1_999' title='bbox 1505 2605 1650 2643; x_wconf 89' lang='lat' dir='ltr'>debitor,</span> <span class='ocrx_word' id='word_1_1000' title='bbox 1681 2605 1869 2636; x_wconf 84' lang='lat' dir='ltr'>conveniri:</span> <span class='ocrx_word' id='word_1_1001' title='bbox 1900 2614 1942 2636; x_wconf 80' lang='lat' dir='ltr'>ex</span> 
     </span>
     <span class='ocr_line' id='line_1_129' title="bbox 1083 2644 1944 2688; baseline -0.001 -10"><span class='ocrx_word' id='word_1_1002' title='bbox 1083 2656 1147 2688; x_wconf 88' lang='lat' dir='ltr'>quo</span> <span class='ocrx_word' id='word_1_1003' title='bbox 1165 2646 1394 2678; x_wconf 77' lang='lat' dir='ltr'>evidentiffime</span> <span class='ocrx_word' id='word_1_1004' title='bbox 1415 2645 1616 2686; x_wconf 87' lang='lat' dir='ltr'>apparuerit,</span> <span class='ocrx_word' id='word_1_1005' title='bbox 1638 2646 1702 2686; x_wconf 85' lang='lat' dir='ltr'>ejus</span> <span class='ocrx_word' id='word_1_1006' title='bbox 1718 2644 1889 2678; x_wconf 86' lang='lat' dir='ltr'>facultates</span> <span class='ocrx_word' id='word_1_1007' title='bbox 1903 2646 1944 2677; x_wconf 88' lang='lat' dir='ltr'>ad</span> 
     </span>
     <span class='ocr_line' id='line_1_130' title="bbox 1085 2686 1945 2724; baseline 0 -6"><span class='ocrx_word' id='word_1_1008' title='bbox 1085 2688 1280 2719; x_wconf 70' lang='lat' dir='ltr'>exustionem</span> <span class='ocrx_word' id='word_1_1009' title='bbox 1297 2687 1381 2719; x_wconf 79' lang='lat' dir='ltr'>dotis</span> <span class='ocrx_word' id='word_1_1010' title='bbox 1396 2696 1462 2718; x_wconf 89' lang='lat' dir='ltr'>non</span> <span class='ocrx_word' id='word_1_1011' title='bbox 1478 2686 1620 2718; x_wconf 81' lang='lat' dir='ltr'>sufficere</span> <span class='ocrx_word' id='word_1_1012' title='bbox 1642 2687 1660 2718; x_wconf 84' lang='lat' dir='ltr'>l.</span> <span class='ocrx_word' id='word_1_1013' title='bbox 1679 2697 1726 2724; x_wconf 77' lang='lat'>24.</span> <span class='ocrx_word' id='word_1_1014' title='bbox 1749 2688 1792 2718; x_wconf 88' lang='lat' dir='ltr'>D.</span> <span class='ocrx_word' id='word_1_1015' title='bbox 1811 2687 1867 2718; x_wconf 89' lang='lat' dir='ltr'>Sol.</span> <span class='ocrx_word' id='word_1_1016' title='bbox 1884 2697 1945 2718; x_wconf 84' lang='lat' dir='ltr'>ma·</span> 
     </span>
     <span class='ocr_line' id='line_1_131' title="bbox 1082 2728 1946 2768; baseline 0.001 -8"><span class='ocrx_word' id='word_1_1017' title='bbox 1082 2731 1158 2760; x_wconf 72' lang='lat' dir='ltr'>irim.</span> <span class='ocrx_word' id='word_1_1018' title='bbox 1182 2728 1328 2760; x_wconf 86' lang='lat' dir='ltr'>Tandem</span> <span class='ocrx_word' id='word_1_1019' title='bbox 1350 2728 1542 2765; x_wconf 81' lang='lat' dir='ltr'>videndum,</span> <span class='ocrx_word' id='word_1_1020' title='bbox 1568 2729 1642 2768; x_wconf 83' lang='lat' dir='ltr'>quid</span> <span class='ocrx_word' id='word_1_1021' title='bbox 1661 2728 1728 2759; x_wconf 82' lang='lat' dir='ltr'>Lex</span> <span class='ocrx_word' id='word_1_1022' title='bbox 1745 2728 1822 2768; x_wconf 86' lang='lat' dir='ltr'>Julia</span> <span class='ocrx_word' id='word_1_1023' title='bbox 1839 2729 1946 2768; x_wconf 86' lang='lat' dir='ltr'>appel-</span> 
     </span>
     <span class='ocr_line' id='line_1_132' title="bbox 1082 2768 1948 2811; baseline -0.001 -10"><span class='ocrx_word' id='word_1_1024' title='bbox 1082 2771 1201 2802; x_wconf 83' lang='lat' dir='ltr'>latione</span> <span class='ocrx_word' id='word_1_1025' title='bbox 1217 2770 1331 2801; x_wconf 82' lang='lat' dir='ltr'>dotalis</span> <span class='ocrx_word' id='word_1_1026' title='bbox 1356 2771 1462 2809; x_wconf 84' lang='lat' dir='ltr'>praedii</span> <span class='ocrx_word' id='word_1_1027' title='bbox 1486 2769 1634 2811; x_wconf 77' lang='lat' dir='ltr'>deiignet.</span> <span class='ocrx_word' id='word_1_1028' title='bbox 1660 2768 1815 2810; x_wconf 87' lang='lat' dir='ltr'>Ulpianus</span> <span class='ocrx_word' id='word_1_1029' title='bbox 1833 2768 1874 2801; x_wconf 87' lang='lat' dir='ltr'>fic</span> <span class='ocrx_word' id='word_1_1030' title='bbox 1897 2779 1948 2801; x_wconf 92' lang='lat' dir='ltr'>ac-</span> 
     </span>
     <span class='ocr_line' id='line_1_133' title="bbox 1082 2810 1949 2852; baseline -0.001 -9"><span class='ocrx_word' id='word_1_1031' title='bbox 1082 2811 1144 2852; x_wconf 81' lang='lat' dir='ltr'>cipi</span> <span class='ocrx_word' id='word_1_1032' title='bbox 1168 2811 1274 2842; x_wconf 78' lang='lat' dir='ltr'>censet</span> <span class='ocrx_word' id='word_1_1033' title='bbox 1290 2811 1308 2842; x_wconf 83' lang='grc'>1.</span> <span class='ocrx_word' id='word_1_1034' title='bbox 1337 2819 1382 2851; x_wconf 84' lang='lat'>13.</span> <span class='ocrx_word' id='word_1_1035' title='bbox 1409 2810 1437 2852; x_wconf 55' lang='grc' dir='ltr'>ᾗ.</span> <span class='ocrx_word' id='word_1_1036' title='bbox 1462 2821 1491 2842; x_wconf 89' lang='lat'>2.</span> <span class='ocrx_word' id='word_1_1037' title='bbox 1518 2812 1566 2842; x_wconf 88' lang='lat' dir='ltr'>D.</span> <span class='ocrx_word' id='word_1_1038' title='bbox 1590 2815 1619 2843; x_wconf 76' lang='grc' dir='ltr'>ο.</span> <span class='ocrx_word' id='word_1_1039' title='bbox 1643 2817 1663 2842; x_wconf 79' lang='lat' dir='ltr'>t.</span> <span class='ocrx_word' id='word_1_1040' title='bbox 1684 2820 1756 2843; x_wconf 87' lang='lat' dir='ltr'>cum</span> <span class='ocrx_word' id='word_1_1041' title='bbox 1773 2811 1949 2843; x_wconf 87' lang='lat' dir='ltr'>dominium</span> 
     </span>
     <span class='ocr_line' id='line_1_134' title="bbox 1082 2851 1947 2892; baseline -0.001 -7"><span class='ocrx_word' id='word_1_1042' title='bbox 1082 2854 1195 2885; x_wconf 85' lang='lat' dir='ltr'>marito</span> <span class='ocrx_word' id='word_1_1043' title='bbox 1220 2851 1380 2892; x_wconf 72' lang='lat' dir='ltr'>quaesitum</span> <span class='ocrx_word' id='word_1_1044' title='bbox 1405 2851 1468 2891; x_wconf 79' lang='lat' dir='ltr'>est,</span> <span class='ocrx_word' id='word_1_1045' title='bbox 1493 2861 1527 2883; x_wconf 89' lang='lat' dir='ltr'>ut</span> <span class='ocrx_word' id='word_1_1046' title='bbox 1549 2860 1625 2884; x_wconf 88' lang='lat' dir='ltr'>tunc</span> <span class='ocrx_word' id='word_1_1047' title='bbox 1650 2852 1777 2885; x_wconf 88' lang='lat' dir='ltr'>demum</span> <span class='ocrx_word' id='word_1_1048' title='bbox 1796 2853 1947 2885; x_wconf 83' lang='lat' dir='ltr'>alienatio</span> 
     </span>
     <span class='ocr_line' id='line_1_135' title="bbox 1084 2892 1948 2934; baseline -0.001 -8"><span class='ocrx_word' id='word_1_1049' title='bbox 1084 2894 1301 2934; x_wconf 85' lang='lat' dir='ltr'>prohibeatur.</span> <span class='ocrx_word' id='word_1_1050' title='bbox 1335 2892 1486 2933; x_wconf 84' lang='lat' dir='ltr'>Ulpianus</span> <span class='ocrx_word' id='word_1_1051' title='bbox 1509 2894 1616 2925; x_wconf 85' lang='lat' dir='ltr'>dotale</span> <span class='ocrx_word' id='word_1_1052' title='bbox 1639 2894 1791 2933; x_wconf 81' lang='lat' dir='ltr'>praediuni</span> <span class='ocrx_word' id='word_1_1053' title='bbox 1815 2893 1948 2933; x_wconf 79' lang='lat' dir='ltr'>explici-</span> 
     </span>
     <span class='ocr_line' id='line_1_136' title="bbox 1085 2933 1944 2975; baseline -0.002 -8"><span class='ocrx_word' id='word_1_1054' title='bbox 1085 2944 1172 2967; x_wconf 90' lang='lat' dir='ltr'>turus</span> <span class='ocrx_word' id='word_1_1055' title='bbox 1198 2944 1238 2966; x_wconf 82' lang='lat' dir='ltr'>ex</span> <span class='ocrx_word' id='word_1_1056' title='bbox 1264 2942 1372 2965; x_wconf 87' lang='lat' dir='ltr'>mente</span> <span class='ocrx_word' id='word_1_1057' title='bbox 1398 2933 1492 2975; x_wconf 83' lang='lat' dir='ltr'>Legis</span> <span class='ocrx_word' id='word_1_1058' title='bbox 1515 2934 1623 2974; x_wconf 78' lang='lat' dir='ltr'>juliae,</span> <span class='ocrx_word' id='word_1_1059' title='bbox 1644 2944 1708 2966; x_wconf 85' lang='lat' dir='ltr'>non</span> <span class='ocrx_word' id='word_1_1060' title='bbox 1732 2943 1822 2975; x_wconf 79' lang='lat' dir='ltr'>putat</span> <span class='ocrx_word' id='word_1_1061' title='bbox 1837 2935 1944 2966; x_wconf 83' lang='lat' dir='ltr'>dotale</span> 
     </span>
     <span class='ocr_line' id='line_1_137' title="bbox 1084 2974 1945 3017; baseline -0.003 -9"><span class='ocrx_word' id='word_1_1062' title='bbox 1084 2978 1166 3016; x_wconf 91' lang='lat' dir='ltr'>dici,</span> <span class='ocrx_word' id='word_1_1063' title='bbox 1189 2985 1261 3007; x_wconf 88' lang='lat' dir='ltr'>cum</span> <span class='ocrx_word' id='word_1_1064' title='bbox 1281 2974 1325 3007; x_wconf 89' lang='lat' dir='ltr'>est</span> <span class='ocrx_word' id='word_1_1065' title='bbox 1341 2976 1408 3007; x_wconf 88' lang='lat' dir='ltr'>doti</span> <span class='ocrx_word' id='word_1_1066' title='bbox 1434 2975 1633 3017; x_wconf 80' lang='lat' dir='ltr'>promiss&#39;um;</span> <span class='ocrx_word' id='word_1_1067' title='bbox 1655 2974 1707 3007; x_wconf 89' lang='lat' dir='ltr'>sed</span> <span class='ocrx_word' id='word_1_1068' title='bbox 1731 2985 1804 3008; x_wconf 91' lang='lat' dir='ltr'>cum</span> <span class='ocrx_word' id='word_1_1069' title='bbox 1821 2975 1866 3008; x_wconf 84' lang='lat' dir='ltr'>est</span> <span class='ocrx_word' id='word_1_1070' title='bbox 1885 2984 1945 3008; x_wconf 87' lang='lat' dir='ltr'>tra-</span> 
     </span>
     <span class='ocr_line' id='line_1_138' title="bbox 1084 3016 1945 3057; baseline -0.005 -7"><span class='ocrx_word' id='word_1_1071' title='bbox 1084 3019 1196 3050; x_wconf 86' lang='lat' dir='ltr'>ditum.</span> <span class='ocrx_word' id='word_1_1072' title='bbox 1221 3018 1263 3048; x_wconf 87' lang='lat' dir='ltr'>ita</span> <span class='ocrx_word' id='word_1_1073' title='bbox 1285 3016 1349 3057; x_wconf 84' lang='lat' dir='ltr'>ipse</span> <span class='ocrx_word' id='word_1_1074' title='bbox 1364 3016 1383 3048; x_wconf 81' lang='lat' dir='ltr'>l.</span> <span class='ocrx_word' id='word_1_1075' title='bbox 1398 3027 1425 3056; x_wconf 84' lang='lat'>5.</span> <span class='ocrx_word' id='word_1_1076' title='bbox 1449 3018 1495 3049; x_wconf 90' lang='lat' dir='ltr'>D.</span> <span class='ocrx_word' id='word_1_1077' title='bbox 1512 3017 1604 3050; x_wconf 77' lang='lat' dir='ltr'>Solut.</span> <span class='ocrx_word' id='word_1_1078' title='bbox 1621 3017 1747 3048; x_wconf 72' lang='lat' dir='ltr'>matrim.</span> <span class='ocrx_word' id='word_1_1079' title='bbox 1765 3017 1794 3049; x_wconf 76' lang='grc' dir='ltr'>όι</span> <span class='ocrx_word' id='word_1_1080' title='bbox 1808 3024 1843 3047; x_wconf 87' lang='lat' dir='ltr'>ut</span> <span class='ocrx_word' id='word_1_1081' title='bbox 1858 3017 1945 3054; x_wconf 78' lang='lat' dir='ltr'>dixi,</span> 
     </span>
     <span class='ocr_line' id='line_1_139' title="bbox 1077 3057 1946 3099; baseline -0.003 -9"><span class='ocrx_word' id='word_1_1082' title='bbox 1077 3069 1117 3090; x_wconf 78' lang='lat' dir='ltr'>ex</span> <span class='ocrx_word' id='word_1_1083' title='bbox 1133 3066 1239 3093; x_wconf 85' lang='lat' dir='ltr'>mente</span> <span class='ocrx_word' id='word_1_1084' title='bbox 1262 3057 1373 3099; x_wconf 84' lang='lat' dir='ltr'>Legis:</span> <span class='ocrx_word' id='word_1_1085' title='bbox 1396 3059 1541 3097; x_wconf 69' lang='lat' dir='ltr'>scientis,</span> <span class='ocrx_word' id='word_1_1086' title='bbox 1570 3057 1744 3090; x_wconf 85' lang='lat' dir='ltr'>dominium</span> <span class='ocrx_word' id='word_1_1087' title='bbox 1770 3057 1883 3089; x_wconf 85' lang='lat' dir='ltr'>marito</span> <span class='ocrx_word' id='word_1_1088' title='bbox 1900 3058 1946 3088; x_wconf 86' lang='lat' dir='ltr'>in-</span> 
     </span>
     <span class='ocr_line' id='line_1_140' title="bbox 1079 3097 1946 3139; baseline -0.003 -7"><span class='ocrx_word' id='word_1_1089' title='bbox 1079 3103 1119 3132; x_wconf 87' lang='lat' dir='ltr'>de</span> <span class='ocrx_word' id='word_1_1090' title='bbox 1143 3103 1270 3131; x_wconf 81' lang='lat' dir='ltr'>demum</span> <span class='ocrx_word' id='word_1_1091' title='bbox 1294 3100 1436 3139; x_wconf 86' lang='lat' dir='ltr'>adquiri;</span> <span class='ocrx_word' id='word_1_1092' title='bbox 1466 3100 1495 3131; x_wconf 72' lang='lat' dir='ltr'>Gt</span> <span class='ocrx_word' id='word_1_1093' title='bbox 1517 3108 1590 3132; x_wconf 90' lang='lat' dir='ltr'>ante</span> <span class='ocrx_word' id='word_1_1094' title='bbox 1614 3108 1677 3131; x_wconf 90' lang='lat' dir='ltr'>non</span> <span class='ocrx_word' id='word_1_1095' title='bbox 1704 3097 1764 3131; x_wconf 75' lang='lat' dir='ltr'>effe</span> <span class='ocrx_word' id='word_1_1096' title='bbox 1788 3097 1832 3129; x_wconf 88' lang='lat' dir='ltr'>illi</span> <span class='ocrx_word' id='word_1_1097' title='bbox 1855 3097 1946 3129; x_wconf 82' lang='lat' dir='ltr'>fundi</span> 
     </span>
     <span class='ocr_line' id='line_1_141' title="bbox 1078 3138 1949 3183; baseline -0.005 -9"><span class='ocrx_word' id='word_1_1098' title='bbox 1078 3142 1324 3180; x_wconf 73' lang='lat' dir='ltr'>alienationem3</span> <span class='ocrx_word' id='word_1_1099' title='bbox 1339 3140 1481 3181; x_wconf 82' lang='lat' dir='ltr'>ideoque</span> <span class='ocrx_word' id='word_1_1100' title='bbox 1503 3151 1562 3174; x_wconf 87' lang='lat' dir='ltr'>nec</span> <span class='ocrx_word' id='word_1_1101' title='bbox 1578 3141 1642 3183; x_wconf 67' lang='lat' dir='ltr'>eius</span> <span class='ocrx_word' id='word_1_1102' title='bbox 1652 3139 1869 3182; x_wconf 85' lang='lat' dir='ltr'>prohibitione</span> <span class='ocrx_word' id='word_1_1103' title='bbox 1885 3138 1949 3171; x_wconf 79' lang='lat' dir='ltr'>effe</span> 
     </span>
    </p>

    <p class='ocr_par' dir='ltr' id='par_1_11' title="bbox 1857 3189 1950 3221">
     <span class='ocr_line' id='line_1_142' title="bbox 1857 3189 1950 3221; baseline 0.011 -10"><span class='ocrx_word' id='word_1_1104' title='bbox 1857 3189 1950 3221; x_wconf 76' lang='lat' dir='ltr'>opus.</span> 
     </span>
    </p>
   </div>
  </div>
 </body>
</html>
