<?xml version="1.0" encoding="UTF-8"?>
<!DOCTYPE html PUBLIC "-//W3C//DTD XHTML 1.0 Transitional//EN"
    "http://www.w3.org/TR/xhtml1/DTD/xhtml1-transitional.dtd">
<html xmlns="http://www.w3.org/1999/xhtml" xml:lang="en" lang="en">
 <head>
  <title>
</title>
<meta http-equiv="Content-Type" content="text/html;charset=utf-8" />
  <meta name='ocr-system' content='tesseract 3.04.00' />
  <meta name='ocr-capabilities' content='ocr_page ocr_carea ocr_par ocr_line ocrx_word'/>
</head>
<body>
  <div class='ocr_page' id='page_1' title='image "./gerardinoodtnovi00nood_0331.png"; bbox 0 0 2036 3495; ppageno 0'>
   <div class='ocr_carea' id='block_1_1' title="bbox 473 102 1448 145">
    <p class='ocr_par' dir='ltr' id='par_1_1' title="bbox 473 102 1448 145">
     <span class='ocr_line' id='line_1_1' title="bbox 473 102 1448 145; baseline 0.009 -9"><span class='ocrx_word' id='word_1_1' title='bbox 473 104 536 140; x_wconf 62' lang='lat' dir='ltr'>Dr„</span> <span class='ocrx_word' id='word_1_2' title='bbox 573 102 730 137; x_wconf 61' lang='lat' dir='ltr'>Formi</span> <span class='ocrx_word' id='word_1_3' title='bbox 762 109 1038 139; x_wconf 71' lang='lat' dir='ltr'>EMENDANDI</span> <span class='ocrx_word' id='word_1_4' title='bbox 1073 108 1448 145; x_wconf 65' lang='lat' dir='ltr'>D0L1Mtt1Lte.</span> 
     </span>
    </p>
   </div>
   <div class='ocr_carea' id='block_1_2' title="bbox 48 190 940 3291">
    <p class='ocr_par' dir='ltr' id='par_1_2' title="bbox 48 190 940 3291">
     <span class='ocr_line' id='line_1_2' title="bbox 68 190 935 234; baseline -0.005 -6"><span class='ocrx_word' id='word_1_5' title='bbox 68 195 160 234; x_wconf 83' lang='lat' dir='ltr'>fidei,</span> <span class='ocrx_word' id='word_1_6' title='bbox 177 202 213 227; x_wconf 91' lang='lat' dir='ltr'>ut</span> <span class='ocrx_word' id='word_1_7' title='bbox 229 193 282 226; x_wconf 88' lang='lat' dir='ltr'>vel</span> <span class='ocrx_word' id='word_1_8' title='bbox 297 193 339 228; x_wconf 86' lang='lat' dir='ltr'>fic</span> <span class='ocrx_word' id='word_1_9' title='bbox 355 190 526 227; x_wconf 83' lang='lat' dir='ltr'>aestimetur</span> <span class='ocrx_word' id='word_1_10' title='bbox 541 192 634 225; x_wconf 86' lang='lat' dir='ltr'>dolus</span> <span class='ocrx_word' id='word_1_11' title='bbox 653 191 769 223; x_wconf 87' lang='lat' dir='ltr'>malus:</span> <span class='ocrx_word' id='word_1_12' title='bbox 787 201 882 232; x_wconf 86' lang='lat' dir='ltr'>quem</span> <span class='ocrx_word' id='word_1_13' title='bbox 901 203 935 224; x_wconf 93' lang='lat' dir='ltr'>o-</span> 
     </span>
     <span class='ocr_line' id='line_1_3' title="bbox 70 231 937 278; baseline -0.002 -10"><span class='ocrx_word' id='word_1_14' title='bbox 70 243 181 278; x_wconf 83' lang='lat' dir='ltr'>portet</span> <span class='ocrx_word' id='word_1_15' title='bbox 196 236 319 278; x_wconf 81' lang='lat' dir='ltr'><strong>semper</strong></span> <span class='ocrx_word' id='word_1_16' title='bbox 335 246 351 268; x_wconf 86' lang='lat' dir='ltr'>a</span> <span class='ocrx_word' id='word_1_17' title='bbox 366 236 485 278; x_wconf 84' lang='lat' dir='ltr'>judicio</span> <span class='ocrx_word' id='word_1_18' title='bbox 508 236 602 266; x_wconf 79' lang='lat' dir='ltr'>bonae</span> <span class='ocrx_word' id='word_1_19' title='bbox 627 231 701 264; x_wconf 84' lang='lat' dir='ltr'>fidei</span> <span class='ocrx_word' id='word_1_20' title='bbox 721 234 833 265; x_wconf 61' lang='lat' dir='ltr'>abelis.</span> <span class='ocrx_word' id='word_1_21' title='bbox 870 235 937 275; x_wconf 79' lang='lat' dir='ltr'>ejus</span> 
     </span>
     <span class='ocr_line' id='line_1_4' title="bbox 67 275 935 321; baseline -0.008 -10"><span class='ocrx_word' id='word_1_22' title='bbox 67 280 113 311; x_wconf 84' lang='lat' dir='ltr'>rei</span> <span class='ocrx_word' id='word_1_23' title='bbox 131 278 345 311; x_wconf 88' lang='lat' dir='ltr'>testimonium</span> <span class='ocrx_word' id='word_1_24' title='bbox 363 278 484 319; x_wconf 80' lang='lat' dir='ltr'>praebet</span> <span class='ocrx_word' id='word_1_25' title='bbox 503 277 698 316; x_wconf 75' lang='lat' dir='ltr'>Pomponius</span> <span class='ocrx_word' id='word_1_26' title='bbox 716 277 735 305; x_wconf 83' lang='lat' dir='ltr'>l.</span> <span class='ocrx_word' id='word_1_27' title='bbox 752 280 770 305; x_wconf 90' lang='lat'>6</span> <span class='ocrx_word' id='word_1_28' title='bbox 800 275 874 321; x_wconf 39' lang='lat' dir='ltr'>§.a</span> <span class='ocrx_word' id='word_1_29' title='bbox 893 276 935 308; x_wconf 82' lang='lat' dir='ltr'>D.</span> 
     </span>
     <span class='ocr_line' id='line_1_5' title="bbox 68 315 935 363; baseline -0.003 -11"><span class='ocrx_word' id='word_1_30' title='bbox 68 322 102 352; x_wconf 79' lang='lat' dir='ltr'>tle</span> <span class='ocrx_word' id='word_1_31' title='bbox 118 320 278 352; x_wconf 59' lang='lat' dir='ltr'>ustionibus</span> <span class='ocrx_word' id='word_1_32' title='bbox 288 322 372 361; x_wconf 80' lang='lat' dir='ltr'><em>empti</em></span> <span class='ocrx_word' id='word_1_33' title='bbox 383 318 557 356; x_wconf 76' lang='lat' dir='ltr'>&amp;venditi,</span> <span class='ocrx_word' id='word_1_34' title='bbox 574 326 634 348; x_wconf 89' lang='lat' dir='ltr'>nec</span> <span class='ocrx_word' id='word_1_35' title='bbox 645 319 748 363; x_wconf 82' lang='lat' dir='ltr'>minus</span> <span class='ocrx_word' id='word_1_36' title='bbox 763 315 935 357; x_wconf 87' lang='lat' dir='ltr'>Ulpianus:</span> 
     </span>
     <span class='ocr_line' id='line_1_6' title="bbox 68 356 937 400; baseline -0.005 -6"><span class='ocrx_word' id='word_1_37' title='bbox 68 362 136 394; x_wconf 87' lang='lat' dir='ltr'>imo</span> <span class='ocrx_word' id='word_1_38' title='bbox 161 363 186 393; x_wconf 90' lang='lat' dir='ltr'>is</span> <span class='ocrx_word' id='word_1_39' title='bbox 212 364 274 400; x_wconf 89' lang='lat' dir='ltr'>ait,</span> <span class='ocrx_word' id='word_1_40' title='bbox 299 361 439 394; x_wconf 78' lang='lat' dir='ltr'>sufficere</span> <span class='ocrx_word' id='word_1_41' title='bbox 462 361 556 392; x_wconf 81' lang='lat' dir='ltr'>bonae</span> <span class='ocrx_word' id='word_1_42' title='bbox 581 356 655 389; x_wconf 73' lang='lat' dir='ltr'>fidei</span> <span class='ocrx_word' id='word_1_43' title='bbox 673 358 852 397; x_wconf 70' lang='lat' dir='ltr'>astionem,</span> <span class='ocrx_word' id='word_1_44' title='bbox 877 368 937 391; x_wconf 85' lang='lat' dir='ltr'>nec</span> 
     </span>
     <span class='ocr_line' id='line_1_7' title="bbox 67 399 936 446; baseline -0.003 -11"><span class='ocrx_word' id='word_1_45' title='bbox 67 403 270 435; x_wconf 76' lang='lat' dir='ltr'>necessariam</span> <span class='ocrx_word' id='word_1_46' title='bbox 288 402 350 435; x_wconf 82' lang='lat' dir='ltr'>effe</span> <span class='ocrx_word' id='word_1_47' title='bbox 366 403 406 434; x_wconf 88' lang='lat' dir='ltr'>de</span> <span class='ocrx_word' id='word_1_48' title='bbox 421 402 498 435; x_wconf 86' lang='lat' dir='ltr'>dolo</span> <span class='ocrx_word' id='word_1_49' title='bbox 516 400 676 446; x_wconf 73' lang='lat' dir='ltr'>astionem</span> <span class='ocrx_word' id='word_1_50' title='bbox 692 399 711 432; x_wconf 86' lang='lat' dir='ltr'>l.</span> <span class='ocrx_word' id='word_1_51' title='bbox 723 409 751 441; x_wconf 79' lang='lat'>7.</span> <span class='ocrx_word' id='word_1_52' title='bbox 771 399 798 441; x_wconf 84' lang='lat'>§.</span> <span class='ocrx_word' id='word_1_53' title='bbox 810 410 839 441; x_wconf 82' lang='lat'>3.</span> <span class='ocrx_word' id='word_1_54' title='bbox 864 400 899 435; x_wconf 63' lang='grc' dir='ltr'>ὃ)</span> <span class='ocrx_word' id='word_1_55' title='bbox 915 402 936 432; x_wconf 83' lang='lat' dir='ltr'>l.</span> 
     </span>
     <span class='ocr_line' id='line_1_8' title="bbox 67 441 938 482; baseline -0.005 -5"><span class='ocrx_word' id='word_1_56' title='bbox 67 453 97 482; x_wconf 88' lang='lat'>9.</span> <span class='ocrx_word' id='word_1_57' title='bbox 128 445 171 476; x_wconf 90' lang='lat' dir='ltr'>D.</span> <span class='ocrx_word' id='word_1_58' title='bbox 195 447 229 477; x_wconf 84' lang='lat' dir='ltr'>de</span> <span class='ocrx_word' id='word_1_59' title='bbox 249 446 308 476; x_wconf 76' lang='lat' dir='ltr'>cloio</span> <span class='ocrx_word' id='word_1_60' title='bbox 325 444 409 476; x_wconf 83' lang='lat' dir='ltr'>malo.</span> <span class='ocrx_word' id='word_1_61' title='bbox 431 444 525 474; x_wconf 84' lang='lat' dir='ltr'>mitto</span> <span class='ocrx_word' id='word_1_62' title='bbox 544 441 739 473; x_wconf 85' lang='lat' dir='ltr'>Ciceronem</span> <span class='ocrx_word' id='word_1_63' title='bbox 764 442 812 472; x_wconf 80' lang='lat' dir='ltr'>lib.</span> <span class='ocrx_word' id='word_1_64' title='bbox 836 452 865 482; x_wconf 81' lang='lat'>3.</span> <span class='ocrx_word' id='word_1_65' title='bbox 891 442 938 473; x_wconf 83' lang='lat' dir='ltr'>De</span> 
     </span>
     <span class='ocr_line' id='line_1_9' title="bbox 66 482 936 529; baseline -0.006 -10"><span class='ocrx_word' id='word_1_66' title='bbox 66 493 178 518; x_wconf 79' lang='lat' dir='ltr'>natura.</span> <span class='ocrx_word' id='word_1_67' title='bbox 202 487 328 518; x_wconf 81' lang='lat' dir='ltr'><em>Deorum</em></span> <span class='ocrx_word' id='word_1_68' title='bbox 348 496 372 516; x_wconf 90' lang='lat' dir='ltr'>c.</span> <span class='ocrx_word' id='word_1_69' title='bbox 390 495 440 526; x_wconf 85' lang='lat'>30.</span> <span class='ocrx_word' id='word_1_70' title='bbox 465 484 516 525; x_wconf 92' lang='lat' dir='ltr'>qui</span> <span class='ocrx_word' id='word_1_71' title='bbox 542 483 637 515; x_wconf 81' lang='lat' dir='ltr'>bonae</span> <span class='ocrx_word' id='word_1_72' title='bbox 653 482 728 515; x_wconf 87' lang='lat' dir='ltr'>fidei</span> <span class='ocrx_word' id='word_1_73' title='bbox 745 483 936 529; x_wconf 28' lang='lat' dir='ltr'>actiones-fi-</span> 
     </span>
     <span class='ocr_line' id='line_1_10' title="bbox 67 524 937 573; baseline -0.003 -13"><span class='ocrx_word' id='word_1_74' title='bbox 67 530 134 560; x_wconf 88' lang='lat' dir='ltr'>mili</span> <span class='ocrx_word' id='word_1_75' title='bbox 152 528 282 560; x_wconf 84' lang='lat' dir='ltr'>consilio</span> <span class='ocrx_word' id='word_1_76' title='bbox 295 527 413 569; x_wconf 75' lang='lat' dir='ltr'>Judicia</span> <span class='ocrx_word' id='word_1_77' title='bbox 430 527 462 557; x_wconf 74' lang='lat' dir='ltr'>cie</span> <span class='ocrx_word' id='word_1_78' title='bbox 476 525 554 556; x_wconf 82' lang='lat' dir='ltr'>mala</span> <span class='ocrx_word' id='word_1_79' title='bbox 564 524 625 564; x_wconf 86' lang='lat' dir='ltr'>fide</span> <span class='ocrx_word' id='word_1_80' title='bbox 648 525 798 566; x_wconf 87' lang='lat' dir='ltr'>appellat.</span> <span class='ocrx_word' id='word_1_81' title='bbox 832 535 937 573; x_wconf 57' lang='lat' dir='ltr'>prom:</span> 
     </span>
     <span class='ocr_line' id='line_1_11' title="bbox 68 566 937 606; baseline -0.003 -4"><span class='ocrx_word' id='word_1_82' title='bbox 68 571 109 602; x_wconf 89' lang='lat' dir='ltr'>de</span> <span class='ocrx_word' id='word_1_83' title='bbox 132 571 174 602; x_wconf 90' lang='lat' dir='ltr'>nil</span> <span class='ocrx_word' id='word_1_84' title='bbox 199 569 310 601; x_wconf 87' lang='lat' dir='ltr'>fecero</span> <span class='ocrx_word' id='word_1_85' title='bbox 335 569 470 600; x_wconf 87' lang='lat' dir='ltr'>alienum</span> <span class='ocrx_word' id='word_1_86' title='bbox 493 575 510 597; x_wconf 87' lang='lat' dir='ltr'>a</span> <span class='ocrx_word' id='word_1_87' title='bbox 525 567 648 598; x_wconf 84' lang='lat' dir='ltr'>ratione</span> <span class='ocrx_word' id='word_1_88' title='bbox 664 566 745 606; x_wconf 81' lang='lat' dir='ltr'>Juris</span> <span class='ocrx_word' id='word_1_89' title='bbox 764 566 892 600; x_wconf 83' lang='lat' dir='ltr'>Civilis:</span> <span class='ocrx_word' id='word_1_90' title='bbox 916 569 937 599; x_wconf 76' lang='lat'>{1</span> 
     </span>
     <span class='ocr_line' id='line_1_12' title="bbox 66 609 936 651; baseline -0.003 -8"><span class='ocrx_word' id='word_1_91' title='bbox 66 611 297 643; x_wconf 84' lang='lat' dir='ltr'>concedamilli</span> <span class='ocrx_word' id='word_1_92' title='bbox 315 611 366 651; x_wconf 91' lang='lat' dir='ltr'>qui</span> <span class='ocrx_word' id='word_1_93' title='bbox 383 609 418 640; x_wconf 81' lang='lat' dir='ltr'>sit</span> <span class='ocrx_word' id='word_1_94' title='bbox 434 610 592 649; x_wconf 88' lang='lat' dir='ltr'>deceptus</span> <span class='ocrx_word' id='word_1_95' title='bbox 609 609 686 641; x_wconf 92' lang='lat' dir='ltr'>dolo</span> <span class='ocrx_word' id='word_1_96' title='bbox 697 610 763 649; x_wconf 88' lang='lat' dir='ltr'>ejus</span> <span class='ocrx_word' id='word_1_97' title='bbox 779 618 852 640; x_wconf 88' lang='lat' dir='ltr'>cum</span> <span class='ocrx_word' id='word_1_98' title='bbox 871 618 936 650; x_wconf 92' lang='lat' dir='ltr'>quo</span> 
     </span>
     <span class='ocr_line' id='line_1_13' title="bbox 69 649 935 692; baseline -0.003 -8"><span class='ocrx_word' id='word_1_99' title='bbox 69 655 251 690; x_wconf 84' lang='lat' dir='ltr'>contraxit,</span> <span class='ocrx_word' id='word_1_100' title='bbox 274 650 422 683; x_wconf 78' lang='lat' dir='ltr'>adversus</span> <span class='ocrx_word' id='word_1_101' title='bbox 440 660 512 682; x_wconf 87' lang='lat' dir='ltr'>eum</span> <span class='ocrx_word' id='word_1_102' title='bbox 532 660 627 692; x_wconf 87' lang='lat' dir='ltr'>agere</span> <span class='ocrx_word' id='word_1_103' title='bbox 644 650 771 682; x_wconf 68' lang='lat' dir='ltr'>afflone</span> <span class='ocrx_word' id='word_1_104' title='bbox 788 650 882 681; x_wconf 86' lang='lat' dir='ltr'>bonae</span> <span class='ocrx_word' id='word_1_105' title='bbox 901 649 935 682; x_wconf 87' lang='lat' dir='ltr'>fi-</span> 
     </span>
     <span class='ocr_line' id='line_1_14' title="bbox 66 691 935 738; baseline -0.002 -13"><span class='ocrx_word' id='word_1_106' title='bbox 66 695 135 726; x_wconf 89' lang='lat' dir='ltr'>dei:</span> <span class='ocrx_word' id='word_1_107' title='bbox 159 703 278 734; x_wconf 84' lang='lat' dir='ltr'>eaque,</span> <span class='ocrx_word' id='word_1_108' title='bbox 302 693 323 724; x_wconf 86' lang='lat' dir='ltr'><strong>fi</strong></span> <span class='ocrx_word' id='word_1_109' title='bbox 349 693 426 723; x_wconf 87' lang='lat' dir='ltr'>velit</span> <span class='ocrx_word' id='word_1_110' title='bbox 440 716 449 731; x_wconf 93' lang='lat'>,</span> <span class='ocrx_word' id='word_1_111' title='bbox 471 701 488 723; x_wconf 83' lang='lat' dir='ltr'>a</span> <span class='ocrx_word' id='word_1_112' title='bbox 505 692 671 724; x_wconf 71' lang='lat' dir='ltr'>commeta</span> <span class='ocrx_word' id='word_1_113' title='bbox 689 691 773 732; x_wconf 87' lang='lat' dir='ltr'>quafi</span> <span class='ocrx_word' id='word_1_114' title='bbox 792 692 935 738; x_wconf 79' lang='lat' dir='ltr'>invalido</span> 
     </span>
     <span class='ocr_line' id='line_1_15' title="bbox 66 732 934 776; baseline -0.003 -9"><span class='ocrx_word' id='word_1_115' title='bbox 66 744 163 776; x_wconf 87' lang='lat' dir='ltr'>atque</span> <span class='ocrx_word' id='word_1_116' title='bbox 181 733 391 775; x_wconf 66' lang='lat' dir='ltr'>imperfecto,</span> <span class='ocrx_word' id='word_1_117' title='bbox 414 733 533 773; x_wconf 76' lang='lat' dir='ltr'>judicis</span> <span class='ocrx_word' id='word_1_118' title='bbox 547 732 657 765; x_wconf 89' lang='lat' dir='ltr'>officio</span> <span class='ocrx_word' id='word_1_119' title='bbox 675 734 741 774; x_wconf 85' lang='lat' dir='ltr'>ipl&#39;o</span> <span class='ocrx_word' id='word_1_120' title='bbox 754 733 824 773; x_wconf 85' lang='lat' dir='ltr'>jure</span> <span class='ocrx_word' id='word_1_121' title='bbox 840 734 934 765; x_wconf 83' lang='lat' dir='ltr'>dilee-</span> 
     </span>
     <span class='ocr_line' id='line_1_16' title="bbox 67 773 936 816; baseline -0.002 -7"><span class='ocrx_word' id='word_1_122' title='bbox 67 777 153 809; x_wconf 84' lang='lat' dir='ltr'><strong>dere.</strong></span> <span class='ocrx_word' id='word_1_123' title='bbox 178 777 208 808; x_wconf 91' lang='lat' dir='ltr'>id</span> <span class='ocrx_word' id='word_1_124' title='bbox 233 783 267 806; x_wconf 92' lang='lat' dir='ltr'>ut</span> <span class='ocrx_word' id='word_1_125' title='bbox 291 775 488 814; x_wconf 81' lang='lat' dir='ltr'>existimem,</span> <span class='ocrx_word' id='word_1_126' title='bbox 513 775 588 807; x_wconf 90' lang='lat' dir='ltr'>olim</span> <span class='ocrx_word' id='word_1_127' title='bbox 613 776 738 815; x_wconf 83' lang='lat' dir='ltr'>impulit</span> <span class='ocrx_word' id='word_1_128' title='bbox 757 784 808 806; x_wconf 89' lang='lat' dir='ltr'>me</span> <span class='ocrx_word' id='word_1_129' title='bbox 826 773 936 816; x_wconf 85' lang='lat' dir='ltr'>Ulpia-</span> 
     </span>
     <span class='ocr_line' id='line_1_17' title="bbox 65 816 935 859; baseline -0.005 -7"><span class='ocrx_word' id='word_1_130' title='bbox 65 828 140 855; x_wconf 83' lang='lat' dir='ltr'>nus3</span> <span class='ocrx_word' id='word_1_131' title='bbox 160 827 265 858; x_wconf 90' lang='lat' dir='ltr'>neque</span> <span class='ocrx_word' id='word_1_132' title='bbox 279 818 385 848; x_wconf 83' lang='lat' dir='ltr'>adhuc</span> <span class='ocrx_word' id='word_1_133' title='bbox 401 817 545 859; x_wconf 67' lang='lat' dir='ltr'>defugiet</span> <span class='ocrx_word' id='word_1_134' title='bbox 561 816 805 848; x_wconf 63' lang='lat' dir='ltr'>auctoritatem:</span> <span class='ocrx_word' id='word_1_135' title='bbox 824 816 845 847; x_wconf 80' lang='lat' dir='ltr'>si</span> <span class='ocrx_word' id='word_1_136' title='bbox 863 826 935 848; x_wconf 91' lang='lat' dir='ltr'>eum</span> 
     </span>
     <span class='ocr_line' id='line_1_18' title="bbox 66 849 936 900; baseline -0.003 -8"><span class='ocrx_word' id='word_1_137' title='bbox 66 860 227 892; x_wconf 83' lang='lat' dir='ltr'>audiamus</span> <span class='ocrx_word' id='word_1_138' title='bbox 251 859 271 889; x_wconf 81' lang='lat' dir='ltr'>l·</span> <span class='ocrx_word' id='word_1_139' title='bbox 299 868 344 890; x_wconf 88' lang='lat'>11.</span> <span class='ocrx_word' id='word_1_140' title='bbox 368 858 387 900; x_wconf 86' lang='lat'>§</span> <span class='ocrx_word' id='word_1_141' title='bbox 422 870 450 898; x_wconf 84' lang='lat'>5.</span> <span class='ocrx_word' id='word_1_142' title='bbox 476 849 518 889; x_wconf 86' lang='lat' dir='ltr'>D.</span> <span class='ocrx_word' id='word_1_143' title='bbox 542 859 575 889; x_wconf 85' lang='lat' dir='ltr'>de</span> <span class='ocrx_word' id='word_1_144' title='bbox 599 858 759 889; x_wconf 62' lang='lat' dir='ltr'>ustionibus</span> <span class='ocrx_word' id='word_1_145' title='bbox 787 860 874 899; x_wconf 74' lang='lat' dir='ltr'>empti</span> <span class='ocrx_word' id='word_1_146' title='bbox 899 857 936 893; x_wconf 67' lang='lat'>85⁹</span> 
     </span>
     <span class='ocr_line' id='line_1_19' title="bbox 65 900 914 946; baseline -0.007 -13"><span class='ocrx_word' id='word_1_147' title='bbox 65 903 187 934; x_wconf 78' lang='lat' dir='ltr'><em>venditi.</em></span> <span class='ocrx_word' id='word_1_148' title='bbox 231 900 339 932; x_wconf 89' lang='lat' dir='ltr'>Verba</span> <span class='ocrx_word' id='word_1_149' title='bbox 355 900 496 941; x_wconf 79' lang='lat' dir='ltr'>Ulpiani.</span> <span class='ocrx_word' id='word_1_150' title='bbox 908 940 914 946; x_wconf 31' lang='grc' dir='ltr'>ι</span> 
     </span>
     <span class='ocr_line' id='line_1_20' title="bbox 84 940 939 985; baseline -0.005 -10"><span class='ocrx_word' id='word_1_151' title='bbox 84 943 190 985; x_wconf 79' lang='lat' dir='ltr'><em>Siquis</em></span> <span class='ocrx_word' id='word_1_152' title='bbox 204 943 349 983; x_wconf 75' lang='lat' dir='ltr'>virginem</span> <span class='ocrx_word' id='word_1_153' title='bbox 356 943 388 981; x_wconf 60' lang='grc' dir='ltr'>βε</span> <span class='ocrx_word' id='word_1_154' title='bbox 404 951 492 972; x_wconf 83' lang='lat' dir='ltr'>emere</span> <span class='ocrx_word' id='word_1_155' title='bbox 502 940 641 981; x_wconf 62' lang='lat' dir='ltr'>patefiet,</span> <span class='ocrx_word' id='word_1_156' title='bbox 652 951 716 973; x_wconf 77' lang='lat' dir='ltr'>cum</span> <span class='ocrx_word' id='word_1_157' title='bbox 731 941 832 972; x_wconf 76' lang='lat' dir='ltr'>mulier</span> <span class='ocrx_word' id='word_1_158' title='bbox 846 950 939 971; x_wconf 79' lang='lat' dir='ltr'>venis-</span> 
     </span>
     <span class='ocr_line' id='line_1_21' title="bbox 121 980 940 1026; baseline -0.004 -11"><span class='ocrx_word' id='word_1_159' title='bbox 121 988 189 1026; x_wconf 79' lang='lat' dir='ltr'>Jet,</span> <span class='ocrx_word' id='word_1_160' title='bbox 200 984 237 1019; x_wconf 59' lang='grc' dir='ltr'>ὅ)</span> <span class='ocrx_word' id='word_1_161' title='bbox 245 985 342 1024; x_wconf 77' lang='lat' dir='ltr'>sciens</span> <span class='ocrx_word' id='word_1_162' title='bbox 359 993 454 1015; x_wconf 77' lang='lat' dir='ltr'>errare</span> <span class='ocrx_word' id='word_1_163' title='bbox 469 993 532 1014; x_wconf 82' lang='lat' dir='ltr'>eum</span> <span class='ocrx_word' id='word_1_164' title='bbox 547 985 680 1014; x_wconf 78' lang='lat' dir='ltr'>venditor</span> <span class='ocrx_word' id='word_1_165' title='bbox 692 982 790 1023; x_wconf 76' lang='lat' dir='ltr'>paffus</span> <span class='ocrx_word' id='word_1_166' title='bbox 803 980 863 1020; x_wconf 82' lang='lat' dir='ltr'>fit:</span> <span class='ocrx_word' id='word_1_167' title='bbox 881 983 940 1012; x_wconf 74' lang='lat' dir='ltr'>red-</span> 
     </span>
     <span class='ocr_line' id='line_1_22' title="bbox 127 1023 939 1067; baseline -0.004 -10"><span class='ocrx_word' id='word_1_168' title='bbox 127 1027 291 1058; x_wconf 70' lang='lat' dir='ltr'>hibitionem</span> <span class='ocrx_word' id='word_1_169' title='bbox 305 1026 418 1067; x_wconf 79' lang='lat' dir='ltr'>quidem</span> <span class='ocrx_word' id='word_1_170' title='bbox 440 1034 477 1056; x_wconf 79' lang='lat' dir='ltr'>ex</span> <span class='ocrx_word' id='word_1_171' title='bbox 498 1025 551 1056; x_wconf 81' lang='lat' dir='ltr'>hac</span> <span class='ocrx_word' id='word_1_172' title='bbox 573 1025 658 1063; x_wconf 76' lang='lat' dir='ltr'>causti</span> <span class='ocrx_word' id='word_1_173' title='bbox 674 1034 731 1056; x_wconf 82' lang='lat' dir='ltr'>non</span> <span class='ocrx_word' id='word_1_174' title='bbox 745 1023 815 1065; x_wconf 81' lang='lat' dir='ltr'>effe:</span> <span class='ocrx_word' id='word_1_175' title='bbox 838 1033 939 1054; x_wconf 81' lang='lat' dir='ltr'>verum</span> 
     </span>
     <span class='ocr_line' id='line_1_23' title="bbox 128 1065 937 1108; baseline -0.005 -9"><span class='ocrx_word' id='word_1_176' title='bbox 128 1073 224 1100; x_wconf 80' lang='lat' dir='ltr'>tamen</span> <span class='ocrx_word' id='word_1_177' title='bbox 245 1077 281 1098; x_wconf 79' lang='lat' dir='ltr'>ex</span> <span class='ocrx_word' id='word_1_178' title='bbox 301 1072 393 1108; x_wconf 75' lang='lat' dir='ltr'>empto</span> <span class='ocrx_word' id='word_1_179' title='bbox 416 1072 566 1107; x_wconf 79' lang='lat' dir='ltr'><em>competere</em></span> <span class='ocrx_word' id='word_1_180' title='bbox 585 1065 724 1097; x_wconf 69' lang='lat' dir='ltr'>afflonem</span> <span class='ocrx_word' id='word_1_181' title='bbox 748 1067 785 1096; x_wconf 82' lang='lat' dir='ltr'>ad</span> <span class='ocrx_word' id='word_1_182' title='bbox 800 1065 937 1101; x_wconf 78' lang='lat' dir='ltr'>resolven-</span> 
     </span>
     <span class='ocr_line' id='line_1_24' title="bbox 126 1105 936 1149; baseline -0.006 -8"><span class='ocrx_word' id='word_1_183' title='bbox 126 1111 193 1141; x_wconf 81' lang='lat' dir='ltr'>dam</span> <span class='ocrx_word' id='word_1_184' title='bbox 203 1109 371 1149; x_wconf 75' lang='lat' dir='ltr'><em>emptionem</em></span> <span class='ocrx_word' id='word_1_185' title='bbox 380 1132 389 1147; x_wconf 87' lang='lat'><strong>‚</strong></span> <span class='ocrx_word' id='word_1_186' title='bbox 399 1107 435 1142; x_wconf 66' lang='lat'>{9⁹</span> <span class='ocrx_word' id='word_1_187' title='bbox 442 1108 532 1147; x_wconf 79' lang='lat' dir='ltr'>pretio</span> <span class='ocrx_word' id='word_1_188' title='bbox 542 1105 672 1148; x_wconf 75' lang='lat' dir='ltr'>restituto</span> <span class='ocrx_word' id='word_1_189' title='bbox 680 1107 783 1139; x_wconf 79' lang='lat' dir='ltr'>mulier</span> <span class='ocrx_word' id='word_1_190' title='bbox 791 1107 936 1138; x_wconf 76' lang='lat' dir='ltr'>reddatur.</span> 
     </span>
     <span class='ocr_line' id='line_1_25' title="bbox 66 1145 937 1190; baseline -0.008 -6"><span class='ocrx_word' id='word_1_191' title='bbox 66 1151 121 1184; x_wconf 87' lang='lat' dir='ltr'>Sic</span> <span class='ocrx_word' id='word_1_192' title='bbox 139 1150 322 1182; x_wconf 65' lang='lat' dir='ltr'>Florentiae.</span> <span class='ocrx_word' id='word_1_193' title='bbox 345 1151 376 1181; x_wconf 87' lang='lat' dir='ltr'>in</span> <span class='ocrx_word' id='word_1_194' title='bbox 394 1150 461 1181; x_wconf 89' lang='lat' dir='ltr'>aliis</span> <span class='ocrx_word' id='word_1_195' title='bbox 480 1149 566 1180; x_wconf 88' lang='lat' dir='ltr'>libris</span> <span class='ocrx_word' id='word_1_196' title='bbox 583 1147 646 1181; x_wconf 89' lang='lat' dir='ltr'>est:</span> <span class='ocrx_word' id='word_1_197' title='bbox 662 1155 695 1180; x_wconf 73' lang='lat' dir='ltr'>ut</span> <span class='ocrx_word' id='word_1_198' title='bbox 709 1148 800 1190; x_wconf 74' lang='lat' dir='ltr'>pretio</span> <span class='ocrx_word' id='word_1_199' title='bbox 809 1145 937 1188; x_wconf 60' lang='lat' dir='ltr'>restituto</span> 
     </span>
     <span class='ocr_line' id='line_1_26' title="bbox 64 1189 936 1235; baseline -0.007 -10"><span class='ocrx_word' id='word_1_200' title='bbox 64 1194 168 1226; x_wconf 81' lang='lat' dir='ltr'>mulier</span> <span class='ocrx_word' id='word_1_201' title='bbox 181 1193 330 1223; x_wconf 74' lang='lat' dir='ltr'>reddatur.</span> <span class='ocrx_word' id='word_1_202' title='bbox 354 1191 479 1222; x_wconf 69' lang='lat' dir='ltr'>rectius.</span> <span class='ocrx_word' id='word_1_203' title='bbox 503 1189 609 1222; x_wconf 84' lang='lat' dir='ltr'>Ecce:</span> <span class='ocrx_word' id='word_1_204' title='bbox 632 1189 741 1221; x_wconf 89' lang='lat' dir='ltr'>Titius</span> <span class='ocrx_word' id='word_1_205' title='bbox 760 1189 890 1235; x_wconf 67' lang='lat' dir='ltr'>volcpat</span> <span class='ocrx_word' id='word_1_206' title='bbox 906 1199 936 1220; x_wconf 89' lang='lat' dir='ltr'>e-</span> 
     </span>
     <span class='ocr_line' id='line_1_27' title="bbox 62 1231 933 1272; baseline -0.006 -6"><span class='ocrx_word' id='word_1_207' title='bbox 62 1245 153 1268; x_wconf 83' lang='lat' dir='ltr'>mere</span> <span class='ocrx_word' id='word_1_208' title='bbox 170 1233 306 1272; x_wconf 87' lang='lat' dir='ltr'>servam,</span> <span class='ocrx_word' id='word_1_209' title='bbox 323 1241 387 1263; x_wconf 89' lang='lat' dir='ltr'>non</span> <span class='ocrx_word' id='word_1_210' title='bbox 399 1232 524 1272; x_wconf 84' lang='lat' dir='ltr'>qualem</span> <span class='ocrx_word' id='word_1_211' title='bbox 541 1231 686 1271; x_wconf 83' lang='lat' dir='ltr'>qualem,</span> <span class='ocrx_word' id='word_1_212' title='bbox 699 1231 751 1262; x_wconf 84' lang='lat' dir='ltr'>sed</span> <span class='ocrx_word' id='word_1_213' title='bbox 766 1239 933 1270; x_wconf 84' lang='lat' dir='ltr'>virginem.</span> 
     </span>
     <span class='ocr_line' id='line_1_28' title="bbox 62 1272 934 1316; baseline -0.006 -8"><span class='ocrx_word' id='word_1_214' title='bbox 62 1276 269 1316; x_wconf 83' lang='lat' dir='ltr'>Sempronius</span> <span class='ocrx_word' id='word_1_215' title='bbox 279 1275 305 1304; x_wconf 88' lang='lat' dir='ltr'>ei</span> <span class='ocrx_word' id='word_1_216' title='bbox 323 1282 381 1313; x_wconf 90' lang='lat' dir='ltr'>pro</span> <span class='ocrx_word' id='word_1_217' title='bbox 402 1273 523 1312; x_wconf 83' lang='lat' dir='ltr'>virgine</span> <span class='ocrx_word' id='word_1_218' title='bbox 539 1272 683 1303; x_wconf 87' lang='lat' dir='ltr'>vendidit</span> <span class='ocrx_word' id='word_1_219' title='bbox 699 1272 819 1303; x_wconf 78' lang='lat' dir='ltr'>servam</span> <span class='ocrx_word' id='word_1_220' title='bbox 840 1281 934 1312; x_wconf 84' lang='lat' dir='ltr'>quam</span> 
     </span>
     <span class='ocr_line' id='line_1_29' title="bbox 64 1312 932 1354; baseline -0.005 -6"><span class='ocrx_word' id='word_1_221' title='bbox 64 1316 184 1348; x_wconf 85' lang='lat' dir='ltr'>sciebat</span> <span class='ocrx_word' id='word_1_222' title='bbox 200 1315 262 1347; x_wconf 79' lang='lat' dir='ltr'>effe</span> <span class='ocrx_word' id='word_1_223' title='bbox 280 1314 465 1352; x_wconf 84' lang='lat' dir='ltr'>mulierem,</span> <span class='ocrx_word' id='word_1_224' title='bbox 484 1314 515 1345; x_wconf 89' lang='lat' dir='ltr'>id</span> <span class='ocrx_word' id='word_1_225' title='bbox 533 1312 596 1352; x_wconf 88' lang='lat' dir='ltr'>est,</span> <span class='ocrx_word' id='word_1_226' title='bbox 608 1315 709 1345; x_wconf 89' lang='lat' dir='ltr'>virum</span> <span class='ocrx_word' id='word_1_227' title='bbox 727 1312 840 1354; x_wconf 78' lang='lat' dir='ltr'>passam</span> <span class='ocrx_word' id='word_1_228' title='bbox 859 1312 932 1344; x_wconf 86' lang='lat' dir='ltr'>esse.</span> 
     </span>
     <span class='ocr_line' id='line_1_30' title="bbox 59 1354 934 1396; baseline -0.006 -5"><span class='ocrx_word' id='word_1_229' title='bbox 59 1358 103 1391; x_wconf 87' lang='lat' dir='ltr'>fic</span> <span class='ocrx_word' id='word_1_230' title='bbox 125 1358 210 1389; x_wconf 87' lang='lat' dir='ltr'>enim</span> <span class='ocrx_word' id='word_1_231' title='bbox 231 1355 301 1387; x_wconf 83' lang='lat' dir='ltr'>usus</span> <span class='ocrx_word' id='word_1_232' title='bbox 325 1355 449 1396; x_wconf 87' lang='lat' dir='ltr'>accepit</span> <span class='ocrx_word' id='word_1_233' title='bbox 472 1354 610 1386; x_wconf 81' lang='lat' dir='ltr'>Mulieris</span> <span class='ocrx_word' id='word_1_234' title='bbox 631 1356 825 1386; x_wconf 85' lang='lat' dir='ltr'>vocabulum</span> <span class='ocrx_word' id='word_1_235' title='bbox 845 1365 853 1385; x_wconf 91' lang='lat'>:</span> <span class='ocrx_word' id='word_1_236' title='bbox 878 1354 934 1386; x_wconf 90' lang='lat' dir='ltr'>etli</span> 
     </span>
     <span class='ocr_line' id='line_1_31' title="bbox 87 1395 933 1441; baseline -0.004 -11"><span class='ocrx_word' id='word_1_237' title='bbox 87 1400 241 1441; x_wconf 87' lang='lat' dir='ltr'>roprietas</span> <span class='ocrx_word' id='word_1_238' title='bbox 258 1396 415 1429; x_wconf 82' lang='lat' dir='ltr'>Mulierem</span> <span class='ocrx_word' id='word_1_239' title='bbox 439 1406 455 1427; x_wconf 86' lang='lat' dir='ltr'>a</span> <span class='ocrx_word' id='word_1_240' title='bbox 475 1396 601 1438; x_wconf 75' lang='lat' dir='ltr'>Virgine</span> <span class='ocrx_word' id='word_1_241' title='bbox 625 1405 689 1428; x_wconf 90' lang='lat' dir='ltr'>non</span> <span class='ocrx_word' id='word_1_242' title='bbox 715 1395 933 1437; x_wconf 86' lang='lat' dir='ltr'>distingueret.</span> 
     </span>
     <span class='ocr_line' id='line_1_32' title="bbox 62 1409 934 1479; baseline -0.005 -7"><span class='ocrx_word' id='word_1_243' title='bbox 62 1409 281 1472; x_wconf 53' lang='lat' dir='ltr'>Ii&#39;ertullianus</span> <span class='ocrx_word' id='word_1_244' title='bbox 313 1437 358 1469; x_wconf 89' lang='lat' dir='ltr'>De</span> <span class='ocrx_word' id='word_1_245' title='bbox 378 1439 542 1478; x_wconf 63' lang='lat' dir='ltr'>virginibus</span> <span class='ocrx_word' id='word_1_246' title='bbox 562 1438 694 1469; x_wconf 82' lang='lat' dir='ltr'>velandis</span> <span class='ocrx_word' id='word_1_247' title='bbox 718 1445 779 1479; x_wconf 84' lang='lat' dir='ltr'>cap.</span> <span class='ocrx_word' id='word_1_248' title='bbox 809 1447 838 1477; x_wconf 77' lang='lat'>5.</span> <span class='ocrx_word' id='word_1_249' title='bbox 878 1438 934 1468; x_wconf 77' lang='lat' dir='ltr'>Sed</span> 
     </span>
     <span class='ocr_line' id='line_1_33' title="bbox 62 1479 932 1525; baseline -0.003 -12"><span class='ocrx_word' id='word_1_250' title='bbox 62 1483 199 1525; x_wconf 81' lang='lat' dir='ltr'>quoniam</span> <span class='ocrx_word' id='word_1_251' title='bbox 214 1482 258 1512; x_wconf 77' lang='lat' dir='ltr'>ita</span> <span class='ocrx_word' id='word_1_252' title='bbox 275 1479 403 1511; x_wconf 80' lang='lat' dir='ltr'>mulieris</span> <span class='ocrx_word' id='word_1_253' title='bbox 417 1489 517 1511; x_wconf 84' lang='lat' dir='ltr'>nomen</span> <span class='ocrx_word' id='word_1_254' title='bbox 533 1479 693 1520; x_wconf 75' lang='lat' dir='ltr'>usurpant,</span> <span class='ocrx_word' id='word_1_255' title='bbox 709 1486 742 1511; x_wconf 75' lang='lat' dir='ltr'>ut</span> <span class='ocrx_word' id='word_1_256' title='bbox 759 1489 816 1509; x_wconf 82' lang='lat' dir='ltr'>non</span> <span class='ocrx_word' id='word_1_257' title='bbox 830 1486 932 1519; x_wconf 70' lang='lat' dir='ltr'>putent</span> 
     </span>
     <span class='ocr_line' id='line_1_34' title="bbox 62 1520 931 1564; baseline -0.005 -9"><span class='ocrx_word' id='word_1_258' title='bbox 62 1529 211 1564; x_wconf 76' lang='lat' dir='ltr'><em>competere</em></span> <span class='ocrx_word' id='word_1_259' title='bbox 227 1523 316 1560; x_wconf 83' lang='lat' dir='ltr'>illud,</span> <span class='ocrx_word' id='word_1_260' title='bbox 334 1520 390 1559; x_wconf 76' lang='lat' dir='ltr'>nisi</span> <span class='ocrx_word' id='word_1_261' title='bbox 405 1523 431 1552; x_wconf 87' lang='lat' dir='ltr'>ei</span> <span class='ocrx_word' id='word_1_262' title='bbox 437 1523 494 1561; x_wconf 74' lang='lat' dir='ltr'>soli</span> <span class='ocrx_word' id='word_1_263' title='bbox 509 1530 570 1562; x_wconf 66' lang='lat' dir='ltr'>quae</span> <span class='ocrx_word' id='word_1_264' title='bbox 588 1524 686 1552; x_wconf 77' lang='lat' dir='ltr'>virum</span> <span class='ocrx_word' id='word_1_265' title='bbox 697 1521 781 1562; x_wconf 75' lang='lat' dir='ltr'>poffiz</span> <span class='ocrx_word' id='word_1_266' title='bbox 794 1520 853 1559; x_wconf 77' lang='lat' dir='ltr'>fit,</span> <span class='ocrx_word' id='word_1_267' title='bbox 869 1528 931 1562; x_wconf 81' lang='lat' dir='ltr'>pro-</span> 
     </span>
     <span class='ocr_line' id='line_1_35' title="bbox 61 1563 931 1604; baseline -0.006 -6"><span class='ocrx_word' id='word_1_268' title='bbox 61 1567 125 1598; x_wconf 83' lang='lat' dir='ltr'>bari</span> <span class='ocrx_word' id='word_1_269' title='bbox 147 1575 165 1596; x_wconf 82' lang='lat' dir='ltr'>a</span> <span class='ocrx_word' id='word_1_270' title='bbox 197 1564 274 1595; x_wconf 85' lang='lat' dir='ltr'>nobis</span> <span class='ocrx_word' id='word_1_271' title='bbox 297 1568 402 1603; x_wconf 73' lang='lat' dir='ltr'>oportet</span> <span class='ocrx_word' id='word_1_272' title='bbox 424 1566 624 1603; x_wconf 73' lang='lat' dir='ltr'>proprietatem</span> <span class='ocrx_word' id='word_1_273' title='bbox 648 1563 711 1604; x_wconf 83' lang='lat' dir='ltr'>ejus</span> <span class='ocrx_word' id='word_1_274' title='bbox 736 1563 870 1594; x_wconf 78' lang='lat' dir='ltr'>vocabuli</span> <span class='ocrx_word' id='word_1_275' title='bbox 894 1564 931 1593; x_wconf 82' lang='lat' dir='ltr'>ad</span> 
     </span>
     <span class='ocr_line' id='line_1_36' title="bbox 59 1605 930 1646; baseline -0.003 -8"><span class='ocrx_word' id='word_1_276' title='bbox 59 1608 160 1646; x_wconf 76' lang='lat' dir='ltr'>sexum</span> <span class='ocrx_word' id='word_1_277' title='bbox 174 1605 282 1646; x_wconf 75' lang='lat' dir='ltr'>ipsum,</span> <span class='ocrx_word' id='word_1_278' title='bbox 307 1615 365 1635; x_wconf 82' lang='lat' dir='ltr'>non</span> <span class='ocrx_word' id='word_1_279' title='bbox 388 1605 425 1635; x_wconf 81' lang='lat' dir='ltr'>ad</span> <span class='ocrx_word' id='word_1_280' title='bbox 447 1605 571 1644; x_wconf 80' lang='lat' dir='ltr'>gradum</span> <span class='ocrx_word' id='word_1_281' title='bbox 593 1608 681 1641; x_wconf 75' lang='lat' dir='ltr'>sexus</span> <span class='ocrx_word' id='word_1_282' title='bbox 693 1606 854 1645; x_wconf 69' lang='lat' dir='ltr'>periinere.-</span> <span class='ocrx_word' id='word_1_283' title='bbox 875 1614 930 1644; x_wconf 78' lang='lat' dir='ltr'>quo</span> 
     </span>
     <span class='ocr_line' id='line_1_37' title="bbox 63 1644 930 1687; baseline -0.005 -8"><span class='ocrx_word' id='word_1_284' title='bbox 63 1649 246 1680; x_wconf 76' lang='lat' dir='ltr'>communiter</span> <span class='ocrx_word' id='word_1_285' title='bbox 262 1647 349 1677; x_wconf 74' lang='lat' dir='ltr'>eiiam</span> <span class='ocrx_word' id='word_1_286' title='bbox 364 1647 494 1687; x_wconf 73' lang='lat' dir='ltr'>virgines</span> <span class='ocrx_word' id='word_1_287' title='bbox 514 1650 690 1679; x_wconf 73' lang='lat' dir='ltr'><em>censeamur.</em></span> <span class='ocrx_word' id='word_1_288' title='bbox 734 1645 802 1685; x_wconf 81' lang='lat' dir='ltr'>Ipse</span> <span class='ocrx_word' id='word_1_289' title='bbox 823 1644 930 1686; x_wconf 87' lang='lat' dir='ltr'>Ulpia-</span> 
     </span>
     <span class='ocr_line' id='line_1_38' title="bbox 59 1686 932 1729; baseline -0.003 -8"><span class='ocrx_word' id='word_1_290' title='bbox 59 1700 117 1722; x_wconf 89' lang='lat' dir='ltr'>nus</span> <span class='ocrx_word' id='word_1_291' title='bbox 135 1690 156 1720; x_wconf 81' lang='lat' dir='ltr'>l.</span> <span class='ocrx_word' id='word_1_292' title='bbox 177 1698 221 1726; x_wconf 67' lang='lat'>14.</span> <span class='ocrx_word' id='word_1_293' title='bbox 245 1687 274 1729; x_wconf 84' lang='lat'>§.</span> <span class='ocrx_word' id='word_1_294' title='bbox 291 1698 319 1728; x_wconf 83' lang='lat'>7.</span> <span class='ocrx_word' id='word_1_295' title='bbox 343 1686 385 1718; x_wconf 93' lang='lat' dir='ltr'>D.</span> <span class='ocrx_word' id='word_1_296' title='bbox 411 1689 444 1717; x_wconf 75' lang='lat' dir='ltr'>cle</span> <span class='ocrx_word' id='word_1_297' title='bbox 464 1686 599 1717; x_wconf 76' lang='lat' dir='ltr'>AEdilitio</span> <span class='ocrx_word' id='word_1_298' title='bbox 616 1686 719 1718; x_wconf 64' lang='lat' dir='ltr'>Editio</span> <span class='ocrx_word' id='word_1_299' title='bbox 737 1689 798 1726; x_wconf 90' lang='lat' dir='ltr'>ait,</span> <span class='ocrx_word' id='word_1_300' title='bbox 824 1687 932 1718; x_wconf 82' lang='lat' dir='ltr'>Mulie-</span> 
     </span>
     <span class='ocr_line' id='line_1_39' title="bbox 59 1727 932 1768; baseline -0.002 -7"><span class='ocrx_word' id='word_1_301' title='bbox 59 1740 116 1762; x_wconf 66' lang='lat' dir='ltr'>reJn</span> <span class='ocrx_word' id='word_1_302' title='bbox 138 1733 179 1761; x_wconf 76' lang='lat' dir='ltr'>ita</span> <span class='ocrx_word' id='word_1_303' title='bbox 195 1729 306 1760; x_wconf 61' lang='lat' dir='ltr'>arbium</span> <span class='ocrx_word' id='word_1_304' title='bbox 322 1734 355 1758; x_wconf 76' lang='lat' dir='ltr'>uc</span> <span class='ocrx_word' id='word_1_305' title='bbox 371 1727 548 1766; x_wconf 75' lang='lat' dir='ltr'>niuliei·fieri</span> <span class='ocrx_word' id='word_1_306' title='bbox 562 1737 619 1758; x_wconf 82' lang='lat' dir='ltr'>non</span> <span class='ocrx_word' id='word_1_307' title='bbox 638 1727 736 1768; x_wconf 76' lang='lat' dir='ltr'>poffit,</span> <span class='ocrx_word' id='word_1_308' title='bbox 753 1731 860 1768; x_wconf 76' lang='lat' dir='ltr'>sanam</span> <span class='ocrx_word' id='word_1_309' title='bbox 875 1738 932 1760; x_wconf 78' lang='lat' dir='ltr'>non</span> 
     </span>
     <span class='ocr_line' id='line_1_40' title="bbox 50 1768 933 1810; baseline -0.005 -6"><span class='ocrx_word' id='word_1_310' title='bbox 50 1774 153 1805; x_wconf 17' lang='lat' dir='ltr'>*videri</span> <span class='ocrx_word' id='word_1_311' title='bbox 169 1768 288 1810; x_wconf 73' lang='lat' dir='ltr'>conflat.</span> <span class='ocrx_word' id='word_1_312' title='bbox 312 1769 386 1801; x_wconf 86' lang='lat' dir='ltr'>Nec</span> <span class='ocrx_word' id='word_1_313' title='bbox 403 1769 504 1800; x_wconf 88' lang='lat' dir='ltr'>minus</span> <span class='ocrx_word' id='word_1_314' title='bbox 524 1770 681 1800; x_wconf 79' lang='lat' dir='ltr'>Arnobius</span> <span class='ocrx_word' id='word_1_315' title='bbox 699 1771 746 1801; x_wconf 82' lang='lat' dir='ltr'>lib.</span> <span class='ocrx_word' id='word_1_316' title='bbox 765 1782 795 1810; x_wconf 80' lang='lat'>5.</span> <span class='ocrx_word' id='word_1_317' title='bbox 820 1769 933 1801; x_wconf 80' lang='lat' dir='ltr'>Adver-</span> 
     </span>
     <span class='ocr_line' id='line_1_41' title="bbox 58 1810 933 1853; baseline -0.002 -9"><span class='ocrx_word' id='word_1_318' title='bbox 58 1811 107 1852; x_wconf 80' lang='lat' dir='ltr'>sus</span> <span class='ocrx_word' id='word_1_319' title='bbox 124 1818 222 1852; x_wconf 75' lang='lat' dir='ltr'>gentes</span> <span class='ocrx_word' id='word_1_320' title='bbox 239 1821 263 1842; x_wconf 82' lang='lat' dir='ltr'>c.</span> <span class='ocrx_word' id='word_1_321' title='bbox 283 1821 332 1851; x_wconf 77' lang='lat'>25.</span> <span class='ocrx_word' id='word_1_322' title='bbox 356 1810 507 1853; x_wconf 63' lang='lat' dir='ltr'>Quodam,</span> <span class='ocrx_word' id='word_1_323' title='bbox 531 1811 688 1851; x_wconf 73' lang='lat' dir='ltr'>inquiunt,</span> <span class='ocrx_word' id='word_1_324' title='bbox 706 1817 844 1851; x_wconf 78' lang='lat' dir='ltr'>tempore,</span> <span class='ocrx_word' id='word_1_325' title='bbox 867 1821 933 1843; x_wconf 81' lang='lat' dir='ltr'>cum</span> 
     </span>
     <span class='ocr_line' id='line_1_42' title="bbox 59 1852 934 1892; baseline -0.002 -7"><span class='ocrx_word' id='word_1_326' title='bbox 59 1856 91 1886; x_wconf 86' lang='lat' dir='ltr'>in</span> <span class='ocrx_word' id='word_1_327' title='bbox 116 1854 223 1885; x_wconf 63' lang='lat' dir='ltr'>Sicilire</span> <span class='ocrx_word' id='word_1_328' title='bbox 240 1852 363 1892; x_wconf 67' lang='lat' dir='ltr'>procidis</span> <span class='ocrx_word' id='word_1_329' title='bbox 377 1859 535 1892; x_wconf 78' lang='lat' dir='ltr'>purpureos</span> <span class='ocrx_word' id='word_1_330' title='bbox 553 1852 657 1892; x_wconf 79' lang='lat' dir='ltr'>legeret</span> <span class='ocrx_word' id='word_1_331' title='bbox 680 1855 808 1883; x_wconf 74' lang='lat' dir='ltr'>nondum</span> <span class='ocrx_word' id='word_1_332' title='bbox 830 1854 934 1884; x_wconf 78' lang='lat' dir='ltr'>mulier</span> 
     </span>
     <span class='ocr_line' id='line_1_43' title="bbox 56 1893 933 1936; baseline 0 -10"><span class='ocrx_word' id='word_1_333' title='bbox 56 1894 144 1936; x_wconf 85' lang='lat' dir='ltr'>flores</span> <span class='ocrx_word' id='word_1_334' title='bbox 160 1919 170 1934; x_wconf 90' lang='lat'>,</span> <span class='ocrx_word' id='word_1_335' title='bbox 202 1893 238 1928; x_wconf 58' lang='grc' dir='ltr'>ὅ)</span> <span class='ocrx_word' id='word_1_336' title='bbox 262 1894 356 1924; x_wconf 77' lang='lat' dir='ltr'>adhuc</span> <span class='ocrx_word' id='word_1_337' title='bbox 378 1897 462 1934; x_wconf 77' lang='lat' dir='ltr'>virgo</span> <span class='ocrx_word' id='word_1_338' title='bbox 488 1893 670 1933; x_wconf 74' lang='lat' dir='ltr'>Proserpina.</span> <span class='ocrx_word' id='word_1_339' title='bbox 711 1894 761 1926; x_wconf 76' lang='lat' dir='ltr'>Aa</span> <span class='ocrx_word' id='word_1_340' title='bbox 785 1896 933 1926; x_wconf 86' lang='lat' dir='ltr'>eumdem</span> 
     </span>
     <span class='ocr_line' id='line_1_44' title="bbox 58 1933 930 1976; baseline -0.002 -7"><span class='ocrx_word' id='word_1_341' title='bbox 58 1937 192 1969; x_wconf 86' lang='lat' dir='ltr'>modum</span> <span class='ocrx_word' id='word_1_342' title='bbox 209 1934 363 1966; x_wconf 84' lang='lat' dir='ltr'>Proculus</span> <span class='ocrx_word' id='word_1_343' title='bbox 384 1935 468 1974; x_wconf 88' lang='lat' dir='ltr'>apud</span> <span class='ocrx_word' id='word_1_344' title='bbox 488 1933 684 1975; x_wconf 64' lang='lat' dir='ltr'>vomicam,</span> <span class='ocrx_word' id='word_1_345' title='bbox 707 1936 769 1976; x_wconf 74' lang='lat' dir='ltr'>ejus</span> <span class='ocrx_word' id='word_1_346' title='bbox 787 1938 852 1966; x_wconf 75' lang='lat' dir='ltr'>vica</span> <span class='ocrx_word' id='word_1_347' title='bbox 868 1944 930 1976; x_wconf 78' lang='lat' dir='ltr'>cap.</span> 
     </span>
     <span class='ocr_line' id='line_1_45' title="bbox 63 1975 933 2017; baseline 0 -8"><span class='ocrx_word' id='word_1_348' title='bbox 63 1988 111 2010; x_wconf 85' lang='lat'>12.</span> <span class='ocrx_word' id='word_1_349' title='bbox 137 1978 259 2008; x_wconf 79' lang='lat' dir='ltr'><em>Centum</em></span> <span class='ocrx_word' id='word_1_350' title='bbox 274 1986 311 2007; x_wconf 83' lang='lat' dir='ltr'>ex</span> <span class='ocrx_word' id='word_1_351' title='bbox 328 1975 476 2006; x_wconf 69' lang='lat' dir='ltr'>Sarmatia</span> <span class='ocrx_word' id='word_1_352' title='bbox 491 1977 621 2017; x_wconf 78' lang='lat' dir='ltr'>virgines</span> <span class='ocrx_word' id='word_1_353' title='bbox 638 1979 707 2017; x_wconf 81' lang='lat' dir='ltr'>cepi.</span> <span class='ocrx_word' id='word_1_354' title='bbox 743 1977 795 2008; x_wconf 73' lang='lat' dir='ltr'>Ex</span> <span class='ocrx_word' id='word_1_355' title='bbox 811 1978 855 2008; x_wconf 84' lang='lat' dir='ltr'>his</span> <span class='ocrx_word' id='word_1_356' title='bbox 871 1988 933 2009; x_wconf 80' lang='lat' dir='ltr'>una</span> 
     </span>
     <span class='ocr_line' id='line_1_46' title="bbox 61 2018 933 2059; baseline -0.001 -8"><span class='ocrx_word' id='word_1_357' title='bbox 61 2019 141 2051; x_wconf 67' lang='lat' dir='ltr'>noete</span> <span class='ocrx_word' id='word_1_358' title='bbox 163 2021 255 2050; x_wconf 75' lang='lat' dir='ltr'>elecem</span> <span class='ocrx_word' id='word_1_359' title='bbox 278 2018 356 2048; x_wconf 83' lang='lat' dir='ltr'>inivi</span> <span class='ocrx_word' id='word_1_360' title='bbox 364 2028 374 2048; x_wconf 86' lang='grc'>.-</span> <span class='ocrx_word' id='word_1_361' title='bbox 396 2026 489 2048; x_wconf 84' lang='lat' dir='ltr'>omnes</span> <span class='ocrx_word' id='word_1_362' title='bbox 511 2023 623 2056; x_wconf 69' lang='lat' dir='ltr'>millen,</span> <span class='ocrx_word' id='word_1_363' title='bbox 647 2019 722 2059; x_wconf 78' lang='lat' dir='ltr'>quod</span> <span class='ocrx_word' id='word_1_364' title='bbox 746 2020 776 2049; x_wconf 81' lang='lat' dir='ltr'>in</span> <span class='ocrx_word' id='word_1_365' title='bbox 794 2028 836 2049; x_wconf 82' lang='lat' dir='ltr'>me</span> <span class='ocrx_word' id='word_1_366' title='bbox 852 2026 933 2058; x_wconf 75' lang='lat' dir='ltr'>erat,</span> 
     </span>
     <span class='ocr_line' id='line_1_47' title="bbox 60 2058 934 2100; baseline 0 -8"><span class='ocrx_word' id='word_1_367' title='bbox 60 2061 191 2092; x_wconf 75' lang='lat' dir='ltr'>mulieres</span> <span class='ocrx_word' id='word_1_368' title='bbox 212 2061 294 2090; x_wconf 79' lang='lat' dir='ltr'>intra</span> <span class='ocrx_word' id='word_1_369' title='bbox 309 2060 367 2089; x_wconf 81' lang='lat' dir='ltr'>dies</span> <span class='ocrx_word' id='word_1_370' title='bbox 390 2068 434 2090; x_wconf 84' lang='lat' dir='ltr'>xv</span> <span class='ocrx_word' id='word_1_371' title='bbox 449 2060 567 2090; x_wconf 76' lang='lat' dir='ltr'>reddidi.</span> <span class='ocrx_word' id='word_1_372' title='bbox 602 2058 765 2091; x_wconf 82' lang='lat' dir='ltr'>&#39;Occurrit</span> <span class='ocrx_word' id='word_1_373' title='bbox 783 2061 878 2100; x_wconf 83' lang='lat' dir='ltr'>igitur</span> <span class='ocrx_word' id='word_1_374' title='bbox 902 2062 934 2092; x_wconf 87' lang='lat' dir='ltr'>in</span> 
     </span>
     <span class='ocr_line' id='line_1_48' title="bbox 60 2101 934 2144; baseline -0.001 -10"><span class='ocrx_word' id='word_1_375' title='bbox 60 2101 225 2144; x_wconf 86' lang='lat' dir='ltr'>propolito</span> <span class='ocrx_word' id='word_1_376' title='bbox 253 2101 371 2137; x_wconf 73' lang='lat' dir='ltr'>dolus,</span> <span class='ocrx_word' id='word_1_377' title='bbox 394 2107 490 2140; x_wconf 85' lang='lat' dir='ltr'>atque</span> <span class='ocrx_word' id='word_1_378' title='bbox 516 2101 540 2132; x_wconf 90' lang='lat' dir='ltr'>is</span> <span class='ocrx_word' id='word_1_379' title='bbox 565 2102 617 2140; x_wconf 87' lang='lat' dir='ltr'>qui</span> <span class='ocrx_word' id='word_1_380' title='bbox 643 2101 820 2133; x_wconf 64' lang='lat' dir='ltr'>contractui</span> <span class='ocrx_word' id='word_1_381' title='bbox 845 2103 934 2133; x_wconf 86' lang='lat' dir='ltr'>dedit</span> 
     </span>
     <span class='ocr_line' id='line_1_49' title="bbox 61 2140 933 2182; baseline 0.001 -8"><span class='ocrx_word' id='word_1_382' title='bbox 61 2144 192 2175; x_wconf 81' lang='lat' dir='ltr'>causam.</span> <span class='ocrx_word' id='word_1_383' title='bbox 217 2151 281 2174; x_wconf 89' lang='lat' dir='ltr'>non</span> <span class='ocrx_word' id='word_1_384' title='bbox 300 2142 384 2173; x_wconf 91' lang='lat' dir='ltr'>enim</span> <span class='ocrx_word' id='word_1_385' title='bbox 401 2141 505 2173; x_wconf 82' lang='lat' dir='ltr'>fuerat</span> <span class='ocrx_word' id='word_1_386' title='bbox 524 2140 745 2174; x_wconf 69' lang='lat' dir='ltr'>comi-aeturus</span> <span class='ocrx_word' id='word_1_387' title='bbox 760 2142 888 2182; x_wconf 85' lang='lat' dir='ltr'>Titius,</span> <span class='ocrx_word' id='word_1_388' title='bbox 911 2143 933 2175; x_wconf 83' lang='lat' dir='ltr'>fi</span> 
     </span>
     <span class='ocr_line' id='line_1_50' title="bbox 60 2183 933 2224; baseline 0.002 -9"><span class='ocrx_word' id='word_1_389' title='bbox 60 2184 213 2222; x_wconf 80' lang='lat' dir='ltr'>sciviss&#39;et,</span> <span class='ocrx_word' id='word_1_390' title='bbox 229 2183 377 2215; x_wconf 74' lang='lat' dir='ltr'>ancillam</span> <span class='ocrx_word' id='word_1_391' title='bbox 397 2192 467 2223; x_wconf 82' lang='lat' dir='ltr'>quae</span> <span class='ocrx_word' id='word_1_392' title='bbox 483 2184 511 2214; x_wconf 89' lang='lat' dir='ltr'>ei</span> <span class='ocrx_word' id='word_1_393' title='bbox 533 2185 752 2224; x_wconf 68' lang='lat' dir='ltr'>vendebatur,</span> <span class='ocrx_word' id='word_1_394' title='bbox 766 2186 933 2217; x_wconf 87' lang='lat' dir='ltr'>mulierem</span> 
     </span>
     <span class='ocr_line' id='line_1_51' title="bbox 61 2224 936 2266; baseline 0.001 -8"><span class='ocrx_word' id='word_1_395' title='bbox 61 2226 133 2258; x_wconf 83' lang='lat' dir='ltr'>effe.</span> <span class='ocrx_word' id='word_1_396' title='bbox 165 2233 277 2257; x_wconf 89' lang='lat' dir='ltr'>contra</span> <span class='ocrx_word' id='word_1_397' title='bbox 302 2225 502 2256; x_wconf 85' lang='lat' dir='ltr'>dislimulavit</span> <span class='ocrx_word' id='word_1_398' title='bbox 524 2224 732 2266; x_wconf 77' lang='lat' dir='ltr'>Sempronius</span> <span class='ocrx_word' id='word_1_399' title='bbox 750 2250 759 2266; x_wconf 92' lang='lat'>,</span> <span class='ocrx_word' id='word_1_400' title='bbox 792 2227 936 2259; x_wconf 82' lang='lat' dir='ltr'>vitiatam</span> 
     </span>
     <span class='ocr_line' id='line_1_52' title="bbox 61 2265 935 2307; baseline 0.002 -9"><span class='ocrx_word' id='word_1_401' title='bbox 61 2267 144 2305; x_wconf 80' lang='lat' dir='ltr'>esse3</span> <span class='ocrx_word' id='word_1_402' title='bbox 166 2276 201 2298; x_wconf 85' lang='lat' dir='ltr'>ut</span> <span class='ocrx_word' id='word_1_403' title='bbox 223 2265 332 2297; x_wconf 86' lang='lat' dir='ltr'>Titius</span> <span class='ocrx_word' id='word_1_404' title='bbox 357 2274 479 2297; x_wconf 90' lang='lat' dir='ltr'>emeret</span> <span class='ocrx_word' id='word_1_405' title='bbox 503 2276 598 2307; x_wconf 87' lang='lat' dir='ltr'>quam</span> <span class='ocrx_word' id='word_1_406' title='bbox 621 2267 741 2307; x_wconf 83' lang='lat' dir='ltr'>absque</span> <span class='ocrx_word' id='word_1_407' title='bbox 769 2268 833 2299; x_wconf 89' lang='lat' dir='ltr'>hoc</span> <span class='ocrx_word' id='word_1_408' title='bbox 857 2269 935 2300; x_wconf 86' lang='lat' dir='ltr'>dolo</span> 
     </span>
     <span class='ocr_line' id='line_1_53' title="bbox 61 2305 934 2348; baseline 0 -8"><span class='ocrx_word' id='word_1_409' title='bbox 61 2307 189 2346; x_wconf 79' lang='lat' dir='ltr'>fuiss‘et,</span> <span class='ocrx_word' id='word_1_410' title='bbox 205 2317 271 2338; x_wconf 92' lang='lat' dir='ltr'>non</span> <span class='ocrx_word' id='word_1_411' title='bbox 288 2305 394 2338; x_wconf 86' lang='lat' dir='ltr'>fuisset</span> <span class='ocrx_word' id='word_1_412' title='bbox 413 2317 587 2348; x_wconf 87' lang='lat' dir='ltr'>empturus.</span> <span class='ocrx_word' id='word_1_413' title='bbox 605 2317 640 2339; x_wconf 91' lang='lat' dir='ltr'>ut</span> <span class='ocrx_word' id='word_1_414' title='bbox 660 2317 693 2339; x_wconf 90' lang='lat' dir='ltr'>ut</span> <span class='ocrx_word' id='word_1_415' title='bbox 710 2309 738 2339; x_wconf 86' lang='lat' dir='ltr'>se</span> <span class='ocrx_word' id='word_1_416' title='bbox 762 2319 799 2341; x_wconf 89' lang='lat' dir='ltr'>ea</span> <span class='ocrx_word' id='word_1_417' title='bbox 816 2320 864 2342; x_wconf 81' lang='lat' dir='ltr'>res</span> <span class='ocrx_word' id='word_1_418' title='bbox 883 2310 934 2340; x_wconf 73' lang='lat' dir='ltr'>lia-</span> 
     </span>
     <span class='ocr_line' id='line_1_54' title="bbox 62 2349 933 2390; baseline 0.002 -9"><span class='ocrx_word' id='word_1_419' title='bbox 62 2350 148 2381; x_wconf 87' lang='lat' dir='ltr'>buit:</span> <span class='ocrx_word' id='word_1_420' title='bbox 172 2349 291 2390; x_wconf 82' lang='lat' dir='ltr'>duplex</span> <span class='ocrx_word' id='word_1_421' title='bbox 303 2349 437 2379; x_wconf 86' lang='lat' dir='ltr'>vertitur</span> <span class='ocrx_word' id='word_1_422' title='bbox 452 2349 595 2388; x_wconf 59' lang='lat' dir='ltr'>quaestio.</span> <span class='ocrx_word' id='word_1_423' title='bbox 613 2360 693 2389; x_wconf 85' lang='lat' dir='ltr'>una,</span> <span class='ocrx_word' id='word_1_424' title='bbox 711 2360 747 2382; x_wconf 88' lang='lat' dir='ltr'>an</span> <span class='ocrx_word' id='word_1_425' title='bbox 761 2352 861 2383; x_wconf 90' lang='lat' dir='ltr'>danda</span> <span class='ocrx_word' id='word_1_426' title='bbox 878 2351 933 2382; x_wconf 90' lang='lat' dir='ltr'>Ti-</span> 
     </span>
     <span class='ocr_line' id='line_1_55' title="bbox 63 2388 934 2424; baseline 0.002 -2"><span class='ocrx_word' id='word_1_427' title='bbox 63 2391 109 2422; x_wconf 86' lang='lat' dir='ltr'>tio</span> <span class='ocrx_word' id='word_1_428' title='bbox 132 2391 184 2422; x_wconf 89' lang='lat' dir='ltr'>illa</span> <span class='ocrx_word' id='word_1_429' title='bbox 207 2400 248 2422; x_wconf 81' lang='lat' dir='ltr'>cx</span> <span class='ocrx_word' id='word_1_430' title='bbox 277 2388 367 2421; x_wconf 88' lang='lat' dir='ltr'>causa</span> <span class='ocrx_word' id='word_1_431' title='bbox 395 2388 431 2420; x_wconf 82' lang='lat' dir='ltr'>iit</span> <span class='ocrx_word' id='word_1_432' title='bbox 456 2392 494 2421; x_wconf 85' lang='lat' dir='ltr'>ad</span> <span class='ocrx_word' id='word_1_433' title='bbox 528 2391 760 2423; x_wconf 87' lang='lat' dir='ltr'>redhibendum</span> <span class='ocrx_word' id='word_1_434' title='bbox 785 2393 867 2423; x_wconf 72' lang='lat' dir='ltr'>aeno</span> <span class='ocrx_word' id='word_1_435' title='bbox 893 2402 934 2424; x_wconf 82' lang='lat' dir='ltr'>ex</span> 
     </span>
     <span class='ocr_line' id='line_1_56' title="bbox 62 2431 930 2474; baseline 0.001 -10"><span class='ocrx_word' id='word_1_436' title='bbox 62 2432 210 2470; x_wconf 82' lang='lat' dir='ltr'>AEdilitio</span> <span class='ocrx_word' id='word_1_437' title='bbox 226 2431 352 2464; x_wconf 58' lang='lat' dir='ltr'>Edit-sto.</span> <span class='ocrx_word' id='word_1_438' title='bbox 372 2431 469 2462; x_wconf 89' lang='lat' dir='ltr'>altera</span> <span class='ocrx_word' id='word_1_439' title='bbox 487 2431 550 2470; x_wconf 89' lang='lat' dir='ltr'>est,</span> <span class='ocrx_word' id='word_1_440' title='bbox 567 2431 588 2463; x_wconf 87' lang='lat' dir='ltr'>fi</span> <span class='ocrx_word' id='word_1_441' title='bbox 608 2431 677 2463; x_wconf 81' lang='lat' dir='ltr'>haec</span> <span class='ocrx_word' id='word_1_442' title='bbox 693 2433 777 2465; x_wconf 68' lang='lat' dir='ltr'>actio</span> <span class='ocrx_word' id='word_1_443' title='bbox 793 2435 930 2474; x_wconf 80' lang='lat' dir='ltr'>emptori</span> 
     </span>
     <span class='ocr_line' id='line_1_57' title="bbox 62 2474 932 2514; baseline 0.002 -9"><span class='ocrx_word' id='word_1_444' title='bbox 62 2483 127 2506; x_wconf 91' lang='lat' dir='ltr'>non</span> <span class='ocrx_word' id='word_1_445' title='bbox 153 2480 336 2514; x_wconf 84' lang='lat' dir='ltr'>competat:</span> <span class='ocrx_word' id='word_1_446' title='bbox 359 2481 396 2504; x_wconf 88' lang='lat' dir='ltr'>an</span> <span class='ocrx_word' id='word_1_447' title='bbox 423 2474 451 2504; x_wconf 91' lang='lat' dir='ltr'>ei</span> <span class='ocrx_word' id='word_1_448' title='bbox 475 2474 689 2513; x_wconf 85' lang='lat' dir='ltr'>permittenda</span> <span class='ocrx_word' id='word_1_449' title='bbox 715 2474 749 2506; x_wconf 83' lang='lat' dir='ltr'>lit</span> <span class='ocrx_word' id='word_1_450' title='bbox 773 2476 875 2507; x_wconf 85' lang='lat' dir='ltr'>civilis</span> <span class='ocrx_word' id='word_1_451' title='bbox 892 2486 932 2507; x_wconf 82' lang='lat' dir='ltr'>ex</span> 
     </span>
     <span class='ocr_line' id='line_1_58' title="bbox 63 2513 932 2556; baseline 0.002 -9"><span class='ocrx_word' id='word_1_452' title='bbox 63 2523 174 2556; x_wconf 88' lang='lat' dir='ltr'>empto</span> <span class='ocrx_word' id='word_1_453' title='bbox 190 2515 298 2546; x_wconf 70' lang='lat' dir='ltr'>aftio‘?</span> <span class='ocrx_word' id='word_1_454' title='bbox 323 2513 422 2556; x_wconf 83' lang='lat' dir='ltr'>Quod</span> <span class='ocrx_word' id='word_1_455' title='bbox 445 2516 484 2546; x_wconf 89' lang='lat' dir='ltr'>ad</span> <span class='ocrx_word' id='word_1_456' title='bbox 501 2515 640 2555; x_wconf 85' lang='lat' dir='ltr'>priorem</span> <span class='ocrx_word' id='word_1_457' title='bbox 661 2515 869 2556; x_wconf 71' lang='lat' dir='ltr'>quaestionem</span> <span class='ocrx_word' id='word_1_458' title='bbox 889 2525 932 2549; x_wconf 85' lang='lat' dir='ltr'>at-</span> 
     </span>
     <span class='ocr_line' id='line_1_59' title="bbox 63 2555 933 2598; baseline 0.002 -10"><span class='ocrx_word' id='word_1_459' title='bbox 63 2557 161 2593; x_wconf 72' lang='lat' dir='ltr'>tinet:</span> <span class='ocrx_word' id='word_1_460' title='bbox 184 2565 279 2598; x_wconf 84' lang='lat' dir='ltr'>negat</span> <span class='ocrx_word' id='word_1_461' title='bbox 303 2555 477 2595; x_wconf 85' lang='lat' dir='ltr'>Ulpianus,</span> <span class='ocrx_word' id='word_1_462' title='bbox 502 2558 641 2597; x_wconf 83' lang='lat' dir='ltr'>emptori</span> <span class='ocrx_word' id='word_1_463' title='bbox 665 2567 705 2589; x_wconf 88' lang='lat' dir='ltr'>ex</span> <span class='ocrx_word' id='word_1_464' title='bbox 730 2558 877 2590; x_wconf 84' lang='lat' dir='ltr'>AEdilitio</span> <span class='ocrx_word' id='word_1_465' title='bbox 896 2559 933 2590; x_wconf 68' lang='lat'>13-</span> 
     </span>
     <span class='ocr_line' id='line_1_60' title="bbox 64 2597 931 2632; baseline 0.005 -4"><span class='ocrx_word' id='word_1_466' title='bbox 64 2597 149 2629; x_wconf 68' lang='lat' dir='ltr'>difto</span> <span class='ocrx_word' id='word_1_467' title='bbox 166 2597 301 2629; x_wconf 89' lang='lat' dir='ltr'>concedi</span> <span class='ocrx_word' id='word_1_468' title='bbox 320 2597 477 2629; x_wconf 72' lang='lat' dir='ltr'>afflonem</span> <span class='ocrx_word' id='word_1_469' title='bbox 488 2598 527 2629; x_wconf 86' lang='lat' dir='ltr'>ad</span> <span class='ocrx_word' id='word_1_470' title='bbox 543 2598 776 2631; x_wconf 81' lang='lat' dir='ltr'>redhibendum</span> <span class='ocrx_word' id='word_1_471' title='bbox 787 2601 816 2631; x_wconf 65' lang='grc' dir='ltr'><strong>ἃ</strong></span> <span class='ocrx_word' id='word_1_472' title='bbox 826 2600 931 2632; x_wconf 72' lang='lat' dir='ltr'>reae:</span> 
     </span>
     <span class='ocr_line' id='line_1_61' title="bbox 63 2638 934 2680; baseline 0.003 -11"><span class='ocrx_word' id='word_1_473' title='bbox 63 2640 135 2678; x_wconf 86' lang='lat' dir='ltr'>quia</span> <span class='ocrx_word' id='word_1_474' title='bbox 150 2639 263 2670; x_wconf 88' lang='lat' dir='ltr'>mulier</span> <span class='ocrx_word' id='word_1_475' title='bbox 279 2638 335 2669; x_wconf 79' lang='lat' dir='ltr'>etii</span> <span class='ocrx_word' id='word_1_476' title='bbox 351 2640 441 2679; x_wconf 86' lang='lat' dir='ltr'>virgo</span> <span class='ocrx_word' id='word_1_477' title='bbox 459 2648 524 2670; x_wconf 89' lang='lat' dir='ltr'>non</span> <span class='ocrx_word' id='word_1_478' title='bbox 541 2639 595 2680; x_wconf 81' lang='lat' dir='ltr'>sit,</span> <span class='ocrx_word' id='word_1_479' title='bbox 616 2648 721 2672; x_wconf 85' lang='lat' dir='ltr'>tamen</span> <span class='ocrx_word' id='word_1_480' title='bbox 742 2650 804 2673; x_wconf 87' lang='lat' dir='ltr'>nec</span> <span class='ocrx_word' id='word_1_481' title='bbox 823 2641 934 2673; x_wconf 78' lang='lat' dir='ltr'>vitiosa</span> 
     </span>
     <span class='ocr_line' id='line_1_62' title="bbox 64 2678 934 2724; baseline 0.005 -14"><span class='ocrx_word' id='word_1_482' title='bbox 64 2688 118 2710; x_wconf 85' lang='lat' dir='ltr'>aut</span> <span class='ocrx_word' id='word_1_483' title='bbox 134 2679 280 2710; x_wconf 81' lang='lat' dir='ltr'>morbosa</span> <span class='ocrx_word' id='word_1_484' title='bbox 293 2678 351 2711; x_wconf 87' lang='lat' dir='ltr'>est.</span> <span class='ocrx_word' id='word_1_485' title='bbox 374 2680 440 2711; x_wconf 89' lang='lat' dir='ltr'>imo</span> <span class='ocrx_word' id='word_1_486' title='bbox 457 2679 612 2721; x_wconf 83' lang='lat' dir='ltr'>Ulpianus</span> <span class='ocrx_word' id='word_1_487' title='bbox 629 2683 646 2715; x_wconf 81' lang='lat' dir='ltr'>l.</span> <span class='ocrx_word' id='word_1_488' title='bbox 668 2692 714 2721; x_wconf 88' lang='lat'>14.</span> <span class='ocrx_word' id='word_1_489' title='bbox 738 2682 768 2724; x_wconf 81' lang='lat'>§.</span> <span class='ocrx_word' id='word_1_490' title='bbox 788 2692 815 2714; x_wconf 91' lang='lat'>1.</span> <span class='ocrx_word' id='word_1_491' title='bbox 834 2683 876 2714; x_wconf 95' lang='lat' dir='ltr'>D.</span> <span class='ocrx_word' id='word_1_492' title='bbox 896 2685 934 2714; x_wconf 38' lang='lat' dir='ltr'>&gt;lie</span> 
     </span>
     <span class='ocr_line' id='line_1_63' title="bbox 64 2719 934 2765; baseline 0.006 -15"><span class='ocrx_word' id='word_1_493' title='bbox 64 2720 199 2753; x_wconf 78' lang='lat' dir='ltr'>AEdilitio</span> <span class='ocrx_word' id='word_1_494' title='bbox 223 2719 324 2751; x_wconf 65' lang='lat' dir='ltr'>Editio</span> <span class='ocrx_word' id='word_1_495' title='bbox 341 2743 350 2759; x_wconf 91' lang='lat'><strong><em>‚</em></strong></span> <span class='ocrx_word' id='word_1_496' title='bbox 374 2721 424 2759; x_wconf 89' lang='lat' dir='ltr'>Si,</span> <span class='ocrx_word' id='word_1_497' title='bbox 448 2721 570 2762; x_wconf 86' lang='lat' dir='ltr'>inquit,</span> <span class='ocrx_word' id='word_1_498' title='bbox 593 2723 696 2754; x_wconf 84' lang='lat' dir='ltr'>mulier</span> <span class='ocrx_word' id='word_1_499' title='bbox 715 2731 872 2765; x_wconf 76' lang='lat' dir='ltr'>praegnczns</span> <span class='ocrx_word' id='word_1_500' title='bbox 886 2734 934 2755; x_wconf 84' lang='lat' dir='ltr'>ve-</span> 
     </span>
     <span class='ocr_line' id='line_1_64' title="bbox 65 2760 931 2805; baseline 0.006 -14"><span class='ocrx_word' id='word_1_501' title='bbox 65 2762 171 2800; x_wconf 76' lang='lat' dir='ltr'>nierit,</span> <span class='ocrx_word' id='word_1_502' title='bbox 194 2762 270 2792; x_wconf 80' lang='lat' dir='ltr'>inter</span> <span class='ocrx_word' id='word_1_503' title='bbox 285 2771 378 2792; x_wconf 84' lang='lat' dir='ltr'>omnes</span> <span class='ocrx_word' id='word_1_504' title='bbox 393 2760 520 2802; x_wconf 78' lang='lat' dir='ltr'>constat,</span> <span class='ocrx_word' id='word_1_505' title='bbox 537 2764 647 2803; x_wconf 85' lang='lat' dir='ltr'>sanam</span> <span class='ocrx_word' id='word_1_506' title='bbox 669 2775 731 2796; x_wconf 79' lang='lat' dir='ltr'>eam</span> <span class='ocrx_word' id='word_1_507' title='bbox 747 2767 807 2805; x_wconf 76' lang='lat' dir='ltr'>effe.</span> <span class='ocrx_word' id='word_1_508' title='bbox 853 2765 931 2797; x_wconf 90' lang='lat' dir='ltr'>Non</span> 
     </span>
     <span class='ocr_line' id='line_1_65' title="bbox 63 2802 932 2843; baseline 0.005 -9"><span class='ocrx_word' id='word_1_509' title='bbox 63 2804 160 2843; x_wconf 75' lang='lat' dir='ltr'>igitur</span> <span class='ocrx_word' id='word_1_510' title='bbox 184 2802 380 2842; x_wconf 88' lang='lat' dir='ltr'>permittitur</span> <span class='ocrx_word' id='word_1_511' title='bbox 396 2802 490 2834; x_wconf 90' lang='lat' dir='ltr'>Titio</span> <span class='ocrx_word' id='word_1_512' title='bbox 507 2813 547 2836; x_wconf 83' lang='lat' dir='ltr'>ex</span> <span class='ocrx_word' id='word_1_513' title='bbox 562 2805 711 2838; x_wconf 87' lang='lat' dir='ltr'>AEdilitio</span> <span class='ocrx_word' id='word_1_514' title='bbox 730 2806 846 2839; x_wconf 70' lang='lat' dir='ltr'>Edicto</span> <span class='ocrx_word' id='word_1_515' title='bbox 859 2808 932 2838; x_wconf 84' lang='lat' dir='ltr'>red-</span> 
     </span>
     <span class='ocr_line' id='line_1_66' title="bbox 48 2843 931 2889; baseline 0.006 -14"><span class='ocrx_word' id='word_1_516' title='bbox 48 2843 216 2875; x_wconf 74' lang='lat' dir='ltr'>vhibitoria</span> <span class='ocrx_word' id='word_1_517' title='bbox 238 2843 338 2874; x_wconf 70' lang='lat' dir='ltr'>aetio:</span> <span class='ocrx_word' id='word_1_518' title='bbox 362 2844 434 2884; x_wconf 86' lang='lat' dir='ltr'>quia</span> <span class='ocrx_word' id='word_1_519' title='bbox 458 2845 490 2876; x_wconf 90' lang='lat' dir='ltr'>id</span> <span class='ocrx_word' id='word_1_520' title='bbox 512 2844 660 2879; x_wconf 74' lang='lat' dir='ltr'>Edietum</span> <span class='ocrx_word' id='word_1_521' title='bbox 680 2848 764 2887; x_wconf 83' lang='lat' dir='ltr'>juffit</span> <span class='ocrx_word' id='word_1_522' title='bbox 781 2849 931 2889; x_wconf 85' lang='lat' dir='ltr'>quidem,</span> 
     </span>
     <span class='ocr_line' id='line_1_67' title="bbox 66 2885 932 2925; baseline 0.005 -8"><span class='ocrx_word' id='word_1_523' title='bbox 66 2895 139 2917; x_wconf 88' lang='lat' dir='ltr'>eum</span> <span class='ocrx_word' id='word_1_524' title='bbox 157 2885 209 2925; x_wconf 89' lang='lat' dir='ltr'>qui</span> <span class='ocrx_word' id='word_1_525' title='bbox 229 2885 386 2925; x_wconf 86' lang='lat' dir='ltr'>mancipia</span> <span class='ocrx_word' id='word_1_526' title='bbox 403 2885 532 2924; x_wconf 87' lang='lat' dir='ltr'>vendit,</span> <span class='ocrx_word' id='word_1_527' title='bbox 555 2888 726 2921; x_wconf 86' lang='lat' dir='ltr'>certiorem</span> <span class='ocrx_word' id='word_1_528' title='bbox 742 2889 850 2921; x_wconf 88' lang='lat' dir='ltr'>facere</span> <span class='ocrx_word' id='word_1_529' title='bbox 869 2899 932 2921; x_wconf 88' lang='lat' dir='ltr'>em-</span> 
     </span>
     <span class='ocr_line' id='line_1_68' title="bbox 48 2919 936 2970; baseline 0.005 -12"><span class='ocrx_word' id='word_1_530' title='bbox 48 2919 192 2967; x_wconf 79' lang='lat' dir='ltr'>‘ptorem</span> <span class='ocrx_word' id='word_1_531' title='bbox 209 2949 218 2963; x_wconf 94' lang='lat'><strong><em>‚</em></strong></span> <span class='ocrx_word' id='word_1_532' title='bbox 242 2925 319 2965; x_wconf 87' lang='lat' dir='ltr'>quid</span> <span class='ocrx_word' id='word_1_533' title='bbox 343 2926 446 2957; x_wconf 84' lang='lat' dir='ltr'>morbi</span> <span class='ocrx_word' id='word_1_534' title='bbox 470 2927 581 2958; x_wconf 85' lang='lat' dir='ltr'>vitiive</span> <span class='ocrx_word' id='word_1_535' title='bbox 603 2930 718 2970; x_wconf 82' lang='lat' dir='ltr'>cuique</span> <span class='ocrx_word' id='word_1_536' title='bbox 742 2930 796 2962; x_wconf 80' lang='lat' dir='ltr'>iit:</span> <span class='ocrx_word' id='word_1_537' title='bbox 822 2930 873 2962; x_wconf 84' lang='lat' dir='ltr'>sed</span> <span class='ocrx_word' id='word_1_538' title='bbox 895 2931 936 2962; x_wconf 86' lang='lat' dir='ltr'>de</span> 
     </span>
     <span class='ocr_line' id='line_1_69' title="bbox 63 2966 935 3012; baseline 0.005 -12"><span class='ocrx_word' id='word_1_539' title='bbox 63 2968 173 3009; x_wconf 89' lang='lat' dir='ltr'>stupro</span> <span class='ocrx_word' id='word_1_540' title='bbox 193 2967 366 2999; x_wconf 86' lang='lat' dir='ltr'>certiorem</span> <span class='ocrx_word' id='word_1_541' title='bbox 380 2966 488 2998; x_wconf 79' lang='lat' dir='ltr'>facere</span> <span class='ocrx_word' id='word_1_542' title='bbox 503 2977 683 3008; x_wconf 85' lang='lat' dir='ltr'>emptorem</span> <span class='ocrx_word' id='word_1_543' title='bbox 700 2980 763 3003; x_wconf 81' lang='lat' dir='ltr'>non</span> <span class='ocrx_word' id='word_1_544' title='bbox 777 2972 859 3012; x_wconf 78' lang='lat' dir='ltr'>Juflit</span> <span class='ocrx_word' id='word_1_545' title='bbox 875 2972 894 3002; x_wconf 90' lang='lat' dir='ltr'>l.</span> <span class='ocrx_word' id='word_1_546' title='bbox 910 2981 935 3004; x_wconf 90' lang='lat'>1.</span> 
     </span>
     <span class='ocr_line' id='line_1_70' title="bbox 51 3007 935 3053; baseline 0.005 -12"><span class='ocrx_word' id='word_1_547' title='bbox 51 3009 94 3051; x_wconf 80' lang='lat'>.§.</span> <span class='ocrx_word' id='word_1_548' title='bbox 114 3018 139 3041; x_wconf 92' lang='lat'>1.</span> <span class='ocrx_word' id='word_1_549' title='bbox 164 3009 207 3040; x_wconf 86' lang='lat' dir='ltr'>D.</span> <span class='ocrx_word' id='word_1_550' title='bbox 233 3009 292 3040; x_wconf 79' lang='lat' dir='ltr'>eod.</span> <span class='ocrx_word' id='word_1_551' title='bbox 317 3009 361 3039; x_wconf 77' lang='lat' dir='ltr'>tit.</span> <span class='ocrx_word' id='word_1_552' title='bbox 392 3007 535 3040; x_wconf 88' lang='lat' dir='ltr'>Tantum</span> <span class='ocrx_word' id='word_1_553' title='bbox 560 3010 599 3041; x_wconf 87' lang='lat' dir='ltr'>de</span> <span class='ocrx_word' id='word_1_554' title='bbox 625 3012 731 3051; x_wconf 86' lang='lat' dir='ltr'>priore</span> <span class='ocrx_word' id='word_1_555' title='bbox 749 3013 935 3053; x_wconf 75' lang='lat' dir='ltr'>quaestione.</span> 
     </span>
     <span class='ocr_line' id='line_1_71' title="bbox 65 3048 935 3094; baseline 0.005 -12"><span class='ocrx_word' id='word_1_556' title='bbox 65 3051 174 3082; x_wconf 76' lang='lat' dir='ltr'>Altera</span> <span class='ocrx_word' id='word_1_557' title='bbox 200 3050 264 3089; x_wconf 89' lang='lat' dir='ltr'>est,</span> <span class='ocrx_word' id='word_1_558' title='bbox 288 3059 326 3081; x_wconf 92' lang='lat' dir='ltr'>an</span> <span class='ocrx_word' id='word_1_559' title='bbox 349 3048 442 3081; x_wconf 90' lang='lat' dir='ltr'>Titio</span> <span class='ocrx_word' id='word_1_560' title='bbox 466 3059 631 3090; x_wconf 86' lang='lat' dir='ltr'>competat</span> <span class='ocrx_word' id='word_1_561' title='bbox 649 3054 749 3086; x_wconf 86' lang='lat' dir='ltr'>civilis</span> <span class='ocrx_word' id='word_1_562' title='bbox 767 3064 808 3085; x_wconf 84' lang='lat' dir='ltr'>ex</span> <span class='ocrx_word' id='word_1_563' title='bbox 824 3064 935 3094; x_wconf 86' lang='lat' dir='ltr'>empto</span> 
     </span>
     <span class='ocr_line' id='line_1_72' title="bbox 65 3090 937 3136; baseline 0.003 -12"><span class='ocrx_word' id='word_1_564' title='bbox 65 3091 176 3124; x_wconf 65' lang='lat' dir='ltr'>aetio?</span> <span class='ocrx_word' id='word_1_565' title='bbox 208 3091 296 3132; x_wconf 85' lang='lat' dir='ltr'>quod</span> <span class='ocrx_word' id='word_1_566' title='bbox 321 3091 418 3131; x_wconf 85' lang='lat' dir='ltr'>magis</span> <span class='ocrx_word' id='word_1_567' title='bbox 443 3090 524 3130; x_wconf 83' lang='lat' dir='ltr'>effe,</span> <span class='ocrx_word' id='word_1_568' title='bbox 549 3090 701 3133; x_wconf 86' lang='lat' dir='ltr'>Ulpianus</span> <span class='ocrx_word' id='word_1_569' title='bbox 726 3103 828 3136; x_wconf 83' lang='lat' dir='ltr'>putat.</span> <span class='ocrx_word' id='word_1_570' title='bbox 855 3095 937 3128; x_wconf 79' lang='lat' dir='ltr'>&#39;scili—</span> 
     </span>
     <span class='ocr_line' id='line_1_73' title="bbox 51 3132 937 3177; baseline 0.007 -14"><span class='ocrx_word' id='word_1_571' title='bbox 51 3140 119 3164; x_wconf 88' lang='lat' dir='ltr'>·cet</span> <span class='ocrx_word' id='word_1_572' title='bbox 137 3155 146 3170; x_wconf 85' lang='lat'><strong>‚</strong></span> <span class='ocrx_word' id='word_1_573' title='bbox 177 3134 250 3174; x_wconf 90' lang='lat' dir='ltr'>quia</span> <span class='ocrx_word' id='word_1_574' title='bbox 277 3132 483 3173; x_wconf 84' lang='lat' dir='ltr'>Sempronius</span> <span class='ocrx_word' id='word_1_575' title='bbox 506 3133 533 3164; x_wconf 91' lang='lat' dir='ltr'>ei</span> <span class='ocrx_word' id='word_1_576' title='bbox 558 3142 617 3173; x_wconf 86' lang='lat' dir='ltr'>pro</span> <span class='ocrx_word' id='word_1_577' title='bbox 642 3136 764 3177; x_wconf 86' lang='lat' dir='ltr'>virgine</span> <span class='ocrx_word' id='word_1_578' title='bbox 790 3137 937 3169; x_wconf 83' lang='lat' dir='ltr'>vendidit</span> 
     </span>
     <span class='ocr_line' id='line_1_74' title="bbox 67 3172 932 3215; baseline 0.006 -9"><span class='ocrx_word' id='word_1_579' title='bbox 67 3174 211 3206; x_wconf 83' lang='lat' dir='ltr'>ancillam</span> <span class='ocrx_word' id='word_1_580' title='bbox 236 3183 330 3215; x_wconf 84' lang='lat' dir='ltr'>quam</span> <span class='ocrx_word' id='word_1_581' title='bbox 355 3172 472 3205; x_wconf 83' lang='lat' dir='ltr'>sciebat</span> <span class='ocrx_word' id='word_1_582' title='bbox 498 3175 664 3208; x_wconf 87' lang='lat' dir='ltr'>mulierem</span> <span class='ocrx_word' id='word_1_583' title='bbox 689 3177 769 3209; x_wconf 86' lang='lat' dir='ltr'>esse:</span> <span class='ocrx_word' id='word_1_584' title='bbox 793 3187 866 3210; x_wconf 90' lang='lat' dir='ltr'>cum</span> <span class='ocrx_word' id='word_1_585' title='bbox 886 3180 932 3211; x_wconf 90' lang='lat' dir='ltr'>in-</span> 
     </span>
     <span class='ocr_line' id='line_1_75' title="bbox 63 3215 930 3291; baseline 0.013 -47"><span class='ocrx_word' id='word_1_586' title='bbox 63 3215 242 3291; x_wconf 40' lang='lat' dir='ltr'>tellligeress,</span> <span class='ocrx_word' id='word_1_587' title='bbox 261 3225 333 3252; x_wconf 87' lang='lat' dir='ltr'>eum</span> <span class='ocrx_word' id='word_1_588' title='bbox 347 3225 414 3250; x_wconf 84' lang='lat' dir='ltr'>non</span> <span class='ocrx_word' id='word_1_589' title='bbox 431 3216 617 3258; x_wconf 82' lang='lat' dir='ltr'>mulierem,</span> <span class='ocrx_word' id='word_1_590' title='bbox 634 3216 687 3252; x_wconf 87' lang='lat' dir='ltr'>sed</span> <span class='ocrx_word' id='word_1_591' title='bbox 703 3219 858 3261; x_wconf 84' lang='lat' dir='ltr'>virginem</span> <span class='ocrx_word' id='word_1_592' title='bbox 877 3230 930 3255; x_wconf 88' lang='lat' dir='ltr'>cu-</span> 
     </span>
     <span class='ocr_line' id='line_1_76' title="bbox 128 3266 232 3290; baseline 0 -1"><span class='ocrx_word' id='word_1_593' title='bbox 128 3266 182 3290; x_wconf 86' lang='lat' dir='ltr'>om.</span> <span class='ocrx_word' id='word_1_594' title='bbox 224 3279 232 3289; x_wconf 88' lang='lat'><em>.</em></span> 
     </span>
    </p>
   </div>
   <div class='ocr_carea' id='block_1_3' title="bbox 1785 123 1856 158">
    <p class='ocr_par' dir='ltr' id='par_1_3' title="bbox 1785 123 1856 158">
     <span class='ocr_line' id='line_1_77' title="bbox 1785 123 1856 158; baseline -0.014 0"><span class='ocrx_word' id='word_1_595' title='bbox 1785 123 1856 158; x_wconf 79' lang='lat'>305</span> 
     </span>
    </p>
   </div>
   <div class='ocr_carea' id='block_1_4' title="bbox 972 194 1859 2604">
    <p class='ocr_par' dir='ltr' id='par_1_4' title="bbox 977 194 1859 1399">
     <span class='ocr_line' id='line_1_78' title="bbox 981 194 1856 239; baseline 0.01 -14"><span class='ocrx_word' id='word_1_596' title='bbox 981 202 1078 234; x_wconf 88' lang='lat' dir='ltr'>pere:</span> <span class='ocrx_word' id='word_1_597' title='bbox 1108 194 1313 239; x_wconf 81' lang='lat' dir='ltr'>Sempronius</span> <span class='ocrx_word' id='word_1_598' title='bbox 1339 207 1429 231; x_wconf 87' lang='lat' dir='ltr'>certe</span> <span class='ocrx_word' id='word_1_599' title='bbox 1456 199 1598 232; x_wconf 84' lang='lat' dir='ltr'>vitiatam</span> <span class='ocrx_word' id='word_1_600' title='bbox 1623 196 1685 233; x_wconf 82' lang='lat' dir='ltr'>effe</span> <span class='ocrx_word' id='word_1_601' title='bbox 1710 200 1856 235; x_wconf 87' lang='lat' dir='ltr'>ancillam</span> 
     </span>
     <span class='ocr_line' id='line_1_79' title="bbox 983 236 1855 285; baseline 0.011 -19"><span class='ocrx_word' id='word_1_602' title='bbox 983 236 1205 279; x_wconf 78' lang='lat' dir='ltr'>diffimulavit3</span> <span class='ocrx_word' id='word_1_603' title='bbox 1230 241 1276 278; x_wconf 71' lang='grc' dir='ltr'>ἃ,</span> <span class='ocrx_word' id='word_1_604' title='bbox 1304 248 1335 271; x_wconf 88' lang='lat' dir='ltr'>ut</span> <span class='ocrx_word' id='word_1_605' title='bbox 1356 240 1509 282; x_wconf 78' lang='lat' dir='ltr'>Ulpianus</span> <span class='ocrx_word' id='word_1_606' title='bbox 1527 246 1553 274; x_wconf 80' lang='lat' dir='ltr'>d.</span> <span class='ocrx_word' id='word_1_607' title='bbox 1577 242 1596 273; x_wconf 89' lang='lat' dir='ltr'>l.</span> <span class='ocrx_word' id='word_1_608' title='bbox 1619 251 1665 275; x_wconf 87' lang='lat'>11.</span> <span class='ocrx_word' id='word_1_609' title='bbox 1688 242 1717 285; x_wconf 61' lang='grc' dir='ltr'>ἕ.</span> <span class='ocrx_word' id='word_1_610' title='bbox 1741 254 1769 284; x_wconf 81' lang='lat'>5.</span> <span class='ocrx_word' id='word_1_611' title='bbox 1794 243 1855 283; x_wconf 86' lang='lat' dir='ltr'>ait,</span> 
     </span>
     <span class='ocr_line' id='line_1_80' title="bbox 983 276 1855 325; baseline 0.011 -18"><span class='ocrx_word' id='word_1_612' title='bbox 983 276 1082 309; x_wconf 82' lang='lat' dir='ltr'>sciens</span> <span class='ocrx_word' id='word_1_613' title='bbox 1102 288 1205 312; x_wconf 88' lang='lat' dir='ltr'>errare</span> <span class='ocrx_word' id='word_1_614' title='bbox 1222 291 1292 313; x_wconf 87' lang='lat' dir='ltr'>eum</span> <span class='ocrx_word' id='word_1_615' title='bbox 1311 283 1410 322; x_wconf 79' lang='lat' dir='ltr'>palliis</span> <span class='ocrx_word' id='word_1_616' title='bbox 1422 282 1476 315; x_wconf 81' lang='lat' dir='ltr'>est.</span> <span class='ocrx_word' id='word_1_617' title='bbox 1494 285 1644 325; x_wconf 64' lang='lat' dir='ltr'>praeclare</span> <span class='ocrx_word' id='word_1_618' title='bbox 1661 294 1766 317; x_wconf 90' lang='lat' dir='ltr'>autem</span> <span class='ocrx_word' id='word_1_619' title='bbox 1780 283 1855 317; x_wconf 77' lang='lat' dir='ltr'>Flo-</span> 
     </span>
     <span class='ocr_line' id='line_1_81' title="bbox 981 321 1852 368; baseline 0.008 -18"><span class='ocrx_word' id='word_1_620' title='bbox 981 322 1123 351; x_wconf 85' lang='lat' dir='ltr'>rentinus</span> <span class='ocrx_word' id='word_1_621' title='bbox 1147 321 1166 352; x_wconf 89' lang='lat' dir='ltr'>l.</span> <span class='ocrx_word' id='word_1_622' title='bbox 1188 333 1236 363; x_wconf 74' lang='lat'>43.</span> <span class='ocrx_word' id='word_1_623' title='bbox 1261 323 1289 365; x_wconf 51' lang='grc' dir='ltr'>ᾗ.</span> <span class='ocrx_word' id='word_1_624' title='bbox 1314 335 1342 355; x_wconf 85' lang='lat'>2.</span> <span class='ocrx_word' id='word_1_625' title='bbox 1368 323 1409 355; x_wconf 90' lang='lat' dir='ltr'>D.</span> <span class='ocrx_word' id='word_1_626' title='bbox 1439 327 1472 356; x_wconf 77' lang='lat' dir='ltr'>de</span> <span class='ocrx_word' id='word_1_627' title='bbox 1489 326 1682 359; x_wconf 77' lang='lat' dir='ltr'>contrahenda</span> <span class='ocrx_word' id='word_1_628' title='bbox 1698 328 1852 368; x_wconf 74' lang='lat' dir='ltr'>emptione,</span> 
     </span>
     <span class='ocr_line' id='line_1_82' title="bbox 981 361 1852 409; baseline 0.009 -17"><span class='ocrx_word' id='word_1_629' title='bbox 981 361 1091 392; x_wconf 82' lang='lat' dir='ltr'>Dolum</span> <span class='ocrx_word' id='word_1_630' title='bbox 1114 364 1240 402; x_wconf 74' lang='lat' dir='ltr'>malum,</span> <span class='ocrx_word' id='word_1_631' title='bbox 1265 368 1385 405; x_wconf 81' lang='lat' dir='ltr'>inquit,</span> <span class='ocrx_word' id='word_1_632' title='bbox 1408 376 1426 397; x_wconf 83' lang='lat' dir='ltr'>a</span> <span class='ocrx_word' id='word_1_633' title='bbox 1448 373 1475 402; x_wconf 73' lang='lat' dir='ltr'>le</span> <span class='ocrx_word' id='word_1_634' title='bbox 1498 367 1585 408; x_wconf 83' lang='lat' dir='ltr'>abeffe</span> <span class='ocrx_word' id='word_1_635' title='bbox 1596 366 1733 409; x_wconf 76' lang='lat' dir='ltr'>praestare</span> <span class='ocrx_word' id='word_1_636' title='bbox 1748 369 1852 399; x_wconf 80' lang='lat' dir='ltr'>vendi-</span> 
     </span>
     <span class='ocr_line' id='line_1_83' title="bbox 981 405 1852 451; baseline 0.011 -19"><span class='ocrx_word' id='word_1_637' title='bbox 981 408 1025 434; x_wconf 82' lang='lat' dir='ltr'>tor</span> <span class='ocrx_word' id='word_1_638' title='bbox 1040 405 1136 434; x_wconf 74' lang='lat' dir='ltr'>debet.-</span> <span class='ocrx_word' id='word_1_639' title='bbox 1155 406 1183 436; x_wconf 66' lang='grc' dir='ltr'>ἀ</span> <span class='ocrx_word' id='word_1_640' title='bbox 1201 415 1272 438; x_wconf 67' lang='grc' dir='ltr'>σου]</span> <span class='ocrx_word' id='word_1_641' title='bbox 1290 409 1385 447; x_wconf 75' lang='lat' dir='ltr'>quaeri</span> <span class='ocrx_word' id='word_1_642' title='bbox 1404 409 1497 447; x_wconf 79' lang='lat' dir='ltr'>poffic</span> <span class='ocrx_word' id='word_1_643' title='bbox 1514 409 1579 449; x_wconf 87' lang='lat' dir='ltr'>ejus</span> <span class='ocrx_word' id='word_1_644' title='bbox 1595 412 1778 451; x_wconf 80' lang='lat' dir='ltr'>exemplum</span> <span class='ocrx_word' id='word_1_645' title='bbox 1795 411 1852 441; x_wconf 91' lang='lat' dir='ltr'>do-</span> 
     </span>
     <span class='ocr_line' id='line_1_84' title="bbox 982 444 1853 493; baseline 0.008 -18"><span class='ocrx_word' id='word_1_646' title='bbox 982 444 1022 476; x_wconf 91' lang='lat' dir='ltr'>li:</span> <span class='ocrx_word' id='word_1_647' title='bbox 1046 445 1108 476; x_wconf 77' lang='lat' dir='ltr'>css&#39;c</span> <span class='ocrx_word' id='word_1_648' title='bbox 1133 447 1175 477; x_wconf 87' lang='lat' dir='ltr'>ait</span> <span class='ocrx_word' id='word_1_649' title='bbox 1202 457 1231 478; x_wconf 83' lang='lat' dir='ltr'>in</span> <span class='ocrx_word' id='word_1_650' title='bbox 1261 458 1301 479; x_wconf 84' lang='lat' dir='ltr'>co</span> <span class='ocrx_word' id='word_1_651' title='bbox 1323 451 1374 490; x_wconf 82' lang='lat' dir='ltr'>qui</span> <span class='ocrx_word' id='word_1_652' title='bbox 1388 449 1517 488; x_wconf 75' lang='lat' dir='ltr'>fallendi</span> <span class='ocrx_word' id='word_1_653' title='bbox 1533 452 1621 491; x_wconf 66' lang='lat' dir='ltr'>caula</span> <span class='ocrx_word' id='word_1_654' title='bbox 1636 454 1748 492; x_wconf 77' lang='lat' dir='ltr'>obscure</span> <span class='ocrx_word' id='word_1_655' title='bbox 1763 451 1853 493; x_wconf 76' lang='lat' dir='ltr'>loqui-</span> 
     </span>
     <span class='ocr_line' id='line_1_85' title="bbox 981 488 1851 534; baseline 0.01 -18"><span class='ocrx_word' id='word_1_656' title='bbox 981 492 1050 523; x_wconf 79' lang='lat' dir='ltr'>tur3</span> <span class='ocrx_word' id='word_1_657' title='bbox 1074 495 1127 518; x_wconf 86' lang='lat' dir='ltr'>aut</span> <span class='ocrx_word' id='word_1_658' title='bbox 1151 490 1202 528; x_wconf 83' lang='lat' dir='ltr'>qui</span> <span class='ocrx_word' id='word_1_659' title='bbox 1219 488 1348 525; x_wconf 67' lang='lat' dir='ltr'>insidiose</span> <span class='ocrx_word' id='word_1_660' title='bbox 1366 494 1479 530; x_wconf 72' lang='lat' dir='ltr'>obscure</span> <span class='ocrx_word' id='word_1_661' title='bbox 1498 491 1663 532; x_wconf 75' lang='lat' dir='ltr'>diffimulctt.</span> <span class='ocrx_word' id='word_1_662' title='bbox 1708 493 1851 534; x_wconf 81' lang='lat' dir='ltr'>Decepit</span> 
     </span>
     <span class='ocr_line' id='line_1_86' title="bbox 979 530 1852 570; baseline 0.009 -11"><span class='ocrx_word' id='word_1_663' title='bbox 979 531 1074 569; x_wconf 83' lang='lat' dir='ltr'>igitur</span> <span class='ocrx_word' id='word_1_664' title='bbox 1090 530 1297 570; x_wconf 80' lang='lat' dir='ltr'>Sempronius</span> <span class='ocrx_word' id='word_1_665' title='bbox 1316 530 1441 564; x_wconf 84' lang='lat' dir='ltr'>Titium</span> <span class='ocrx_word' id='word_1_666' title='bbox 1468 533 1546 564; x_wconf 93' lang='lat' dir='ltr'>dolo</span> <span class='ocrx_word' id='word_1_667' title='bbox 1563 535 1647 565; x_wconf 89' lang='lat' dir='ltr'>malo</span> <span class='ocrx_word' id='word_1_668' title='bbox 1666 542 1777 567; x_wconf 89' lang='lat' dir='ltr'>contra</span> <span class='ocrx_word' id='word_1_669' title='bbox 1793 536 1852 567; x_wconf 87' lang='lat' dir='ltr'>bo-</span> 
     </span>
     <span class='ocr_line' id='line_1_87' title="bbox 980 569 1854 614; baseline 0.008 -13"><span class='ocrx_word' id='word_1_670' title='bbox 980 579 1052 602; x_wconf 90' lang='lat' dir='ltr'>nam</span> <span class='ocrx_word' id='word_1_671' title='bbox 1071 569 1164 602; x_wconf 80' lang='lat' dir='ltr'>fidem</span> <span class='ocrx_word' id='word_1_672' title='bbox 1184 581 1253 612; x_wconf 66' lang='lat' dir='ltr'>quae</span> <span class='ocrx_word' id='word_1_673' title='bbox 1272 574 1302 604; x_wconf 88' lang='lat' dir='ltr'>in</span> <span class='ocrx_word' id='word_1_674' title='bbox 1317 575 1482 614; x_wconf 85' lang='lat' dir='ltr'>emptione</span> <span class='ocrx_word' id='word_1_675' title='bbox 1498 576 1527 606; x_wconf 88' lang='lat'>&amp;</span> <span class='ocrx_word' id='word_1_676' title='bbox 1547 577 1736 609; x_wconf 85' lang='lat' dir='ltr'>venditione</span> <span class='ocrx_word' id='word_1_677' title='bbox 1752 576 1854 608; x_wconf 86' lang='lat' dir='ltr'>maxi-</span> 
     </span>
     <span class='ocr_line' id='line_1_88' title="bbox 981 614 1851 656; baseline 0.009 -14"><span class='ocrx_word' id='word_1_678' title='bbox 981 621 1031 643; x_wconf 89' lang='lat' dir='ltr'>me</span> <span class='ocrx_word' id='word_1_679' title='bbox 1056 614 1213 654; x_wconf 78' lang='lat' dir='ltr'>exigitur:</span> <span class='ocrx_word' id='word_1_680' title='bbox 1236 616 1382 656; x_wconf 85' lang='lat' dir='ltr'>eritque,</span> <span class='ocrx_word' id='word_1_681' title='bbox 1407 624 1439 647; x_wconf 89' lang='lat' dir='ltr'>ut</span> <span class='ocrx_word' id='word_1_682' title='bbox 1464 615 1504 647; x_wconf 94' lang='lat' dir='ltr'>Ul</span> <span class='ocrx_word' id='word_1_683' title='bbox 1533 616 1620 648; x_wconf 86' lang='lat' dir='ltr'>ianus</span> <span class='ocrx_word' id='word_1_684' title='bbox 1643 618 1686 649; x_wconf 88' lang='lat' dir='ltr'>ait</span> <span class='ocrx_word' id='word_1_685' title='bbox 1703 619 1730 650; x_wconf 85' lang='lat' dir='ltr'>d.</span> <span class='ocrx_word' id='word_1_686' title='bbox 1754 618 1773 649; x_wconf 86' lang='lat' dir='ltr'>l.</span> <span class='ocrx_word' id='word_1_687' title='bbox 1802 625 1851 652; x_wconf 86' lang='lat'>11.</span> 
     </span>
     <span class='ocr_line' id='line_1_89' title="bbox 979 653 1851 697; baseline 0.009 -14"><span class='ocrx_word' id='word_1_688' title='bbox 979 653 1008 694; x_wconf 85' lang='lat'>§.</span> <span class='ocrx_word' id='word_1_689' title='bbox 1025 664 1055 693; x_wconf 76' lang='lat'>5.</span> <span class='ocrx_word' id='word_1_690' title='bbox 1079 654 1104 684; x_wconf 86' lang='lat' dir='ltr'>is</span> <span class='ocrx_word' id='word_1_691' title='bbox 1129 655 1158 685; x_wconf 91' lang='lat' dir='ltr'>in</span> <span class='ocrx_word' id='word_1_692' title='bbox 1179 654 1265 687; x_wconf 84' lang='lat' dir='ltr'>Foro</span> <span class='ocrx_word' id='word_1_693' title='bbox 1289 658 1413 697; x_wconf 81' lang='lat' dir='ltr'>exitus;</span> <span class='ocrx_word' id='word_1_694' title='bbox 1437 665 1470 689; x_wconf 84' lang='lat' dir='ltr'>ut</span> <span class='ocrx_word' id='word_1_695' title='bbox 1526 658 1583 690; x_wconf 92' lang='lat' dir='ltr'>itio</span> <span class='ocrx_word' id='word_1_696' title='bbox 1601 658 1746 691; x_wconf 83' lang='lat' dir='ltr'>adversus</span> <span class='ocrx_word' id='word_1_697' title='bbox 1763 659 1851 691; x_wconf 88' lang='lat' dir='ltr'>Sem-</span> 
     </span>
     <span class='ocr_line' id='line_1_90' title="bbox 979 696 1850 739; baseline 0.008 -14"><span class='ocrx_word' id='word_1_698' title='bbox 979 696 1127 735; x_wconf 88' lang='lat' dir='ltr'>pronium</span> <span class='ocrx_word' id='word_1_699' title='bbox 1152 697 1245 728; x_wconf 87' lang='lat' dir='ltr'>detur</span> <span class='ocrx_word' id='word_1_700' title='bbox 1269 708 1308 729; x_wconf 86' lang='lat' dir='ltr'>ex</span> <span class='ocrx_word' id='word_1_701' title='bbox 1335 707 1447 739; x_wconf 90' lang='lat' dir='ltr'>empto</span> <span class='ocrx_word' id='word_1_702' title='bbox 1471 699 1556 731; x_wconf 67' lang='lat' dir='ltr'>aetio</span> <span class='ocrx_word' id='word_1_703' title='bbox 1583 701 1621 731; x_wconf 89' lang='lat' dir='ltr'>ad</span> <span class='ocrx_word' id='word_1_704' title='bbox 1645 700 1727 739; x_wconf 89' lang='lat' dir='ltr'>hoc,</span> <span class='ocrx_word' id='word_1_705' title='bbox 1754 708 1788 732; x_wconf 89' lang='lat' dir='ltr'>ut</span> <span class='ocrx_word' id='word_1_706' title='bbox 1813 710 1850 732; x_wconf 84' lang='lat' dir='ltr'>ea</span> 
     </span>
     <span class='ocr_line' id='line_1_91' title="bbox 979 736 1852 781; baseline 0.008 -14"><span class='ocrx_word' id='word_1_707' title='bbox 979 737 1101 775; x_wconf 82' lang='lat' dir='ltr'>emptio</span> <span class='ocrx_word' id='word_1_708' title='bbox 1118 736 1311 772; x_wconf 85' lang='lat' dir='ltr'>resolvatur:</span> <span class='ocrx_word' id='word_1_709' title='bbox 1337 741 1367 772; x_wconf 88' lang='lat' dir='ltr'>id</span> <span class='ocrx_word' id='word_1_710' title='bbox 1388 740 1452 779; x_wconf 85' lang='lat' dir='ltr'>est,</span> <span class='ocrx_word' id='word_1_711' title='bbox 1476 750 1510 772; x_wconf 91' lang='lat' dir='ltr'>ut</span> <span class='ocrx_word' id='word_1_712' title='bbox 1528 740 1637 773; x_wconf 88' lang='lat' dir='ltr'>officio</span> <span class='ocrx_word' id='word_1_713' title='bbox 1654 741 1792 781; x_wconf 84' lang='lat' dir='ltr'>Judicis‚</span> <span class='ocrx_word' id='word_1_714' title='bbox 1811 751 1852 773; x_wconf 76' lang='lat' dir='ltr'>ex</span> 
     </span>
     <span class='ocr_line' id='line_1_92' title="bbox 977 777 1851 825; baseline 0.008 -17"><span class='ocrx_word' id='word_1_715' title='bbox 977 777 1042 809; x_wconf 86' lang='lat' dir='ltr'>fide</span> <span class='ocrx_word' id='word_1_716' title='bbox 1059 778 1142 809; x_wconf 89' lang='lat' dir='ltr'>bona</span> <span class='ocrx_word' id='word_1_717' title='bbox 1158 780 1403 821; x_wconf 85' lang='lat' dir='ltr'>cognoscentis,</span> <span class='ocrx_word' id='word_1_718' title='bbox 1421 781 1575 814; x_wconf 87' lang='lat' dir='ltr'>habeatur</span> <span class='ocrx_word' id='word_1_719' title='bbox 1593 783 1676 815; x_wconf 88' lang='lat' dir='ltr'>nulla</span> <span class='ocrx_word' id='word_1_720' title='bbox 1688 782 1756 825; x_wconf 87' lang='lat' dir='ltr'>ipso</span> <span class='ocrx_word' id='word_1_721' title='bbox 1771 784 1851 822; x_wconf 88' lang='lat' dir='ltr'>jure.</span> 
     </span>
     <span class='ocr_line' id='line_1_93' title="bbox 979 819 1855 866; baseline 0.009 -18"><span class='ocrx_word' id='word_1_722' title='bbox 979 819 1022 849; x_wconf 87' lang='lat' dir='ltr'>ita</span> <span class='ocrx_word' id='word_1_723' title='bbox 1045 821 1129 850; x_wconf 87' lang='lat' dir='ltr'>enim</span> <span class='ocrx_word' id='word_1_724' title='bbox 1148 820 1212 851; x_wconf 87' lang='lat' dir='ltr'>hoc</span> <span class='ocrx_word' id='word_1_725' title='bbox 1231 823 1364 854; x_wconf 87' lang='lat' dir='ltr'>verbum</span> <span class='ocrx_word' id='word_1_726' title='bbox 1379 825 1410 855; x_wconf 90' lang='lat' dir='ltr'>in</span> <span class='ocrx_word' id='word_1_727' title='bbox 1437 824 1456 855; x_wconf 76' lang='lat' dir='ltr'>l.</span> <span class='ocrx_word' id='word_1_728' title='bbox 1479 835 1509 864; x_wconf 88' lang='lat'>5.</span> <span class='ocrx_word' id='word_1_729' title='bbox 1534 824 1568 855; x_wconf 92' lang='lat' dir='ltr'>C.</span> <span class='ocrx_word' id='word_1_730' title='bbox 1593 824 1630 859; x_wconf 75' lang='lat'>&amp;³</span> <span class='ocrx_word' id='word_1_731' title='bbox 1655 825 1675 856; x_wconf 87' lang='lat' dir='ltr'>l.</span> <span class='ocrx_word' id='word_1_732' title='bbox 1698 835 1728 866; x_wconf 82' lang='lat'>3.</span> <span class='ocrx_word' id='word_1_733' title='bbox 1752 824 1796 856; x_wconf 90' lang='lat' dir='ltr'>D.</span> <span class='ocrx_word' id='word_1_734' title='bbox 1820 826 1855 858; x_wconf 83' lang='lat' dir='ltr'>de</span> 
     </span>
     <span class='ocr_line' id='line_1_94' title="bbox 980 860 1855 905; baseline 0.009 -15"><span class='ocrx_word' id='word_1_735' title='bbox 980 860 1164 899; x_wconf 71' lang='lat' dir='ltr'>rescindenda</span> <span class='ocrx_word' id='word_1_736' title='bbox 1181 864 1344 894; x_wconf 77' lang='lat' dir='ltr'>venditione</span> <span class='ocrx_word' id='word_1_737' title='bbox 1359 865 1533 905; x_wconf 85' lang='lat' dir='ltr'>accipitur:</span> <span class='ocrx_word' id='word_1_738' title='bbox 1558 865 1609 897; x_wconf 81' lang='lat' dir='ltr'>liic</span> <span class='ocrx_word' id='word_1_739' title='bbox 1625 873 1730 898; x_wconf 83' lang='lat' dir='ltr'>autem</span> <span class='ocrx_word' id='word_1_740' title='bbox 1749 876 1789 898; x_wconf 91' lang='lat' dir='ltr'>eo</span> <span class='ocrx_word' id='word_1_741' title='bbox 1802 875 1855 898; x_wconf 91' lang='lat' dir='ltr'>ve-</span> 
     </span>
     <span class='ocr_line' id='line_1_95' title="bbox 981 902 1851 947; baseline 0.01 -16"><span class='ocrx_word' id='word_1_742' title='bbox 981 902 1065 940; x_wconf 82' lang='lat' dir='ltr'>rius;</span> <span class='ocrx_word' id='word_1_743' title='bbox 1081 904 1170 941; x_wconf 85' lang='lat' dir='ltr'>quod</span> <span class='ocrx_word' id='word_1_744' title='bbox 1188 904 1227 934; x_wconf 88' lang='lat' dir='ltr'>ab</span> <span class='ocrx_word' id='word_1_745' title='bbox 1247 903 1386 944; x_wconf 85' lang='lat' dir='ltr'>Ulpiano</span> <span class='ocrx_word' id='word_1_746' title='bbox 1399 907 1514 938; x_wconf 89' lang='lat' dir='ltr'>dicitur</span> <span class='ocrx_word' id='word_1_747' title='bbox 1529 908 1667 947; x_wconf 85' lang='lat' dir='ltr'>emptori</span> <span class='ocrx_word' id='word_1_748' title='bbox 1685 909 1750 940; x_wconf 90' lang='lat' dir='ltr'>dari</span> <span class='ocrx_word' id='word_1_749' title='bbox 1766 907 1851 940; x_wconf 68' lang='lat' dir='ltr'>estio</span> 
     </span>
     <span class='ocr_line' id='line_1_96' title="bbox 982 945 1856 988; baseline 0.008 -14"><span class='ocrx_word' id='word_1_750' title='bbox 982 952 1021 974; x_wconf 80' lang='lat' dir='ltr'>ex</span> <span class='ocrx_word' id='word_1_751' title='bbox 1046 952 1158 983; x_wconf 85' lang='lat' dir='ltr'>empto</span> <span class='ocrx_word' id='word_1_752' title='bbox 1183 945 1222 975; x_wconf 88' lang='lat' dir='ltr'>ad</span> <span class='ocrx_word' id='word_1_753' title='bbox 1254 945 1474 979; x_wconf 80' lang='lat' dir='ltr'>resolvendam</span> <span class='ocrx_word' id='word_1_754' title='bbox 1500 950 1724 988; x_wconf 86' lang='lat' dir='ltr'>emptionem:</span> <span class='ocrx_word' id='word_1_755' title='bbox 1753 950 1796 981; x_wconf 81' lang='lat' dir='ltr'>ita</span> <span class='ocrx_word' id='word_1_756' title='bbox 1818 956 1856 981; x_wconf 87' lang='lat' dir='ltr'>ut</span> 
     </span>
     <span class='ocr_line' id='line_1_97' title="bbox 982 985 1852 1024; baseline 0.01 -10"><span class='ocrx_word' id='word_1_757' title='bbox 982 985 1087 1023; x_wconf 85' lang='lat' dir='ltr'>pretio</span> <span class='ocrx_word' id='word_1_758' title='bbox 1113 985 1142 1015; x_wconf 88' lang='lat' dir='ltr'>ei</span> <span class='ocrx_word' id='word_1_759' title='bbox 1160 985 1325 1024; x_wconf 85' lang='lat' dir='ltr'>restituto,</span> <span class='ocrx_word' id='word_1_760' title='bbox 1351 989 1462 1019; x_wconf 87' lang='lat' dir='ltr'>mulier</span> <span class='ocrx_word' id='word_1_761' title='bbox 1479 991 1639 1022; x_wconf 85' lang='lat' dir='ltr'>venditori</span> <span class='ocrx_word' id='word_1_762' title='bbox 1657 990 1852 1023; x_wconf 84' lang='lat' dir='ltr'>restituatur.</span> 
     </span>
     <span class='ocr_line' id='line_1_98' title="bbox 981 1026 1859 1072; baseline 0.011 -17"><span class='ocrx_word' id='word_1_763' title='bbox 981 1033 1112 1066; x_wconf 85' lang='lat' dir='ltr'>apparet</span> <span class='ocrx_word' id='word_1_764' title='bbox 1129 1026 1224 1067; x_wconf 85' lang='lat' dir='ltr'>igitur</span> <span class='ocrx_word' id='word_1_765' title='bbox 1242 1036 1282 1058; x_wconf 80' lang='lat' dir='ltr'>ex</span> <span class='ocrx_word' id='word_1_766' title='bbox 1299 1026 1426 1069; x_wconf 89' lang='lat' dir='ltr'>Ulpiani</span> <span class='ocrx_word' id='word_1_767' title='bbox 1444 1030 1566 1070; x_wconf 85' lang='lat' dir='ltr'>verbis,</span> <span class='ocrx_word' id='word_1_768' title='bbox 1579 1031 1673 1064; x_wconf 83' lang='lat' dir='ltr'>bonae</span> <span class='ocrx_word' id='word_1_769' title='bbox 1688 1032 1764 1072; x_wconf 71' lang='lat' dir='ltr'>fidei</span> <span class='ocrx_word' id='word_1_770' title='bbox 1780 1041 1859 1065; x_wconf 87' lang='lat' dir='ltr'>con·</span> 
     </span>
     <span class='ocr_line' id='line_1_99' title="bbox 984 1067 1857 1115; baseline 0.01 -18"><span class='ocrx_word' id='word_1_771' title='bbox 984 1067 1134 1106; x_wconf 62' lang='lat' dir='ltr'>tractum,</span> <span class='ocrx_word' id='word_1_772' title='bbox 1159 1068 1290 1100; x_wconf 86' lang='lat' dir='ltr'>admisso</span> <span class='ocrx_word' id='word_1_773' title='bbox 1306 1071 1337 1100; x_wconf 91' lang='lat' dir='ltr'>in</span> <span class='ocrx_word' id='word_1_774' title='bbox 1354 1072 1577 1104; x_wconf 86' lang='lat' dir='ltr'>contrahendo</span> <span class='ocrx_word' id='word_1_775' title='bbox 1595 1074 1672 1105; x_wconf 88' lang='lat' dir='ltr'>dolo</span> <span class='ocrx_word' id='word_1_776' title='bbox 1691 1075 1793 1112; x_wconf 89' lang='lat' dir='ltr'>malo,</span> <span class='ocrx_word' id='word_1_777' title='bbox 1811 1074 1857 1115; x_wconf 64' lang='lat' dir='ltr'>ip⁶</span> 
     </span>
     <span class='ocr_line' id='line_1_100' title="bbox 981 1107 1856 1156; baseline 0.011 -18"><span class='ocrx_word' id='word_1_778' title='bbox 981 1107 1014 1138; x_wconf 84' lang='lat' dir='ltr'>so</span> <span class='ocrx_word' id='word_1_779' title='bbox 1036 1109 1105 1148; x_wconf 88' lang='lat' dir='ltr'>jure</span> <span class='ocrx_word' id='word_1_780' title='bbox 1128 1108 1190 1140; x_wconf 77' lang='lat' dir='ltr'>effe</span> <span class='ocrx_word' id='word_1_781' title='bbox 1213 1111 1333 1142; x_wconf 86' lang='lat' dir='ltr'>nullum</span> <span class='ocrx_word' id='word_1_782' title='bbox 1360 1119 1456 1152; x_wconf 82' lang='lat' dir='ltr'>atque</span> <span class='ocrx_word' id='word_1_783' title='bbox 1480 1113 1733 1154; x_wconf 68' lang='lat' dir='ltr'>imperfeftum;</span> <span class='ocrx_word' id='word_1_784' title='bbox 1757 1115 1856 1156; x_wconf 85' lang='lat' dir='ltr'>idque</span> 
     </span>
     <span class='ocr_line' id='line_1_101' title="bbox 982 1150 1859 1191; baseline 0.01 -11"><span class='ocrx_word' id='word_1_785' title='bbox 982 1150 1044 1180; x_wconf 88' lang='lat' dir='ltr'>huc</span> <span class='ocrx_word' id='word_1_786' title='bbox 1061 1151 1222 1191; x_wconf 87' lang='lat' dir='ltr'>pertinere</span> <span class='ocrx_word' id='word_1_787' title='bbox 1239 1152 1270 1183; x_wconf 91' lang='lat' dir='ltr'>in</span> <span class='ocrx_word' id='word_1_788' title='bbox 1288 1151 1374 1184; x_wconf 81' lang='lat' dir='ltr'>Foro</span> <span class='ocrx_word' id='word_1_789' title='bbox 1386 1153 1552 1187; x_wconf 85' lang='lat' dir='ltr'>Romano:</span> <span class='ocrx_word' id='word_1_790' title='bbox 1572 1164 1605 1186; x_wconf 90' lang='lat' dir='ltr'>ut</span> <span class='ocrx_word' id='word_1_791' title='bbox 1622 1156 1701 1187; x_wconf 79' lang='lat' dir='ltr'>licut</span> <span class='ocrx_word' id='word_1_792' title='bbox 1717 1157 1784 1189; x_wconf 91' lang='lat' dir='ltr'>doli</span> <span class='ocrx_word' id='word_1_793' title='bbox 1802 1166 1859 1189; x_wconf 80' lang='lat' dir='ltr'>ex·</span> 
     </span>
     <span class='ocr_line' id='line_1_102' title="bbox 980 1193 1856 1236; baseline 0.009 -14"><span class='ocrx_word' id='word_1_794' title='bbox 980 1193 1109 1232; x_wconf 88' lang='lat' dir='ltr'>ceptio,</span> <span class='ocrx_word' id='word_1_795' title='bbox 1127 1200 1242 1233; x_wconf 79' lang='lat' dir='ltr'>agente</span> <span class='ocrx_word' id='word_1_796' title='bbox 1260 1193 1315 1224; x_wconf 93' lang='lat' dir='ltr'>illo</span> <span class='ocrx_word' id='word_1_797' title='bbox 1333 1195 1386 1234; x_wconf 83' lang='lat' dir='ltr'>qui</span> <span class='ocrx_word' id='word_1_798' title='bbox 1404 1195 1553 1236; x_wconf 85' lang='lat' dir='ltr'>decepit,</span> <span class='ocrx_word' id='word_1_799' title='bbox 1571 1196 1649 1228; x_wconf 88' lang='lat' dir='ltr'>inest</span> <span class='ocrx_word' id='word_1_800' title='bbox 1663 1197 1780 1229; x_wconf 69' lang='lat' dir='ltr'>actioni</span> <span class='ocrx_word' id='word_1_801' title='bbox 1796 1198 1856 1229; x_wconf 92' lang='lat' dir='ltr'>bo-</span> 
     </span>
     <span class='ocr_line' id='line_1_103' title="bbox 979 1231 1855 1279; baseline 0.009 -16"><span class='ocrx_word' id='word_1_802' title='bbox 979 1242 1027 1264; x_wconf 80' lang='lat' dir='ltr'>nae</span> <span class='ocrx_word' id='word_1_803' title='bbox 1050 1231 1144 1265; x_wconf 77' lang='lat' dir='ltr'>fidei:</span> <span class='ocrx_word' id='word_1_804' title='bbox 1166 1233 1208 1265; x_wconf 87' lang='lat' dir='ltr'>fic</span> <span class='ocrx_word' id='word_1_805' title='bbox 1230 1234 1314 1266; x_wconf 66' lang='lat' dir='ltr'>aetio</span> <span class='ocrx_word' id='word_1_806' title='bbox 1338 1237 1378 1266; x_wconf 87' lang='lat' dir='ltr'>de</span> <span class='ocrx_word' id='word_1_807' title='bbox 1402 1236 1500 1274; x_wconf 87' lang='lat' dir='ltr'>dolo,</span> <span class='ocrx_word' id='word_1_808' title='bbox 1524 1245 1640 1278; x_wconf 81' lang='lat' dir='ltr'>agente</span> <span class='ocrx_word' id='word_1_809' title='bbox 1662 1238 1719 1270; x_wconf 92' lang='lat' dir='ltr'>illo</span> <span class='ocrx_word' id='word_1_810' title='bbox 1737 1239 1790 1279; x_wconf 90' lang='lat' dir='ltr'>qui</span> <span class='ocrx_word' id='word_1_811' title='bbox 1809 1238 1855 1271; x_wconf 90' lang='lat' dir='ltr'>est</span> 
     </span>
     <span class='ocr_line' id='line_1_104' title="bbox 978 1274 1855 1317; baseline 0.008 -13"><span class='ocrx_word' id='word_1_812' title='bbox 978 1274 1134 1314; x_wconf 83' lang='lat' dir='ltr'>deceptus</span> <span class='ocrx_word' id='word_1_813' title='bbox 1152 1299 1162 1314; x_wconf 92' lang='lat'>,</span> <span class='ocrx_word' id='word_1_814' title='bbox 1194 1275 1286 1307; x_wconf 81' lang='lat' dir='ltr'>bonae</span> <span class='ocrx_word' id='word_1_815' title='bbox 1312 1275 1385 1309; x_wconf 80' lang='lat' dir='ltr'>fidei</span> <span class='ocrx_word' id='word_1_816' title='bbox 1409 1277 1533 1309; x_wconf 77' lang='lat' dir='ltr'>afflone</span> <span class='ocrx_word' id='word_1_817' title='bbox 1559 1279 1791 1317; x_wconf 53' lang='lat' dir='ltr'>commeatum</span> <span class='ocrx_word' id='word_1_818' title='bbox 1823 1281 1855 1312; x_wconf 84' lang='lat'>&amp;</span> 
     </span>
     <span class='ocr_line' id='line_1_105' title="bbox 977 1316 1854 1360; baseline 0.008 -14"><span class='ocrx_word' id='word_1_819' title='bbox 977 1316 1159 1348; x_wconf 66' lang='lat' dir='ltr'>contractus</span> <span class='ocrx_word' id='word_1_820' title='bbox 1176 1326 1242 1349; x_wconf 90' lang='lat' dir='ltr'>non</span> <span class='ocrx_word' id='word_1_821' title='bbox 1264 1319 1368 1350; x_wconf 86' lang='lat' dir='ltr'>minus</span> <span class='ocrx_word' id='word_1_822' title='bbox 1385 1318 1463 1358; x_wconf 85' lang='lat' dir='ltr'>hac,</span> <span class='ocrx_word' id='word_1_823' title='bbox 1488 1328 1584 1360; x_wconf 84' lang='lat' dir='ltr'>quam</span> <span class='ocrx_word' id='word_1_824' title='bbox 1608 1321 1659 1353; x_wconf 85' lang='lat' dir='ltr'>illa</span> <span class='ocrx_word' id='word_1_825' title='bbox 1677 1321 1727 1353; x_wconf 86' lang='lat' dir='ltr'>via</span> <span class='ocrx_word' id='word_1_826' title='bbox 1742 1321 1854 1353; x_wconf 88' lang='lat' dir='ltr'>officio</span> 
     </span>
     <span class='ocr_line' id='line_1_106' title="bbox 977 1357 1468 1399; baseline 0.01 -12"><span class='ocrx_word' id='word_1_827' title='bbox 977 1357 1095 1397; x_wconf 80' lang='lat' dir='ltr'>Judicis</span> <span class='ocrx_word' id='word_1_828' title='bbox 1113 1357 1179 1398; x_wconf 79' lang='lat' dir='ltr'>ipso</span> <span class='ocrx_word' id='word_1_829' title='bbox 1194 1359 1262 1399; x_wconf 89' lang='lat' dir='ltr'>jure</span> <span class='ocrx_word' id='word_1_830' title='bbox 1279 1358 1468 1392; x_wconf 86' lang='lat' dir='ltr'>infirmetur.</span> 
     </span>
    </p>

    <p class='ocr_par' dir='ltr' id='par_1_5' title="bbox 974 1397 1857 1692">
     <span class='ocr_line' id='line_1_107' title="bbox 1016 1397 1855 1445; baseline 0.008 -15"><span class='ocrx_word' id='word_1_831' title='bbox 1016 1397 1094 1430; x_wconf 85' lang='lat' dir='ltr'>Non</span> <span class='ocrx_word' id='word_1_832' title='bbox 1119 1408 1225 1432; x_wconf 82' lang='lat' dir='ltr'>tamen</span> <span class='ocrx_word' id='word_1_833' title='bbox 1251 1401 1315 1432; x_wconf 85' lang='lat' dir='ltr'>hoc</span> <span class='ocrx_word' id='word_1_834' title='bbox 1339 1402 1387 1442; x_wconf 90' lang='lat' dir='ltr'>jus</span> <span class='ocrx_word' id='word_1_835' title='bbox 1410 1401 1476 1434; x_wconf 84' lang='lat' dir='ltr'>est:</span> <span class='ocrx_word' id='word_1_836' title='bbox 1499 1402 1552 1435; x_wconf 82' lang='lat' dir='ltr'>nifi</span> <span class='ocrx_word' id='word_1_837' title='bbox 1577 1403 1656 1435; x_wconf 87' lang='lat' dir='ltr'>velit</span> <span class='ocrx_word' id='word_1_838' title='bbox 1677 1404 1703 1435; x_wconf 88' lang='lat' dir='ltr'>is</span> <span class='ocrx_word' id='word_1_839' title='bbox 1724 1405 1778 1445; x_wconf 90' lang='lat' dir='ltr'>qui</span> <span class='ocrx_word' id='word_1_840' title='bbox 1794 1405 1855 1438; x_wconf 88' lang='lat' dir='ltr'>cir·</span> 
     </span>
     <span class='ocr_line' id='line_1_108' title="bbox 976 1440 1855 1483; baseline 0.008 -12"><span class='ocrx_word' id='word_1_841' title='bbox 976 1440 1184 1481; x_wconf 81' lang='lat' dir='ltr'>cumscriptus</span> <span class='ocrx_word' id='word_1_842' title='bbox 1204 1441 1249 1473; x_wconf 85' lang='lat' dir='ltr'>fit.</span> <span class='ocrx_word' id='word_1_843' title='bbox 1269 1443 1372 1474; x_wconf 78' lang='lat' dir='ltr'>namsi</span> <span class='ocrx_word' id='word_1_844' title='bbox 1384 1444 1519 1475; x_wconf 70' lang='lat' dir='ltr'>deteaae</span> <span class='ocrx_word' id='word_1_845' title='bbox 1535 1445 1855 1483; x_wconf 80' lang='lat' dir='ltr'>adquiescatfraudi:</span> 
     </span>
     <span class='ocr_line' id='line_1_109' title="bbox 975 1483 1857 1526; baseline 0.009 -14"><span class='ocrx_word' id='word_1_846' title='bbox 975 1483 1030 1522; x_wconf 88' lang='lat' dir='ltr'>(ut</span> <span class='ocrx_word' id='word_1_847' title='bbox 1045 1484 1128 1522; x_wconf 82' lang='lat' dir='ltr'>apud</span> <span class='ocrx_word' id='word_1_848' title='bbox 1146 1483 1282 1515; x_wconf 82' lang='lat' dir='ltr'>Plinium</span> <span class='ocrx_word' id='word_1_849' title='bbox 1298 1485 1346 1516; x_wconf 76' lang='lat' dir='ltr'>lio.</span> <span class='ocrx_word' id='word_1_850' title='bbox 1360 1495 1389 1525; x_wconf 80' lang='lat'>7.</span> <span class='ocrx_word' id='word_1_851' title='bbox 1409 1483 1523 1516; x_wconf 71' lang='lat' dir='ltr'>Nacur.</span> <span class='ocrx_word' id='word_1_852' title='bbox 1535 1484 1600 1526; x_wconf 80' lang='lat' dir='ltr'>hist.</span> <span class='ocrx_word' id='word_1_853' title='bbox 1612 1497 1636 1518; x_wconf 86' lang='lat' dir='ltr'>c.</span> <span class='ocrx_word' id='word_1_854' title='bbox 1651 1496 1699 1518; x_wconf 88' lang='lat'>12.</span> <span class='ocrx_word' id='word_1_855' title='bbox 1722 1488 1857 1520; x_wconf 86' lang='lat' dir='ltr'>Marcus</span> 
     </span>
     <span class='ocr_line' id='line_1_110' title="bbox 974 1523 1857 1568; baseline 0.008 -14"><span class='ocrx_word' id='word_1_856' title='bbox 974 1525 1134 1556; x_wconf 86' lang='lat' dir='ltr'>Antonius</span> <span class='ocrx_word' id='word_1_857' title='bbox 1155 1523 1342 1564; x_wconf 82' lang='lat' dir='ltr'>Triumvir,</span> <span class='ocrx_word' id='word_1_858' title='bbox 1370 1535 1385 1556; x_wconf 89' lang='lat' dir='ltr'>a</span> <span class='ocrx_word' id='word_1_859' title='bbox 1410 1525 1557 1558; x_wconf 87' lang='lat' dir='ltr'>Toranio</span> <span class='ocrx_word' id='word_1_860' title='bbox 1576 1537 1736 1568; x_wconf 81' lang='lat' dir='ltr'>mangone</span> <span class='ocrx_word' id='word_1_861' title='bbox 1762 1530 1857 1560; x_wconf 90' lang='lat' dir='ltr'>dece-</span> 
     </span>
     <span class='ocr_line' id='line_1_111' title="bbox 974 1566 1855 1608; baseline 0.007 -12"><span class='ocrx_word' id='word_1_862' title='bbox 974 1574 1046 1605; x_wconf 84' lang='lat' dir='ltr'>ptus</span> <span class='ocrx_word' id='word_1_863' title='bbox 1057 1566 1141 1597; x_wconf 85' lang='lat' dir='ltr'>circa</span> <span class='ocrx_word' id='word_1_864' title='bbox 1151 1576 1267 1606; x_wconf 83' lang='lat' dir='ltr'>pueros</span> <span class='ocrx_word' id='word_1_865' title='bbox 1278 1568 1330 1608; x_wconf 92' lang='lat' dir='ltr'>qui</span> <span class='ocrx_word' id='word_1_866' title='bbox 1340 1568 1469 1608; x_wconf 83' lang='lat' dir='ltr'>gemelli</span> <span class='ocrx_word' id='word_1_867' title='bbox 1481 1568 1688 1608; x_wconf 85' lang='lat' dir='ltr'>dicebantur,</span> <span class='ocrx_word' id='word_1_868' title='bbox 1702 1579 1777 1601; x_wconf 88' lang='lat' dir='ltr'>curn</span> <span class='ocrx_word' id='word_1_869' title='bbox 1786 1579 1855 1602; x_wconf 88' lang='lat' dir='ltr'>non</span> 
     </span>
     <span class='ocr_line' id='line_1_112' title="bbox 976 1606 1856 1649; baseline 0.006 -11"><span class='ocrx_word' id='word_1_870' title='bbox 976 1606 1095 1647; x_wconf 72' lang='lat' dir='ltr'>ell‘ent)</span> <span class='ocrx_word' id='word_1_871' title='bbox 1118 1617 1175 1640; x_wconf 89' lang='lat' dir='ltr'>cur</span> <span class='ocrx_word' id='word_1_872' title='bbox 1192 1617 1257 1640; x_wconf 89' lang='lat' dir='ltr'>non</span> <span class='ocrx_word' id='word_1_873' title='bbox 1277 1610 1382 1640; x_wconf 83' lang='lat' dir='ltr'>valeat</span> <span class='ocrx_word' id='word_1_874' title='bbox 1400 1610 1603 1649; x_wconf 65' lang='lat' dir='ltr'>contractus,</span> <span class='ocrx_word' id='word_1_875' title='bbox 1637 1618 1856 1643; x_wconf 87' lang='lat' dir='ltr'>concurrente</span> 
     </span>
     <span class='ocr_line' id='line_1_113' title="bbox 974 1649 1807 1692; baseline 0.005 -12"><span class='ocrx_word' id='word_1_876' title='bbox 974 1649 1139 1690; x_wconf 79' lang='lat' dir='ltr'>utriusque</span> <span class='ocrx_word' id='word_1_877' title='bbox 1155 1649 1330 1688; x_wconf 87' lang='lat' dir='ltr'>consensu,</span> <span class='ocrx_word' id='word_1_878' title='bbox 1355 1650 1385 1682; x_wconf 72' lang='grc' dir='ltr'>δι</span> <span class='ocrx_word' id='word_1_879' title='bbox 1400 1651 1584 1691; x_wconf 89' lang='lat' dir='ltr'>deceptoris</span> <span class='ocrx_word' id='word_1_880' title='bbox 1601 1652 1630 1683; x_wconf 71' lang='grc' dir='ltr'>ὅ(</span> <span class='ocrx_word' id='word_1_881' title='bbox 1649 1652 1807 1692; x_wconf 70' lang='lat' dir='ltr'>decepti?</span> 
     </span>
    </p>

    <p class='ocr_par' dir='ltr' id='par_1_6' title="bbox 972 1690 1858 2604">
     <span class='ocr_line' id='line_1_114' title="bbox 1014 1690 1854 1730; baseline 0.005 -8"><span class='ocrx_word' id='word_1_882' title='bbox 1014 1692 1057 1722; x_wconf 85' lang='lat' dir='ltr'>At</span> <span class='ocrx_word' id='word_1_883' title='bbox 1074 1691 1168 1730; x_wconf 86' lang='lat' dir='ltr'>quid,</span> <span class='ocrx_word' id='word_1_884' title='bbox 1184 1690 1206 1722; x_wconf 88' lang='lat' dir='ltr'>fi</span> <span class='ocrx_word' id='word_1_885' title='bbox 1224 1691 1277 1723; x_wconf 84' lang='lat' dir='ltr'>hic</span> <span class='ocrx_word' id='word_1_886' title='bbox 1292 1691 1373 1723; x_wconf 89' lang='lat' dir='ltr'>stare</span> <span class='ocrx_word' id='word_1_887' title='bbox 1391 1693 1469 1724; x_wconf 89' lang='lat' dir='ltr'>velit</span> <span class='ocrx_word' id='word_1_888' title='bbox 1487 1694 1708 1725; x_wconf 69' lang='lat' dir='ltr'>contrae&#39;tum:</span> <span class='ocrx_word' id='word_1_889' title='bbox 1726 1693 1780 1726; x_wconf 88' lang='lat' dir='ltr'>ille</span> <span class='ocrx_word' id='word_1_890' title='bbox 1793 1703 1854 1727; x_wconf 92' lang='lat' dir='ltr'>no-</span> 
     </span>
     <span class='ocr_line' id='line_1_115' title="bbox 975 1731 1856 1773; baseline 0.006 -10"><span class='ocrx_word' id='word_1_891' title='bbox 975 1731 1041 1764; x_wconf 73' lang='lat' dir='ltr'>lit?</span> <span class='ocrx_word' id='word_1_892' title='bbox 1065 1733 1116 1764; x_wconf 91' lang='lat' dir='ltr'>vel</span> <span class='ocrx_word' id='word_1_893' title='bbox 1130 1731 1172 1764; x_wconf 89' lang='lat' dir='ltr'>fic</span> <span class='ocrx_word' id='word_1_894' title='bbox 1186 1733 1375 1773; x_wconf 85' lang='lat' dir='ltr'>judicavero</span> <span class='ocrx_word' id='word_1_895' title='bbox 1394 1733 1565 1767; x_wconf 86' lang='lat' dir='ltr'>secundum</span> <span class='ocrx_word' id='word_1_896' title='bbox 1582 1735 1793 1768; x_wconf 61' lang='lat' dir='ltr'>contrae&#39;tum.</span> <span class='ocrx_word' id='word_1_897' title='bbox 1816 1745 1856 1768; x_wconf 87' lang='lat' dir='ltr'>ac</span> 
     </span>
     <span class='ocr_line' id='line_1_116' title="bbox 975 1775 1857 1814; baseline 0.005 -9"><span class='ocrx_word' id='word_1_898' title='bbox 975 1783 1088 1805; x_wconf 88' lang='lat' dir='ltr'>movet</span> <span class='ocrx_word' id='word_1_899' title='bbox 1107 1783 1176 1812; x_wconf 89' lang='lat' dir='ltr'>me,</span> <span class='ocrx_word' id='word_1_900' title='bbox 1201 1775 1289 1814; x_wconf 91' lang='lat' dir='ltr'>quod</span> <span class='ocrx_word' id='word_1_901' title='bbox 1311 1782 1346 1806; x_wconf 89' lang='lat' dir='ltr'>ut</span> <span class='ocrx_word' id='word_1_902' title='bbox 1360 1775 1464 1808; x_wconf 88' lang='lat' dir='ltr'>nullus</span> <span class='ocrx_word' id='word_1_903' title='bbox 1481 1777 1525 1807; x_wconf 93' lang='lat' dir='ltr'>ob</span> <span class='ocrx_word' id='word_1_904' title='bbox 1551 1777 1660 1808; x_wconf 88' lang='lat' dir='ltr'>dolum</span> <span class='ocrx_word' id='word_1_905' title='bbox 1680 1777 1797 1809; x_wconf 77' lang='lat' dir='ltr'>malum</span> <span class='ocrx_word' id='word_1_906' title='bbox 1818 1777 1857 1810; x_wconf 85' lang='lat' dir='ltr'>fit</span> 
     </span>
     <span class='ocr_line' id='line_1_117' title="bbox 975 1814 1857 1858; baseline 0.007 -13"><span class='ocrx_word' id='word_1_907' title='bbox 975 1815 1070 1846; x_wconf 81' lang='lat' dir='ltr'>bonae</span> <span class='ocrx_word' id='word_1_908' title='bbox 1088 1814 1162 1846; x_wconf 88' lang='lat' dir='ltr'>fidei</span> <span class='ocrx_word' id='word_1_909' title='bbox 1174 1816 1379 1854; x_wconf 68' lang='lat' dir='ltr'>contractus,</span> <span class='ocrx_word' id='word_1_910' title='bbox 1396 1818 1495 1858; x_wconf 79' lang='lat' dir='ltr'>magis</span> <span class='ocrx_word' id='word_1_911' title='bbox 1511 1817 1556 1849; x_wconf 86' lang='lat' dir='ltr'>est</span> <span class='ocrx_word' id='word_1_912' title='bbox 1572 1819 1604 1849; x_wconf 91' lang='lat' dir='ltr'>in</span> <span class='ocrx_word' id='word_1_913' title='bbox 1621 1818 1781 1851; x_wconf 88' lang='lat' dir='ltr'>honorem</span> <span class='ocrx_word' id='word_1_914' title='bbox 1801 1819 1857 1851; x_wconf 89' lang='lat' dir='ltr'>de-</span> 
     </span>
     <span class='ocr_line' id='line_1_118' title="bbox 976 1857 1856 1900; baseline 0.008 -14"><span class='ocrx_word' id='word_1_915' title='bbox 976 1857 1082 1897; x_wconf 90' lang='lat' dir='ltr'>cepti,</span> <span class='ocrx_word' id='word_1_916' title='bbox 1111 1865 1206 1895; x_wconf 84' lang='lat' dir='ltr'>quam</span> <span class='ocrx_word' id='word_1_917' title='bbox 1232 1857 1419 1897; x_wconf 88' lang='lat' dir='ltr'>deceptoris</span> <span class='ocrx_word' id='word_1_918' title='bbox 1444 1859 1618 1892; x_wconf 69' lang='lat' dir='ltr'>indueram.</span> <span class='ocrx_word' id='word_1_919' title='bbox 1643 1869 1681 1891; x_wconf 89' lang='lat' dir='ltr'>an</span> <span class='ocrx_word' id='word_1_920' title='bbox 1700 1861 1785 1893; x_wconf 88' lang='lat' dir='ltr'>enim</span> <span class='ocrx_word' id='word_1_921' title='bbox 1801 1860 1856 1900; x_wconf 84' lang='lat' dir='ltr'>Jus</span> 
     </span>
     <span class='ocr_line' id='line_1_119' title="bbox 977 1896 1854 1941; baseline 0.006 -12"><span class='ocrx_word' id='word_1_922' title='bbox 977 1897 1081 1929; x_wconf 91' lang='lat' dir='ltr'>Civile</span> <span class='ocrx_word' id='word_1_923' title='bbox 1105 1896 1212 1929; x_wconf 85' lang='lat' dir='ltr'>faveat</span> <span class='ocrx_word' id='word_1_924' title='bbox 1237 1898 1436 1938; x_wconf 87' lang='lat' dir='ltr'>improbitati</span> <span class='ocrx_word' id='word_1_925' title='bbox 1453 1900 1517 1938; x_wconf 85' lang='lat' dir='ltr'>ejus</span> <span class='ocrx_word' id='word_1_926' title='bbox 1534 1902 1587 1941; x_wconf 82' lang='lat' dir='ltr'>qui</span> <span class='ocrx_word' id='word_1_927' title='bbox 1605 1911 1670 1933; x_wconf 90' lang='lat' dir='ltr'>non</span> <span class='ocrx_word' id='word_1_928' title='bbox 1689 1902 1790 1933; x_wconf 89' lang='lat' dir='ltr'>modo</span> <span class='ocrx_word' id='word_1_929' title='bbox 1806 1901 1854 1934; x_wconf 89' lang='lat' dir='ltr'>fa-</span> 
     </span>
     <span class='ocr_line' id='line_1_120' title="bbox 975 1939 1853 1984; baseline 0.007 -15"><span class='ocrx_word' id='word_1_930' title='bbox 975 1940 1039 1970; x_wconf 83' lang='lat' dir='ltr'>ciat</span> <span class='ocrx_word' id='word_1_931' title='bbox 1057 1939 1135 1971; x_wconf 89' lang='lat' dir='ltr'>dolo</span> <span class='ocrx_word' id='word_1_932' title='bbox 1154 1940 1258 1978; x_wconf 90' lang='lat' dir='ltr'>malo,</span> <span class='ocrx_word' id='word_1_933' title='bbox 1282 1939 1334 1971; x_wconf 88' lang='lat' dir='ltr'>sed</span> <span class='ocrx_word' id='word_1_934' title='bbox 1358 1951 1395 1972; x_wconf 90' lang='lat' dir='ltr'>ea</span> <span class='ocrx_word' id='word_1_935' title='bbox 1422 1941 1548 1981; x_wconf 86' lang='lat' dir='ltr'>insuper</span> <span class='ocrx_word' id='word_1_936' title='bbox 1571 1941 1608 1974; x_wconf 85' lang='lat' dir='ltr'>fit</span> <span class='ocrx_word' id='word_1_937' title='bbox 1631 1943 1853 1984; x_wconf 85' lang='lat' dir='ltr'>impudentia,</span> 
     </span>
     <span class='ocr_line' id='line_1_121' title="bbox 977 1982 1853 2025; baseline 0.007 -15"><span class='ocrx_word' id='word_1_938' title='bbox 977 1988 1011 2011; x_wconf 92' lang='lat' dir='ltr'>ut</span> <span class='ocrx_word' id='word_1_939' title='bbox 1035 1990 1101 2011; x_wconf 89' lang='lat' dir='ltr'>non</span> <span class='ocrx_word' id='word_1_940' title='bbox 1128 1982 1257 2019; x_wconf 86' lang='lat' dir='ltr'>timeat,</span> <span class='ocrx_word' id='word_1_941' title='bbox 1283 1982 1314 2013; x_wconf 92' lang='lat' dir='ltr'>in</span> <span class='ocrx_word' id='word_1_942' title='bbox 1330 1982 1450 2021; x_wconf 74' lang='lat' dir='ltr'>iudicio</span> <span class='ocrx_word' id='word_1_943' title='bbox 1475 1984 1567 2015; x_wconf 85' lang='lat' dir='ltr'>bonae</span> <span class='ocrx_word' id='word_1_944' title='bbox 1587 1983 1661 2015; x_wconf 89' lang='lat' dir='ltr'>fidei</span> <span class='ocrx_word' id='word_1_945' title='bbox 1686 1984 1770 2016; x_wconf 89' lang='lat' dir='ltr'>suam</span> <span class='ocrx_word' id='word_1_946' title='bbox 1786 1985 1853 2025; x_wconf 88' lang='lat' dir='ltr'>ipse</span> 
     </span>
     <span class='ocr_line' id='line_1_122' title="bbox 977 2022 1858 2067; baseline 0.008 -15"><span class='ocrx_word' id='word_1_947' title='bbox 977 2022 1112 2062; x_wconf 80' lang='lat' dir='ltr'>allegare</span> <span class='ocrx_word' id='word_1_948' title='bbox 1136 2022 1366 2062; x_wconf 87' lang='lat' dir='ltr'>turpitudinem</span> <span class='ocrx_word' id='word_1_949' title='bbox 1379 2024 1395 2056; x_wconf 70' lang='grc' dir='ltr'>ἱ)</span> <span class='ocrx_word' id='word_1_950' title='bbox 1418 2024 1505 2056; x_wconf 76' lang='lat' dir='ltr'>abiit.</span> <span class='ocrx_word' id='word_1_951' title='bbox 1531 2026 1598 2065; x_wconf 82' lang='lat' dir='ltr'>ejus</span> <span class='ocrx_word' id='word_1_952' title='bbox 1616 2026 1713 2067; x_wconf 81' lang='lat' dir='ltr'>igitur</span> <span class='ocrx_word' id='word_1_953' title='bbox 1730 2027 1858 2060; x_wconf 87' lang='lat' dir='ltr'>causam</span> 
     </span>
     <span class='ocr_line' id='line_1_123' title="bbox 977 2062 1855 2106; baseline 0.007 -12"><span class='ocrx_word' id='word_1_954' title='bbox 977 2062 1138 2095; x_wconf 83' lang='lat' dir='ltr'>instaurari</span> <span class='ocrx_word' id='word_1_955' title='bbox 1163 2073 1260 2105; x_wconf 83' lang='lat' dir='ltr'>grave</span> <span class='ocrx_word' id='word_1_956' title='bbox 1288 2065 1330 2096; x_wconf 84' lang='lat' dir='ltr'>est</span> <span class='ocrx_word' id='word_1_957' title='bbox 1355 2067 1374 2097; x_wconf 83' lang='lat' dir='ltr'>l.</span> <span class='ocrx_word' id='word_1_958' title='bbox 1398 2076 1448 2106; x_wconf 72' lang='lat'>30.</span> <span class='ocrx_word' id='word_1_959' title='bbox 1474 2066 1507 2097; x_wconf 87' lang='lat' dir='ltr'>C.</span> <span class='ocrx_word' id='word_1_960' title='bbox 1538 2069 1571 2097; x_wconf 83' lang='lat' dir='ltr'>de</span> <span class='ocrx_word' id='word_1_961' title='bbox 1597 2066 1855 2101; x_wconf 62' lang='lat' dir='ltr'>transaaionibus.</span> 
     </span>
     <span class='ocr_line' id='line_1_124' title="bbox 977 2104 1855 2148; baseline 0.007 -13"><span class='ocrx_word' id='word_1_962' title='bbox 977 2104 1061 2136; x_wconf 86' lang='lat' dir='ltr'>aliud</span> <span class='ocrx_word' id='word_1_963' title='bbox 1078 2104 1176 2136; x_wconf 81' lang='lat' dir='ltr'>fuerit</span> <span class='ocrx_word' id='word_1_964' title='bbox 1195 2115 1236 2136; x_wconf 88' lang='lat' dir='ltr'>ex</span> <span class='ocrx_word' id='word_1_965' title='bbox 1253 2106 1382 2147; x_wconf 83' lang='lat' dir='ltr'>decepti</span> <span class='ocrx_word' id='word_1_966' title='bbox 1397 2114 1505 2148; x_wconf 86' lang='lat' dir='ltr'>parte:</span> <span class='ocrx_word' id='word_1_967' title='bbox 1527 2108 1577 2139; x_wconf 89' lang='lat' dir='ltr'>cui</span> <span class='ocrx_word' id='word_1_968' title='bbox 1595 2108 1651 2140; x_wconf 87' lang='lat' dir='ltr'>suo</span> <span class='ocrx_word' id='word_1_969' title='bbox 1670 2111 1714 2140; x_wconf 87' lang='lat' dir='ltr'>uti</span> <span class='ocrx_word' id='word_1_970' title='bbox 1733 2109 1855 2142; x_wconf 82' lang='lat' dir='ltr'>benefi-</span> 
     </span>
     <span class='ocr_line' id='line_1_125' title="bbox 978 2146 1857 2188; baseline 0.009 -12"><span class='ocrx_word' id='word_1_971' title='bbox 978 2147 1048 2184; x_wconf 86' lang='lat' dir='ltr'>cio,</span> <span class='ocrx_word' id='word_1_972' title='bbox 1065 2146 1085 2177; x_wconf 81' lang='lat' dir='ltr'>fi</span> <span class='ocrx_word' id='word_1_973' title='bbox 1105 2146 1198 2183; x_wconf 83' lang='lat' dir='ltr'>velit,</span> <span class='ocrx_word' id='word_1_974' title='bbox 1219 2147 1345 2186; x_wconf 72' lang='lat' dir='ltr'>Jusest:</span> <span class='ocrx_word' id='word_1_975' title='bbox 1371 2148 1392 2180; x_wconf 84' lang='lat' dir='ltr'>fi</span> <span class='ocrx_word' id='word_1_976' title='bbox 1408 2149 1509 2188; x_wconf 87' lang='lat' dir='ltr'>nolit,</span> <span class='ocrx_word' id='word_1_977' title='bbox 1534 2150 1698 2182; x_wconf 84' lang='lat' dir='ltr'>neceffitas</span> <span class='ocrx_word' id='word_1_978' title='bbox 1716 2160 1781 2183; x_wconf 86' lang='lat' dir='ltr'>non</span> <span class='ocrx_word' id='word_1_979' title='bbox 1800 2151 1857 2184; x_wconf 89' lang='lat' dir='ltr'>est.</span> 
     </span>
     <span class='ocr_line' id='line_1_126' title="bbox 979 2187 1857 2232; baseline 0.008 -14"><span class='ocrx_word' id='word_1_980' title='bbox 979 2189 1103 2227; x_wconf 81' lang='lat' dir='ltr'>optimc</span> <span class='ocrx_word' id='word_1_981' title='bbox 1130 2187 1346 2229; x_wconf 85' lang='lat' dir='ltr'>Quintilianus</span> <span class='ocrx_word' id='word_1_982' title='bbox 1365 2213 1375 2229; x_wconf 92' lang='lat'>‚</span> <span class='ocrx_word' id='word_1_983' title='bbox 1407 2190 1538 2222; x_wconf 79' lang='lat' dir='ltr'>Declam.</span> <span class='ocrx_word' id='word_1_984' title='bbox 1564 2201 1592 2232; x_wconf 81' lang='lat'>7.</span> <span class='ocrx_word' id='word_1_985' title='bbox 1619 2192 1785 2232; x_wconf 82' lang='lat' dir='ltr'>Omnium,</span> <span class='ocrx_word' id='word_1_986' title='bbox 1809 2194 1857 2226; x_wconf 87' lang='lat' dir='ltr'>in·</span> 
     </span>
     <span class='ocr_line' id='line_1_127' title="bbox 980 2228 1854 2273; baseline 0.007 -14"><span class='ocrx_word' id='word_1_987' title='bbox 980 2231 1066 2268; x_wconf 80' lang='lat' dir='ltr'>quit,</span> <span class='ocrx_word' id='word_1_988' title='bbox 1086 2228 1285 2268; x_wconf 83' lang='lat' dir='ltr'>beneficiorum</span> <span class='ocrx_word' id='word_1_989' title='bbox 1302 2229 1356 2271; x_wconf 77' lang='lat' dir='ltr'>ista</span> <span class='ocrx_word' id='word_1_990' title='bbox 1372 2238 1482 2263; x_wconf 80' lang='lat' dir='ltr'>natura</span> <span class='ocrx_word' id='word_1_991' title='bbox 1501 2230 1557 2273; x_wconf 67' lang='lat' dir='ltr'>est,</span> <span class='ocrx_word' id='word_1_992' title='bbox 1581 2239 1617 2263; x_wconf 75' lang='lat' dir='ltr'>m</span> <span class='ocrx_word' id='word_1_993' title='bbox 1633 2243 1691 2264; x_wconf 86' lang='lat' dir='ltr'>non</span> <span class='ocrx_word' id='word_1_994' title='bbox 1701 2233 1743 2272; x_wconf 77' lang='lat' dir='ltr'>stt</span> <span class='ocrx_word' id='word_1_995' title='bbox 1758 2244 1854 2266; x_wconf 80' lang='lat' dir='ltr'>neces-</span> 
     </span>
     <span class='ocr_line' id='line_1_128' title="bbox 972 2268 1856 2317; baseline 0.008 -17"><span class='ocrx_word' id='word_1_996' title='bbox 972 2270 1066 2309; x_wconf 75' lang='lat' dir='ltr'>fitczs,</span> <span class='ocrx_word' id='word_1_997' title='bbox 1088 2272 1136 2307; x_wconf 78' lang='lat' dir='ltr'>sed</span> <span class='ocrx_word' id='word_1_998' title='bbox 1149 2268 1283 2311; x_wconf 78' lang='lat' dir='ltr'>potestas.</span> <span class='ocrx_word' id='word_1_999' title='bbox 1315 2274 1458 2314; x_wconf 73' lang='lat' dir='ltr'>quidquid</span> <span class='ocrx_word' id='word_1_1000' title='bbox 1473 2275 1505 2304; x_wconf 90' lang='lat' dir='ltr'>in</span> <span class='ocrx_word' id='word_1_1001' title='bbox 1521 2275 1654 2306; x_wconf 80' lang='lat' dir='ltr'>honorem</span> <span class='ocrx_word' id='word_1_1002' title='bbox 1668 2276 1797 2317; x_wconf 76' lang='lat' dir='ltr'>alicujus</span> <span class='ocrx_word' id='word_1_1003' title='bbox 1811 2279 1856 2307; x_wconf 78' lang='lat' dir='ltr'>in-</span> 
     </span>
     <span class='ocr_line' id='line_1_129' title="bbox 978 2311 1857 2356; baseline 0.006 -13"><span class='ocrx_word' id='word_1_1004' title='bbox 978 2317 1098 2343; x_wconf 77' lang='lat' dir='ltr'>ventum</span> <span class='ocrx_word' id='word_1_1005' title='bbox 1124 2311 1178 2352; x_wconf 73' lang='lat' dir='ltr'>est,</span> <span class='ocrx_word' id='word_1_1006' title='bbox 1203 2311 1304 2350; x_wconf 75' lang='lat' dir='ltr'>desinit</span> <span class='ocrx_word' id='word_1_1007' title='bbox 1322 2315 1514 2355; x_wconf 80' lang='lat' dir='ltr'>privilegium</span> <span class='ocrx_word' id='word_1_1008' title='bbox 1536 2318 1637 2347; x_wconf 77' lang='lat' dir='ltr'>vocari</span> <span class='ocrx_word' id='word_1_1009' title='bbox 1654 2316 1745 2356; x_wconf 71' lang='lat' dir='ltr'><strong><em>POffi&#39;,</em></strong></span> <span class='ocrx_word' id='word_1_1010' title='bbox 1764 2316 1793 2355; x_wconf 87' lang='lat' dir='ltr'><em>fi</em></span> <span class='ocrx_word' id='word_1_1011' title='bbox 1812 2327 1857 2348; x_wconf 83' lang='lat' dir='ltr'>co-</span> 
     </span>
     <span class='ocr_line' id='line_1_130' title="bbox 974 2353 1857 2399; baseline 0.007 -15"><span class='ocrx_word' id='word_1_1012' title='bbox 974 2364 1038 2395; x_wconf 83' lang='lat' dir='ltr'>gas.</span> <span class='ocrx_word' id='word_1_1013' title='bbox 1063 2353 1186 2392; x_wconf 62' lang='lat' dir='ltr'>curma,</span> <span class='ocrx_word' id='word_1_1014' title='bbox 1202 2353 1231 2391; x_wconf 86' lang='lat' dir='ltr'><em>fi</em></span> <span class='ocrx_word' id='word_1_1015' title='bbox 1255 2356 1386 2394; x_wconf 71' lang='lat' dir='ltr'>videtur,</span> <span class='ocrx_word' id='word_1_1016' title='bbox 1406 2357 1478 2397; x_wconf 76' lang='lat' dir='ltr'>jura</span> <span class='ocrx_word' id='word_1_1017' title='bbox 1500 2359 1660 2396; x_wconf 72' lang='lat' dir='ltr'>percurrite</span> <span class='ocrx_word' id='word_1_1018' title='bbox 1676 2381 1684 2395; x_wconf 93' lang='lat'><strong>‚</strong></span> <span class='ocrx_word' id='word_1_1019' title='bbox 1710 2368 1857 2399; x_wconf 78' lang='lat' dir='ltr'>nusquam</span> 
     </span>
     <span class='ocr_line' id='line_1_131' title="bbox 976 2396 1855 2439; baseline 0.007 -14"><span class='ocrx_word' id='word_1_1020' title='bbox 976 2398 1044 2426; x_wconf 73' lang='lat' dir='ltr'>adeo</span> <span class='ocrx_word' id='word_1_1021' title='bbox 1067 2402 1118 2435; x_wconf 82' lang='lat' dir='ltr'>pro</span> <span class='ocrx_word' id='word_1_1022' title='bbox 1144 2397 1224 2425; x_wconf 84' lang='lat' dir='ltr'>nobis</span> <span class='ocrx_word' id='word_1_1023' title='bbox 1238 2396 1367 2434; x_wconf 76' lang='lat' dir='ltr'>sollicita</span> <span class='ocrx_word' id='word_1_1024' title='bbox 1394 2398 1460 2436; x_wconf 79' lang='lat' dir='ltr'>lex,</span> <span class='ocrx_word' id='word_1_1025' title='bbox 1483 2404 1517 2428; x_wconf 76' lang='lat' dir='ltr'>ut</span> <span class='ocrx_word' id='word_1_1026' title='bbox 1534 2400 1610 2439; x_wconf 75' lang='lat' dir='ltr'>qnod</span> <span class='ocrx_word' id='word_1_1027' title='bbox 1622 2396 1741 2438; x_wconf 75' lang='lat' dir='ltr'>prceftat</span> <span class='ocrx_word' id='word_1_1028' title='bbox 1759 2406 1855 2432; x_wconf 68' lang='lat' dir='ltr'>extor-</span> 
     </span>
     <span class='ocr_line' id='line_1_132' title="bbox 975 2435 1857 2479; baseline 0.009 -13"><span class='ocrx_word' id='word_1_1029' title='bbox 975 2442 1073 2477; x_wconf 75' lang='lat' dir='ltr'>queat.</span> <span class='ocrx_word' id='word_1_1030' title='bbox 1105 2435 1234 2468; x_wconf 51' lang='lat' dir='ltr'>Poste-nt</span> <span class='ocrx_word' id='word_1_1031' title='bbox 1249 2437 1318 2468; x_wconf 81' lang='lat' dir='ltr'>haec</span> <span class='ocrx_word' id='word_1_1032' title='bbox 1333 2438 1422 2470; x_wconf 83' lang='lat' dir='ltr'>forte</span> <span class='ocrx_word' id='word_1_1033' title='bbox 1439 2440 1581 2479; x_wconf 86' lang='lat' dir='ltr'>pluribus</span> <span class='ocrx_word' id='word_1_1034' title='bbox 1596 2441 1699 2472; x_wconf 82' lang='lat' dir='ltr'>tradi:</span> <span class='ocrx_word' id='word_1_1035' title='bbox 1725 2441 1777 2473; x_wconf 85' lang='lat' dir='ltr'>sed</span> <span class='ocrx_word' id='word_1_1036' title='bbox 1790 2451 1857 2474; x_wconf 84' lang='lat' dir='ltr'>ma·</span> 
     </span>
     <span class='ocr_line' id='line_1_133' title="bbox 976 2477 1852 2521; baseline 0.008 -13"><span class='ocrx_word' id='word_1_1037' title='bbox 976 2480 1009 2509; x_wconf 87' lang='lat' dir='ltr'>lo</span> <span class='ocrx_word' id='word_1_1038' title='bbox 1027 2479 1126 2509; x_wconf 87' lang='lat' dir='ltr'>vitare</span> <span class='ocrx_word' id='word_1_1039' title='bbox 1144 2477 1337 2510; x_wconf 79' lang='lat' dir='ltr'>satietatem:</span> <span class='ocrx_word' id='word_1_1040' title='bbox 1362 2489 1398 2510; x_wconf 87' lang='lat' dir='ltr'>ac</span> <span class='ocrx_word' id='word_1_1041' title='bbox 1415 2481 1478 2520; x_wconf 86' lang='lat' dir='ltr'>jam</span> <span class='ocrx_word' id='word_1_1042' title='bbox 1496 2481 1526 2512; x_wconf 86' lang='lat' dir='ltr'>in</span> <span class='ocrx_word' id='word_1_1043' title='bbox 1555 2481 1618 2512; x_wconf 88' lang='lat' dir='ltr'>fine</span> <span class='ocrx_word' id='word_1_1044' title='bbox 1637 2484 1852 2521; x_wconf 76' lang='lat' dir='ltr'>praecedentis</span> 
     </span>
     <span class='ocr_line' id='line_1_134' title="bbox 976 2520 1856 2563; baseline 0.008 -14"><span class='ocrx_word' id='word_1_1045' title='bbox 976 2520 1090 2557; x_wconf 85' lang='lat' dir='ltr'>capitis</span> <span class='ocrx_word' id='word_1_1046' title='bbox 1106 2520 1318 2551; x_wconf 83' lang='lat' dir='ltr'>demonstravi</span> <span class='ocrx_word' id='word_1_1047' title='bbox 1337 2531 1376 2552; x_wconf 85' lang='lat' dir='ltr'>ex</span> <span class='ocrx_word' id='word_1_1048' title='bbox 1390 2522 1408 2551; x_wconf 77' lang='lat' dir='ltr'>l.</span> <span class='ocrx_word' id='word_1_1049' title='bbox 1433 2531 1479 2561; x_wconf 79' lang='lat'>13.</span> <span class='ocrx_word' id='word_1_1050' title='bbox 1506 2521 1534 2563; x_wconf 83' lang='lat'>§.</span> <span class='ocrx_word' id='word_1_1051' title='bbox 1556 2532 1603 2562; x_wconf 79' lang='lat'>27.</span> <span class='ocrx_word' id='word_1_1052' title='bbox 1628 2523 1665 2557; x_wconf 48' lang='grc' dir='ltr'>ὅ)</span> <span class='ocrx_word' id='word_1_1053' title='bbox 1684 2528 1733 2558; x_wconf 80' lang='lat'>28.</span> <span class='ocrx_word' id='word_1_1054' title='bbox 1759 2524 1802 2556; x_wconf 86' lang='lat' dir='ltr'>D.</span> <span class='ocrx_word' id='word_1_1055' title='bbox 1822 2527 1856 2556; x_wconf 79' lang='lat' dir='ltr'>rie</span> 
     </span>
     <span class='ocr_line' id='line_1_135' title="bbox 977 2560 1856 2604; baseline 0.009 -14"><span class='ocrx_word' id='word_1_1056' title='bbox 977 2560 1137 2592; x_wconf 64' lang='lat' dir='ltr'>cretionibus</span> <span class='ocrx_word' id='word_1_1057' title='bbox 1150 2562 1236 2602; x_wconf 78' lang='lat' dir='ltr'>empti</span> <span class='ocrx_word' id='word_1_1058' title='bbox 1253 2560 1290 2595; x_wconf 60' lang='grc' dir='ltr'>ἐξ)</span> <span class='ocrx_word' id='word_1_1059' title='bbox 1306 2564 1435 2600; x_wconf 76' lang='lat' dir='ltr'>venditi,</span> <span class='ocrx_word' id='word_1_1060' title='bbox 1447 2563 1486 2594; x_wconf 86' lang='lat' dir='ltr'>ab</span> <span class='ocrx_word' id='word_1_1061' title='bbox 1507 2563 1645 2604; x_wconf 87' lang='lat' dir='ltr'>Ulpiano</span> <span class='ocrx_word' id='word_1_1062' title='bbox 1664 2565 1721 2604; x_wconf 77' lang='lat' dir='ltr'>ipsi</span> <span class='ocrx_word' id='word_1_1063' title='bbox 1737 2574 1856 2598; x_wconf 83' lang='lat' dir='ltr'>conce-</span> 
     </span>
    </p>
   </div>
   <div class='ocr_carea' id='block_1_5' title="bbox 963 2602 1856 2646">
    <p class='ocr_par' dir='ltr' id='par_1_7' title="bbox 963 2602 1856 2646">
     <span class='ocr_line' id='line_1_136' title="bbox 963 2602 1856 2646; baseline 0.008 -14"><span class='ocrx_word' id='word_1_1064' title='bbox 963 2602 1008 2633; x_wconf 25' lang='lat' dir='ltr'>rdi</span> <span class='ocrx_word' id='word_1_1065' title='bbox 1026 2603 1213 2642; x_wconf 83' lang='lat' dir='ltr'>deceptori,</span> <span class='ocrx_word' id='word_1_1066' title='bbox 1237 2603 1386 2635; x_wconf 86' lang='lat' dir='ltr'>adversus</span> <span class='ocrx_word' id='word_1_1067' title='bbox 1412 2605 1739 2646; x_wconf 78' lang='lat' dir='ltr'>deceptumcxperiri</span> <span class='ocrx_word' id='word_1_1068' title='bbox 1757 2608 1856 2643; x_wconf 59' lang='lat' dir='ltr'>aetio-</span> 
     </span>
    </p>
   </div>
   <div class='ocr_carea' id='block_1_6' title="bbox 975 2643 1855 2812">
    <p class='ocr_par' dir='ltr' id='par_1_8' title="bbox 975 2643 1855 2724">
     <span class='ocr_line' id='line_1_137' title="bbox 976 2643 1855 2688; baseline 0.009 -14"><span class='ocrx_word' id='word_1_1069' title='bbox 976 2653 1016 2674; x_wconf 90' lang='lat' dir='ltr'>ne</span> <span class='ocrx_word' id='word_1_1070' title='bbox 1041 2653 1081 2674; x_wconf 83' lang='lat' dir='ltr'>ex</span> <span class='ocrx_word' id='word_1_1071' title='bbox 1104 2650 1216 2684; x_wconf 88' lang='lat' dir='ltr'>empto</span> <span class='ocrx_word' id='word_1_1072' title='bbox 1239 2643 1412 2685; x_wconf 62' lang='lat' dir='ltr'>hactenus,</span> <span class='ocrx_word' id='word_1_1073' title='bbox 1436 2654 1471 2677; x_wconf 92' lang='lat' dir='ltr'>ut</span> <span class='ocrx_word' id='word_1_1074' title='bbox 1495 2648 1609 2688; x_wconf 83' lang='lat' dir='ltr'>eligat,</span> <span class='ocrx_word' id='word_1_1075' title='bbox 1633 2656 1739 2681; x_wconf 88' lang='lat' dir='ltr'>utrum</span> <span class='ocrx_word' id='word_1_1076' title='bbox 1764 2650 1855 2682; x_wconf 82' lang='lat' dir='ltr'>malit</span> 
     </span>
     <span class='ocr_line' id='line_1_138' title="bbox 975 2684 1627 2724; baseline 0.008 -9"><span class='ocrx_word' id='word_1_1077' title='bbox 975 2685 1153 2716; x_wconf 70' lang='lat' dir='ltr'>commerui</span> <span class='ocrx_word' id='word_1_1078' title='bbox 1172 2684 1269 2724; x_wconf 86' lang='lat' dir='ltr'>stare,</span> <span class='ocrx_word' id='word_1_1079' title='bbox 1293 2695 1330 2717; x_wconf 88' lang='lat' dir='ltr'>an</span> <span class='ocrx_word' id='word_1_1080' title='bbox 1349 2686 1388 2717; x_wconf 91' lang='lat' dir='ltr'>ab</span> <span class='ocrx_word' id='word_1_1081' title='bbox 1401 2697 1445 2718; x_wconf 85' lang='lat' dir='ltr'>eo</span> <span class='ocrx_word' id='word_1_1082' title='bbox 1462 2690 1627 2721; x_wconf 73' lang='lat' dir='ltr'>recedere.</span> 
     </span>
    </p>

    <p class='ocr_par' dir='ltr' id='par_1_9' title="bbox 977 2726 1854 2812">
     <span class='ocr_line' id='line_1_139' title="bbox 1016 2726 1854 2767; baseline 0.01 -11"><span class='ocrx_word' id='word_1_1083' title='bbox 1016 2726 1097 2758; x_wconf 90' lang='lat' dir='ltr'>Illud</span> <span class='ocrx_word' id='word_1_1084' title='bbox 1114 2727 1244 2766; x_wconf 84' lang='lat' dir='ltr'>dignum</span> <span class='ocrx_word' id='word_1_1085' title='bbox 1265 2728 1381 2767; x_wconf 81' lang='lat' dir='ltr'>quaeri,</span> <span class='ocrx_word' id='word_1_1086' title='bbox 1406 2738 1444 2761; x_wconf 84' lang='lat' dir='ltr'>an</span> <span class='ocrx_word' id='word_1_1087' title='bbox 1463 2730 1488 2761; x_wconf 80' lang='lat' dir='ltr'>is</span> <span class='ocrx_word' id='word_1_1088' title='bbox 1553 2731 1561 2761; x_wconf 95' lang='lat' dir='ltr'>i</span> <span class='ocrx_word' id='word_1_1089' title='bbox 1582 2731 1613 2763; x_wconf 91' lang='lat' dir='ltr'>in</span> <span class='ocrx_word' id='word_1_1090' title='bbox 1629 2731 1854 2764; x_wconf 80' lang='lat' dir='ltr'>contrahendo</span> 
     </span>
     <span class='ocr_line' id='line_1_140' title="bbox 977 2766 1853 2812; baseline 0.01 -15"><span class='ocrx_word' id='word_1_1091' title='bbox 977 2766 1021 2798; x_wconf 86' lang='lat' dir='ltr'>est</span> <span class='ocrx_word' id='word_1_1092' title='bbox 1045 2768 1201 2808; x_wconf 83' lang='lat' dir='ltr'>deceptus</span> <span class='ocrx_word' id='word_1_1093' title='bbox 1222 2769 1299 2800; x_wconf 89' lang='lat' dir='ltr'>dolo</span> <span class='ocrx_word' id='word_1_1094' title='bbox 1316 2771 1399 2801; x_wconf 83' lang='lat' dir='ltr'>malo</span> <span class='ocrx_word' id='word_1_1095' title='bbox 1417 2794 1427 2810; x_wconf 94' lang='lat'>,</span> <span class='ocrx_word' id='word_1_1096' title='bbox 1451 2780 1493 2812; x_wconf 84' lang='lat' dir='ltr'>po</span> <span class='ocrx_word' id='word_1_1097' title='bbox 1517 2780 1545 2804; x_wconf 70' lang='lat' dir='ltr'>it</span> <span class='ocrx_word' id='word_1_1098' title='bbox 1562 2773 1688 2805; x_wconf 65' lang='lat' dir='ltr'>actione</span> <span class='ocrx_word' id='word_1_1099' title='bbox 1703 2774 1803 2805; x_wconf 65' lang='lat' dir='ltr'>:bonae</span> <span class='ocrx_word' id='word_1_1100' title='bbox 1816 2772 1853 2804; x_wconf 89' lang='lat' dir='ltr'>fi-</span> 
     </span>
    </p>
   </div>
   <div class='ocr_carea' id='block_1_7' title="bbox 959 2808 1852 2857">
    <p class='ocr_par' dir='ltr' id='par_1_10' title="bbox 959 2808 1852 2857">
     <span class='ocr_line' id='line_1_141' title="bbox 959 2808 1852 2857; baseline 0.006 -18"><span class='ocrx_word' id='word_1_1101' title='bbox 959 2809 1026 2840; x_wconf 87' lang='lat' dir='ltr'>-dei</span> <span class='ocrx_word' id='word_1_1102' title='bbox 1045 2808 1110 2840; x_wconf 84' lang='lat' dir='ltr'>fine</span> <span class='ocrx_word' id='word_1_1103' title='bbox 1127 2809 1307 2842; x_wconf 87' lang='lat' dir='ltr'>discrimine</span> <span class='ocrx_word' id='word_1_1104' title='bbox 1321 2819 1455 2852; x_wconf 82' lang='lat' dir='ltr'>petere,</span> <span class='ocrx_word' id='word_1_1105' title='bbox 1475 2814 1585 2847; x_wconf 89' lang='lat' dir='ltr'>dolum</span> <span class='ocrx_word' id='word_1_1106' title='bbox 1601 2816 1747 2857; x_wconf 79' lang='lat' dir='ltr'>purgari,</span> <span class='ocrx_word' id='word_1_1107' title='bbox 1766 2815 1852 2845; x_wconf 89' lang='lat' dir='ltr'>salvo</span> 
     </span>
    </p>
   </div>
   <div class='ocr_carea' id='block_1_8' title="bbox 976 2848 1856 2975">
    <p class='ocr_par' dir='ltr' id='par_1_11' title="bbox 976 2848 1856 2975">
     <span class='ocr_line' id='line_1_142' title="bbox 976 2848 1856 2894; baseline 0.005 -13"><span class='ocrx_word' id='word_1_1108' title='bbox 976 2848 1171 2883; x_wconf 60' lang='lat' dir='ltr'>contractu?</span> <span class='ocrx_word' id='word_1_1109' title='bbox 1193 2860 1301 2891; x_wconf 87' lang='lat' dir='ltr'>pone,</span> <span class='ocrx_word' id='word_1_1110' title='bbox 1325 2855 1481 2894; x_wconf 78' lang='lat' dir='ltr'>experiri:</span> <span class='ocrx_word' id='word_1_1111' title='bbox 1506 2865 1571 2888; x_wconf 86' lang='lat' dir='ltr'>non</span> <span class='ocrx_word' id='word_1_1112' title='bbox 1591 2865 1626 2888; x_wconf 93' lang='lat' dir='ltr'>ut</span> <span class='ocrx_word' id='word_1_1113' title='bbox 1646 2865 1734 2888; x_wconf 89' lang='lat' dir='ltr'>totus</span> <span class='ocrx_word' id='word_1_1114' title='bbox 1752 2854 1856 2887; x_wconf 81' lang='lat' dir='ltr'>diffol-</span> 
     </span>
     <span class='ocr_line' id='line_1_143' title="bbox 978 2892 1853 2939; baseline 0.007 -18"><span class='ocrx_word' id='word_1_1115' title='bbox 978 2899 1071 2922; x_wconf 84' lang='lat' dir='ltr'>vatur</span> <span class='ocrx_word' id='word_1_1116' title='bbox 1088 2892 1289 2931; x_wconf 53' lang='lat' dir='ltr'>contraitum</span> <span class='ocrx_word' id='word_1_1117' title='bbox 1313 2894 1365 2926; x_wconf 74' lang='lat' dir='ltr'>led</span> <span class='ocrx_word' id='word_1_1118' title='bbox 1389 2905 1512 2936; x_wconf 75' lang='lat' dir='ltr'>quant-o</span> <span class='ocrx_word' id='word_1_1119' title='bbox 1533 2899 1634 2939; x_wconf 79' lang='lat' dir='ltr'>pluris</span> <span class='ocrx_word' id='word_1_1120' title='bbox 1651 2905 1704 2929; x_wconf 89' lang='lat' dir='ltr'>aut</span> <span class='ocrx_word' id='word_1_1121' title='bbox 1721 2896 1853 2928; x_wconf 80' lang='lat' dir='ltr'>minoris</span> 
     </span>
     <span class='ocr_line' id='line_1_144' title="bbox 980 2932 1852 2975; baseline 0.006 -12"><span class='ocrx_word' id='word_1_1122' title='bbox 980 2932 1102 2964; x_wconf 68' lang='lat' dir='ltr'>emisset</span> <span class='ocrx_word' id='word_1_1123' title='bbox 1120 2941 1174 2965; x_wconf 89' lang='lat' dir='ltr'>aut</span> <span class='ocrx_word' id='word_1_1124' title='bbox 1196 2935 1404 2975; x_wconf 70' lang='lat' dir='ltr'>vendidiffet,</span> <span class='ocrx_word' id='word_1_1125' title='bbox 1427 2937 1448 2970; x_wconf 88' lang='lat' dir='ltr'>fi</span> <span class='ocrx_word' id='word_1_1126' title='bbox 1467 2947 1533 2971; x_wconf 88' lang='lat' dir='ltr'>non</span> <span class='ocrx_word' id='word_1_1127' title='bbox 1558 2938 1777 2971; x_wconf 84' lang='lat' dir='ltr'>intervenisset</span> <span class='ocrx_word' id='word_1_1128' title='bbox 1794 2938 1852 2969; x_wconf 89' lang='lat' dir='ltr'>do-</span> 
     </span>
    </p>
   </div>
   <div class='ocr_carea' id='block_1_9' title="bbox 960 2974 1853 3021">
    <p class='ocr_par' dir='ltr' id='par_1_12' title="bbox 960 2974 1853 3021">
     <span class='ocr_line' id='line_1_145' title="bbox 960 2974 1853 3021; baseline 0.004 -16"><span class='ocrx_word' id='word_1_1129' title='bbox 960 2974 1027 3006; x_wconf 64' lang='lat' dir='ltr'>‹lus</span> <span class='ocrx_word' id='word_1_1130' title='bbox 1043 2975 1154 3007; x_wconf 85' lang='lat' dir='ltr'>malus.</span> <span class='ocrx_word' id='word_1_1131' title='bbox 1186 2975 1263 3008; x_wconf 89' lang='lat' dir='ltr'>Non</span> <span class='ocrx_word' id='word_1_1132' title='bbox 1283 2985 1352 3009; x_wconf 79' lang='lat' dir='ltr'>utar</span> <span class='ocrx_word' id='word_1_1133' title='bbox 1365 2980 1583 3013; x_wconf 82' lang='lat' dir='ltr'>circuitione:</span> <span class='ocrx_word' id='word_1_1134' title='bbox 1605 2988 1714 3021; x_wconf 84' lang='lat' dir='ltr'>aperte</span> <span class='ocrx_word' id='word_1_1135' title='bbox 1730 2979 1853 3018; x_wconf 82' lang='lat' dir='ltr'>dicam,</span> 
     </span>
    </p>
   </div>
   <div class='ocr_carea' id='block_1_10' title="bbox 971 3016 1856 3275">
    <p class='ocr_par' dir='ltr' id='par_1_13' title="bbox 971 3016 1856 3275">
     <span class='ocr_line' id='line_1_146' title="bbox 975 3016 1853 3061; baseline 0.006 -15"><span class='ocrx_word' id='word_1_1136' title='bbox 975 3016 1031 3046; x_wconf 82' lang='lat' dir='ltr'>vel</span> <span class='ocrx_word' id='word_1_1137' title='bbox 1056 3017 1121 3048; x_wconf 90' lang='lat' dir='ltr'>hoc</span> <span class='ocrx_word' id='word_1_1138' title='bbox 1146 3018 1212 3058; x_wconf 84' lang='lat' dir='ltr'>pati</span> <span class='ocrx_word' id='word_1_1139' title='bbox 1238 3018 1352 3052; x_wconf 85' lang='lat' dir='ltr'>bonam</span> <span class='ocrx_word' id='word_1_1140' title='bbox 1378 3020 1475 3053; x_wconf 85' lang='lat' dir='ltr'>fidem</span> <span class='ocrx_word' id='word_1_1141' title='bbox 1492 3045 1502 3061; x_wconf 92' lang='lat'>‚</span> <span class='ocrx_word' id='word_1_1142' title='bbox 1523 3030 1622 3060; x_wconf 78' lang='lat' dir='ltr'>atque</span> <span class='ocrx_word' id='word_1_1143' title='bbox 1645 3021 1684 3051; x_wconf 88' lang='lat' dir='ltr'>ab</span> <span class='ocrx_word' id='word_1_1144' title='bbox 1711 3018 1853 3060; x_wconf 83' lang='lat' dir='ltr'>Ulpiano</span> 
     </span>
     <span class='ocr_line' id='line_1_147' title="bbox 981 3058 1853 3103; baseline -0.002 -9"><span class='ocrx_word' id='word_1_1145' title='bbox 981 3058 1060 3090; x_wconf 85' lang='lat' dir='ltr'>tradi</span> <span class='ocrx_word' id='word_1_1146' title='bbox 1080 3058 1104 3090; x_wconf 73' lang='lat' dir='ltr'>l·</span> <span class='ocrx_word' id='word_1_1147' title='bbox 1125 3067 1174 3100; x_wconf 78' lang='lat'>13-</span> <span class='ocrx_word' id='word_1_1148' title='bbox 1197 3059 1223 3101; x_wconf 84' lang='lat'>§·</span> <span class='ocrx_word' id='word_1_1149' title='bbox 1248 3069 1279 3100; x_wconf 83' lang='lat'>4·</span> <span class='ocrx_word' id='word_1_1150' title='bbox 1302 3061 1339 3096; x_wconf 67' lang='lat'>{9⁹</span> <span class='ocrx_word' id='word_1_1151' title='bbox 1357 3073 1388 3103; x_wconf 86' lang='lat'>5.</span> <span class='ocrx_word' id='word_1_1152' title='bbox 1413 3063 1457 3094; x_wconf 94' lang='lat' dir='ltr'>D.</span> <span class='ocrx_word' id='word_1_1153' title='bbox 1481 3065 1514 3094; x_wconf 84' lang='lat' dir='ltr'>de</span> <span class='ocrx_word' id='word_1_1154' title='bbox 1531 3062 1694 3094; x_wconf 64' lang='lat' dir='ltr'>actionibus</span> <span class='ocrx_word' id='word_1_1155' title='bbox 1712 3061 1799 3103; x_wconf 66' lang='lat' dir='ltr'>empti</span> <span class='ocrx_word' id='word_1_1156' title='bbox 1814 3060 1853 3096; x_wconf 69' lang='lat'>63⁹</span> 
     </span>
     <span class='ocr_line' id='line_1_148' title="bbox 980 3100 1854 3145; baseline 0.007 -16"><span class='ocrx_word' id='word_1_1157' title='bbox 980 3101 1110 3132; x_wconf 81' lang='lat' dir='ltr'>venditi.-</span> <span class='ocrx_word' id='word_1_1158' title='bbox 1131 3101 1152 3133; x_wconf 82' lang='lat' dir='ltr'>fi</span> <span class='ocrx_word' id='word_1_1159' title='bbox 1172 3100 1293 3134; x_wconf 85' lang='lat' dir='ltr'>fincere</span> <span class='ocrx_word' id='word_1_1160' title='bbox 1307 3104 1499 3145; x_wconf 79' lang='lat' dir='ltr'>integreque</span> <span class='ocrx_word' id='word_1_1161' title='bbox 1516 3113 1532 3135; x_wconf 88' lang='lat' dir='ltr'>a</span> <span class='ocrx_word' id='word_1_1162' title='bbox 1548 3104 1744 3144; x_wconf 84' lang='lat' dir='ltr'>contagione</span> <span class='ocrx_word' id='word_1_1163' title='bbox 1758 3103 1854 3135; x_wconf 67' lang='lat' dir='ltr'>cavil-</span> 
     </span>
     <span class='ocr_line' id='line_1_149' title="bbox 981 3140 1854 3185; baseline 0.007 -14"><span class='ocrx_word' id='word_1_1164' title='bbox 981 3140 1107 3174; x_wconf 86' lang='lat' dir='ltr'>lationis</span> <span class='ocrx_word' id='word_1_1165' title='bbox 1136 3141 1289 3176; x_wconf 86' lang='lat' dir='ltr'>servetur.</span> <span class='ocrx_word' id='word_1_1166' title='bbox 1322 3146 1410 3185; x_wconf 83' lang='lat' dir='ltr'>quod</span> <span class='ocrx_word' id='word_1_1167' title='bbox 1434 3147 1515 3177; x_wconf 87' lang='lat' dir='ltr'>adeo</span> <span class='ocrx_word' id='word_1_1168' title='bbox 1533 3154 1597 3176; x_wconf 89' lang='lat' dir='ltr'>non</span> <span class='ocrx_word' id='word_1_1169' title='bbox 1614 3144 1660 3176; x_wconf 87' lang='lat' dir='ltr'>est</span> <span class='ocrx_word' id='word_1_1170' title='bbox 1674 3144 1797 3178; x_wconf 62' lang='lat' dir='ltr'>factum</span> <span class='ocrx_word' id='word_1_1171' title='bbox 1813 3144 1854 3177; x_wconf 86' lang='lat' dir='ltr'>ab</span> 
     </span>
     <span class='ocr_line' id='line_1_150' title="bbox 975 3182 1856 3227; baseline 0.006 -13"><span class='ocrx_word' id='word_1_1172' title='bbox 975 3182 1128 3216; x_wconf 82' lang='lat' dir='ltr'>Accurfio</span> <span class='ocrx_word' id='word_1_1173' title='bbox 1139 3207 1149 3223; x_wconf 84' lang='lat'>,</span> <span class='ocrx_word' id='word_1_1174' title='bbox 1166 3184 1300 3225; x_wconf 86' lang='lat' dir='ltr'>aliisque</span> <span class='ocrx_word' id='word_1_1175' title='bbox 1319 3185 1550 3227; x_wconf 82' lang='lat' dir='ltr'>interpretibus</span> <span class='ocrx_word' id='word_1_1176' title='bbox 1566 3185 1651 3218; x_wconf 71' lang='lat' dir='ltr'>sama</span> <span class='ocrx_word' id='word_1_1177' title='bbox 1667 3187 1806 3226; x_wconf 80' lang='lat' dir='ltr'>celebri,</span> <span class='ocrx_word' id='word_1_1178' title='bbox 1821 3186 1856 3219; x_wconf 65' lang='grc' dir='ltr'>ὅ(</span> 
     </span>
     <span class='ocr_line' id='line_1_151' title="bbox 971 3225 1855 3275; baseline 0.006 -18"><span class='ocrx_word' id='word_1_1179' title='bbox 971 3225 1145 3266; x_wconf 51' lang='lat' dir='ltr'>¹praestante</span> <span class='ocrx_word' id='word_1_1180' title='bbox 1164 3225 1312 3261; x_wconf 82' lang='lat' dir='ltr'>scientia:</span> <span class='ocrx_word' id='word_1_1181' title='bbox 1337 3236 1371 3259; x_wconf 87' lang='lat' dir='ltr'>ut</span> <span class='ocrx_word' id='word_1_1182' title='bbox 1388 3228 1429 3260; x_wconf 88' lang='lat' dir='ltr'>de</span> <span class='ocrx_word' id='word_1_1183' title='bbox 1447 3228 1701 3270; x_wconf 75' lang='lat' dir='ltr'>jurisprudentia</span> <span class='ocrx_word' id='word_1_1184' title='bbox 1719 3228 1855 3275; x_wconf 64' lang='lat' dir='ltr'>pulchre</span> 
     </span>
    </p>
   </div>
   <div class='ocr_carea' id='block_1_11' title="bbox 1137 3266 1847 3310">
    <p class='ocr_par' dir='ltr' id='par_1_14' title="bbox 1137 3266 1847 3310">
     <span class='ocr_line' id='line_1_152' title="bbox 1137 3266 1847 3310; baseline 0.003 0"><span class='ocrx_word' id='word_1_1185' title='bbox 1137 3266 1170 3310; x_wconf 88' lang='lat' dir='ltr'>Q</span> <span class='ocrx_word' id='word_1_1186' title='bbox 1185 3276 1205 3308; x_wconf 77' lang='lat' dir='ltr'>q</span> <span class='ocrx_word' id='word_1_1187' title='bbox 1799 3278 1847 3304; x_wconf 71' lang='lat' dir='ltr'>w·</span> 
     </span>
    </p>
   </div>
  </div>
 </body>
</html>
