2036 3495
330 96 389 132 An
416 95 503 128 Lis.
533 90 579 126 V.
613 87 713 122 T1·r.
742 83 807 120 Vi.
840 78 1180 130 Dcfidei'comiiiffiria
1196 74 1370 112 hereditatis
1377 71 1531 120 petitione.

681 176 1033 211 T1rutus

1754 77 1821 111 149

1091 168 1126 204 V
1136 167 1161 203 1.

576 255 626 291 De
636 249 916 300 fideicommiffizria
934 247 1109 284 hereditatis
1120 246 1276 292 petitione.

97 367 119 392 x
142 355 253 389 ordine
275 350 415 385 occurrit
439 346 520 379 actio
543 352 614 384 quae
644 341 836 382 proponitur
858 337 906 371 his

37 360 91 434 E
112 398 224 441 quibus
243 405 281 427 ex
299 386 578 426 Senatusconsulto
592 381 801 415 Trebelliano
819 380 905 412 resti-

39 450 107 475 tuta
134 439 178 472 est
204 436 378 470 hereditas:
401 432 462 463 alio
479 437 546 460 tam
565 435 623 469 pro
642 425 760 456 herede
777 431 829 454 aut
847 431 906 463 pro

38 481 210 525 possessore
235 476 418 519 possidente.
442 470 685 502 fundamentum
711 465 795 505 ejus:
819 463 905 504 quod

37 519 338 557 fideicommisl'arius
359 523 426 546 eam
453 512 534 543 suam
562 511 668 541 dicere
692 506 815 547 potest:
840 513 904 537 non

38 566 167 607 quidem
191 561 296 597 civili,
321 557 371 588 sed
398 553 575 590 Praetori0‚
598 552 676 591 jure.
702 549 786 580 recte
812 548 906 589 igitur

38 608 91 639 vel
114 605 142 637 ei
163 601 302 645 providit
326 599 446 630 Praetor
465 590 768 626 fideicommiffaria,
794 591 824 620 id
841 587 906 625 est,

38 648 126 685 utili,
149 641 331 677 hereditatis
349 639 519 680 petitione.
565 633 641 666 Hoc
665 633 733 664 vult
750 629 906 670 Ulpianus

37 691 58 722 l.
78 699 104 720 1.
122 690 149 719 li.
169 692 189 718 ι.
216 683 375 725 quisquis,
393 679 556 719 inquiens,
582 676 713 714 sulcepit
732 673 908 705 restitutam

39 729 245 763 hereditatem
278 734 316 756 ex
345 716 629 754 senatusconsulto
662 725 701 747 ex
726 723 790 754 quo
814 712 909 744 aetio-

38 781 93 804 nes
110 769 286 803 transeunt,
303 765 389 804 quod
403 762 466 793 dixi
483 759 544 792 effe
560 757 818 791 Trebellianum,
835 762 908 785 eum

38 807 322 849 fideicommiss‘aria
352 803 535 837 hereditatis
560 800 718 840 petitione
745 799 788 828 uti
805 793 908 868 gesse.

39 853 219 886 Secundum
238 850 301 881 hoc
320 848 412 878 liceat
430 844 507 876 mihi
522 867 531 881 ,
555 845 597 873 ita
615 841 788 880 concipere
835 835 909 867 dieti

39 895 223 927 formulam:
253 891 285 921 Si
301 889 441 920 hereditas
454 890 588 926 petatur:
611 884 636 913 ei
651 883 698 912 cui
717 890 753 912 ex
771 880 907 910 Senatus-

40 937 167 979 consulto
184 944 220 965 ex
236 942 290 974 quo
308 930 431 962 (ibriones
453 931 621 963 transeunt,
644 933 676 954 ea
689 920 822 963 restituta
838 920 910 958 erit,

947 336 1084 375 adversus
1098 344 1162 365 euin
1180 334 1231 374 qui
1254 341 1316 364 eam
1327 337 1380 372 pro
1405 329 1503 362 herede
1521 351 1532 367 ,
1553 333 1637 368 prove
1659 316 1821 366 poffiffire,

941 376 1106 420 poffidebic‚
1118 376 1264 416 judicium
1278 375 1365 411 dabo,
1382 379 1414 403 ut
1432 369 1613 412 restituatur.
1644 366 1725 399 Haec
1743 373 1821 408 vero

947 421 1030 451 aetio
1047 418 1156 456 (quod
1167 424 1257 447 notat
1273 415 1386 447 Paulus
1404 414 1422 444 l.
1434 415 1480 452 2.)
1498 412 1610 443 eadem
1621 408 1737 449 recipit
1752 414 1825 446 quae

949 459 1136 492 hereditatis
1154 458 1289 498 petitio:
1313 456 1343 486 id
1360 455 1423 494 est,
1448 453 1566 485 directa
1583 453 1633 483 vel
1651 449 1752 482 civilis
1771 448 1823 479 he·

948 500 1091 534 reditatis
1111 497 1237 540 petitio.
1270 495 1426 537 Ulpianus
1447 504 1576 538 quoque
1594 492 1742 525 observat
1759 490 1775 520 l.
1793 499 1823 531 3.

948 542 1027 575 nihii
1043 539 1211 578 inter-effe,
1235 539 1312 570 mihi
1333 539 1401 577 quis
1419 546 1547 579 rogatus
1564 534 1664 566 fuerit
1680 532 1822 564 restitue-

949 595 1000 622 re,
1024 592 1062 614 an
1087 583 1116 613 ei
1138 580 1189 612 cui
1215 580 1305 612 lieres
1331 581 1442 617 extiti3
1468 578 1519 609 scd
1544 577 1573 607 ἀ
1600 576 1619 607 si
1637 575 1749 612 heres,
1774 572 1826 604 cui

951 624 1113 657 extitiffet.
1131 621 1193 663 [ἁ]
1211 622 1230 652 si
1248 622 1409 652 bonorum
1429 618 1580 661 possessor
1600 617 1653 648 firn
1672 617 1756 655 eius,
1774 613 1826 645 cui

949 663 1237 700 fideicommissaria
1265 662 1425 694 hereditas
1449 660 1556 692 relicta
1583 660 1647 695 eii,
1672 656 1828 698 perhanc

950 709 1108 740 actionem
1135 705 1274 745 experiri
1302 714 1352 735 me
1376 702 1473 745 poss‘e.
1500 702 1593 743 plane
1614 699 1641 741 ἓ.
1670 709 1695 731 1.
1718 699 1746 728 d.
1762 698 1827 735 Ζ.3.

951 752 993 782 ait
1011 748 1186 789 Ulpianus,
1207 745 1369 777 sciendum
1387 744 1469 784 csse,
1487 744 1567 775 hanc
1585 742 1745 773 attionem
1763 746 1830 770 nou

953 797 1141 831 competere
1168 787 1315 819 adversus
1340 796 1411 818 eum
1441 786 1493 827 qui
1512 784 1645 816 restituit
1669 779 1829 813 heredita-

953 842 1029 864 tem.
1053 837 1204 862 caeterum
1224 829 1298 860 mihi
1317 829 1379 859 dari
1400 828 1453 860 has
1471 827 1614 859 actiones
1629 833 1700 866 quae
1716 819 1829 854 heredi

954 875 984 906 δι
999 873 1031 906 in
1049 872 1202 904 heredem
1211 877 1415 911 competunt.

152 1004 1734 1039 wne-0⁴*-

446 1085 834 1143 LIBER
936 1077 1423 1133 SEXTUS.

716 1212 1066 1247 Trrunus
1126 1203 1152 1238 I.

768 1287 819 1323 Dc
835 1287 879 1322 rei
894 1284 1112 1320 vindicatione.

230 1396 240 1400 ·
255 1406 262 1412 .
291 1385 388 1417 eriem
411 1379 517 1412 Tituli
541 1378 659 1410 indicat
682 1374 837 1416 Ulpianus
855 1375 874 1406 l.
895 1385 919 1407 1.

279 1423 284 1436 ³
315 1427 354 1458 D.
371 1425 397 1455 b.
415 1429 435 1453 t.
469 1421 509 1454 fic
528 1420 684 1452 scribens:
709 1415 775 1458 Pist
798 1418 922 1449 afflones

304 1473 377 1511 ³quae
401 1466 433 1496 cie
455 1460 640 1499 uni'veifitate
663 1459 808 1500 propositae
831 1465 921 1497 lunt,

218 1502 287 1565 ’ἴα
312 1509 462 1550 subjicitur
472 1502 734 1546 aciiofiiigularum
748 1511 843 1532 rerum
851 1502 918 1540 peri-

190 1587 196 1593 ,
242 1556 289 1609 ἃ
315 1551 409 1583 tionis.
435 1548 516 1580 Cum
534 1550 608 1576 dicit
627 1543 782 1575 astionem
797 1544 922 1583 petitio·

52 1602 79 1625 ¹,
95 1594 130 1617 ‘¹-
178 1599 180 1601 '
222 1593 290 1623 ‚ss
320 1590 527 1630 nis,speciem
539 1586 832 1626 conjungitgeneri.
851 1593 923 1615 iiam

58 1642 142 1675 aetio
166 1640 210 1671 est
233 1635 379 1679 generale
402 1631 552 1662 verbum:
576 1628 745 1659 continens
768 1627 796 1657 ἂ
816 1627 924 1656 concli-

62 1684 201 1716 &ionem
219 1680 249 1711 ἃ
275 1676 475 1718 petitionem.
500 1671 614 1702 dicitur
638 1677 716 1699 vero
740 1668 822 1699 aetio
848 1667 926 1708 peti-

61 1724 177 1756 tionis:
200 1721 278 1753 ficut
293 1719 322 1750 in
339 1717 358 1747 i.
378 1724 402 1747 1.
420 1714 452 1744 C.
468 1714 500 1743 de
514 1710 634 1743 condier.
651 1710 742 1741 indeb.
767 1710 881 1751 legitur
897 1719 929 1740 a·

63 1766 128 1798 ftio
145 1759 370 1796 condictionis.
401 1755 453 1786 sed
474 1754 661 1794 plerumque
677 1752 791 1791 petitio
811 1751 926 1782 dicitur

62 1806 264 1846 simpliciter,
282 1801 377 1832 etiam
395 1795 581 1828 vindicatio.
606 1793 719 1833 petitio
737 1802 753 1824 a
768 1794 925 1833 petendo:

62 1847 239 1880 vindicatio
258 1854 273 1874 a
291 1839 493 1873 vindicando.
518 1844 628 1877 petere
644 1834 688 1866 est
706 1835 853 1875 generale
870 1844 912 1865 vo

63 1890 233 1925 cabuluni;
257 1892 292 1916 ut
310 1882 479 1914 vindicare.
525 1876 706 1916 Utrumque
723 1876 806 1907 idern
824 1876 925 1910 valet.

65 1931 153 1971 quod
171 1928 312 1960 asserere.
336 1924 428 1965 igitur
446 1928 555 1960 petere
575 1918 659 1949 suum
677 1916 738 1949 effe
755 1918 773 1948 l.
795 1927 839 1949 11.
856 1917 884 1959 §.
900 1927 929 1949 2.

62 1973 263 2007 D.deexces)t.
279 1966 417 2007 reijlctlic.
443 1963 471 1993 ἅ
491 1961 649 1992 vindicare
668 1958 751 1991 suum
769 1958 829 1990 esse
847 1959 865 1989 i.
881 1963 930 1989 66.

62 2014 91 2045 h.
105 2019 126 2044 t.
143 2013 160 2043 l.
170 2015 198 2042 6.
216 2010 243 2052 §.
262 2019 288 2041 2.
309 2008 345 2038 D.
362 2008 394 2037 de
409 2002 535 2044 confeffis
553 2003 635 2034 idem
655 2000 781 2032 sonant:
799 2000 931 2040 suntque

62 2065 100 2087 ea
109 2052 266 2096 generalia
279 2050 382 2080 verba.
406 2046 487 2077 adeo
499 2044 642 2075 Scfevola
659 2043 719 2080 ait,
737 2042 848 2083 pignus
866 2044 930 2072 vin.

65 2093 177 2127 dicari:
198 2102 269 2124 cum
295 2091 413 2131 petitur
434 2087 560 2118 afflone
578 2084 659 2125 quasi
678 2083 824 2115 Serviana
843 2084 860 2114 i.
878 2083 930 2114 ult.

68 2137 114 2169 D.
126 2132 308 2176 defigam&
331 2130 487 2170 Ulpianus
504 2136 581 2158 vero
598 2126 696 2163 dixit,
714 2124 931 2157 manumissum

65 2177 217 2209 vindicari
236 2176 266 2206 in
285 2174 464 2206 libertatem
483 2171 541 2210 l.3.
556 2168 594 2199 D.
604 2169 637 2198 de
652 2168 757 2198 liberal.
775 2173 852 2201 caui.
872 2167 932 2207 jam

67 2218 250 2250 servitutem
270 2212 422 2246 vindicari
436 2235 446 2250 ‚
469 2211 606 2242 ostendit
626 2208 756 2240 Robrica
773 2208 813 2239 D.
834 2208 865 2239 Si
879 2218 929 2244 ier-

65 2261 149 2292 *vitus
163 2259 336 2290 vindicetur.
353 2253 619 2295 quemadmodum
637 2249 863 2281 usumfructum
882 2259 935 2289 pe-

67 2302 110 2340 ti,
129 2298 364 2335 dicit'situlus,
381 2296 412 2327 Si
426 2293 737 2335 ususfrueizispeceiur.
762 2292 857 2332 igitur
872 2292 936 2321 vin-

66 2343 204 2379 dicatio,
223 2339 298 2372 ficut
315 2338 450 2378 petitio,
467 2335 512 2366 est
528 2343 700 2366 commune
719 2335 850 2364 verbum
868 2341 935 2362 om—

67 2385 155 2416 nium
172 2382 331 2414 actionum
349 2381 381 2411 in
403 2387 478 2409 rem.
504 2376 553 2407 sed
574 2375 706 2416 praesens
722 2373 852 2405 Titulus
872 2382 937 2404 non

67 2425 114 2457 est
130 2426 168 2456 de
188 2422 405 2454 vindicatione
430 2421 459 2450 in
485 2427 621 2459 genere3
647 2416 697 2447 sed
714 2416 753 2447 de
773 2417 816 2448 rei
837 2415 925 2446 vindi

67 2467 213 2503 catione,
230 2463 315 2496 idest
327 2487 336 2502 ,
352 2463 392 2494 de
402 2461 619 2491 vindicatione
630 2458 782 2495 dominii,
799 2457 848 2488 scu
866 2466 937 2496 pro-

72 2507 214 2548 prietatis
233 2506 275 2537 rei
293 2503 487 2545 corporalis,
511 2504 540 2533 ot
561 2500 719 2541 singularis
753 2508 822 2530 eam
842 2507 939 2537 porro

70 2548 320 2580 vindicationem
346 2552 478 2585 oportet
505 2543 603 2582 accipi
623 2551 694 2572 cum
713 2539 830 2572 efftftu
848 2541 939 2577 iuris:

70 2597 107 2620 ut
124 2588 284 2620 vindicare
304 2587 357 2618 sub
375 2587 438 2618 hoc
454 2584 568 2616 Titulo
590 2592 654 2613 non
675 2583 708 2614 iit
727 2584 809 2612 nuile
831 2580 939 2611 assei-e-

70 2640 107 2662 re
123 2630 152 2661 ὅ(
169 2637 295 2670 petere:
318 2629 369 2659 sed
391 2635 542 2667 praeterea
564 2624 706 2661 auferre,
731 2624 864 2658 tollere,
888 2622 927 2652 ab

72 2672 200 2702 ducere.
230 2678 301 2700 nam
322 2670 346 2700 is
364 2669 432 2700 finis
450 2666 683 2699 vindicationis.
709 2666 726 2695 l.
745 2667 821 2695 onie.
846 2663 882 2693 D.
911 2662 943 2693 Si

73 2713 140 2753 quis
150 2712 263 2753 jtiscli'c.
279 2719 336 2741 non
352 2711 467 2749 obtemp.
493 2708 567 2740 sicut
580 2710 607 2738 ὁ(
619 2706 803 2738 assertionis.
820 2713 943 2744 optime

74 2753 199 2790 Varro,
215 2753 262 2782 lib.
279 2762 307 2791 5.
325 2750 370 2781 De
386 2750 456 2791 ling.
472 2750 600 2785 Latina,
616 2756 642 2786 p.
658 2758 699 2787 40
733 2749 870 2779 Atlierere
886 2755 942 2775 ma-

77 2804 120 2826 nu
131 2795 162 2825 in
171 2794 327 2824 libertatem
336 2801 399 2822 cum
413 2792 657 2830 adprehendimus.
684 2790 731 2819 Ab
748 2790 863 2819 eodem
876 2787 941 2817 son

77 2843 111 2867 te
127 2834 171 2867 est
186 2834 250 2865 hoc
270 2831 396 2868 Ovidii,
421 2832 467 2862 lib.
484 2842 509 2862 2.
526 2832 625 2862 Amor.
646 2830 726 2871 Elpg.
746 2841 774 2869 5.
792 2832 865 2869 vers.
882 2837 931 2868 30.

162 2876 299 2916 Injicz‘am
314 2875 441 2905 dontinus
457 2874 487 2902 in
502 2881 562 2903 mezi
572 2873 642 2913 jura
658 2882 772 2902 monus.

75 2919 157 2950 Satis
183 2918 222 2948 de
247 2914 323 2947 serie
343 2915 373 2946 ὅ(
392 2914 605 2952 explicatione
628 2912 740 2944 Tituli.
767 2910 891 2943 transeo
909 2910 947 2940 ad

75 2959 243 2991 Edictum:
261 2966 327 2997 quo
346 2956 550 2994 complexum
569 2955 611 2985 rei
631 2954 878 2985 vindicationem
899 2952 948 2982 fu-

77 3001 133 3032 iffe
156 3001 348 3033 Praetorem,
373 2997 534 3036 colligitur
558 3005 597 3026 ex
615 2993 761 3032 Ulpiani.
788 2995 893 3027 Pauli,
919 2992 948 3023 ἃ

77 3041 151 3082 Gaji
170 3040 256 3073 libris
269 3040 318 3070 Aci
330 3037 474 3070 Edistum
494 3037 548 3068 iub
563 3036 624 3066 hoc
641 3035 764 3067 Titulo.
788 3035 886 3074 ipsum
905 3042 947 3064 ta·

78 3093 152 3116 men
178 3080 328 3113 Edictum
347 3078 548 3111 desideratur.
580 3078 731 3108 sententia
755 3079 881 3108 videtui·
907 3083 949 3105 ta-

83 3125 128 3157 lis
141 3123 242 3156 fuisse.
270 3122 302 3154 Si
318 3123 381 3163 quis
391 3122 545 3160 remsuom
561 3117 610 3158 effe
621 3119 798 3155 vindicabit,
814 3126 904 3158 neque
918 3126 950 3146 ea

80 3175 127 3197 ,res
141 3165 259 3197 arbitrio
282 3163 400 3203 Judicis
415 3163 440 3192 ei
458 3159 642 3201 restituetur,
666 3161 802 3197 adversus
818 3168 881 3189 eum
897 3158 949 3198 qui

79 3217 142 3240 eam
153 3205 287 3249 poffidere
302 3205 431 3244 dicetur,
440 3203 588 3244 judiciam
606 3202 687 3234 dabo.
710 3200 761 3232 Ex
779 3200 826 3233 liis
844 3200 947 3235 verbis

964 1378 1116 1413 apparet,
1139 1369 1184 1402 rei
1210 1367 1465 1400 vindicationem
1489 1372 1557 1397 tum
1575 1363 1682 1396 locum
1701 1361 1840 1399 habere,

964 1414 985 1446 ss
1004 1414 1073 1454 quis
1090 1421 1156 1444 rem
1175 1410 1259 1443 suam
1276 1409 1338 1441 esse
1357 1409 1455 1440 dicet.
1480 1408 1543 1438 dari
1556 1416 1635 1436 vero
1653 1404 1726 1436 huic
1739 1404 1794 1444 qui
1809 1401 1844 1433 id

966 1458 1071 1493 dicet,
1095 1452 1242 1485 adversus
1267 1450 1491 1493 possessorem:
1514 1457 1549 1479 ut
1572 1447 1704 1479 arbitrio
1722 1443 1843 1486 judicis

966 1496 1157 1529 restituatur.
1183 1493 1263 1526 Haee
1281 1492 1383 1524 Edicti
1401 1491 1537 1523 summa:
1554 1498 1647 1530 quam
1666 1497 1721 1529 per
1737 1493 1844 1528 partes

967 1539 1149 1579 explicabo.
1184 1537 1322 1568 Primum
1342 1536 1432 1564 datur
1449 1532 1493 1564 rei
1511 1531 1703 1563 vindicatio:
1730 1529 1750 1560 si
1772 1528 1843 1565 quis

968 1590 1034 1612 rem
1053 1580 1136 1611 suam
1152 1577 1214 1609 esse
1231 1576 1328 1608 dicet.
1355 1574 1518 1611 Verbum,
1539 1572 1626 1607 Rem,
1643 1570 1763 1602 indicat
1784 1568 1845 1599 ἔξω·

968 1623 1055 1653 brica
1074 1645 1082 1660 ‚
1112 1622 1163 1652 De
1177 1620 1219 1650 rei
1236 1618 1441 1650 vindicatione.
1465 1615 1560 1645 ctiam
1577 1613 1587 1642 l
1618 1622 1642 1644 1.
1664 1611 1700 1646 ὅ)
1717 1612 1735 1642 l.
1752 1614 1781 1641 6.
1800 1609 1846 1641 D.

968 1664 994 1695 h.
1015 1669 1035 1694 t.
1082 1661 1138 1693 Rei
1156 1670 1254 1700 porro
1275 1659 1448 1700 appellatio
1467 1657 1526 1688 late
1547 1661 1652 1696 patet:
1675 1652 1848 1693 complexa

969 1706 1089 1745 quippe
1107 1712 1203 1734 omne
1222 1704 1308 1742 quod
1326 1699 1410 1731 estin
1429 1708 1532 1730 rerum
1553 1703 1679 1727 natura:
1695 1694 1758 1726 sive
1777 1691 1849 1724 tan‘-

968 1746 999 1788 gi
1026 1744 1149 1786 potest,
1172 1743 1234 1775 sive
1258 1743 1365 1774 animo
1385 1740 1580 1781 intelligitur.
1602 1738 1645 1768 ita
1665 1745 1714 1767 res
1734 1734 1778 1766 est
1796 1733 1849 1767 vel

970 1788 1164 1827 corporalis,
1190 1785 1241 1816 vel
1263 1782 1485 1824 incorporalis.
1510 1781 1560 1811 illa
1580 1790 1627 1810 res
1644 1777 1710 1816 est;
1733 1777 1796 1808 sive
1815 1776 1849 1808 in

970 1829 1201 1870 cogitationem
1226 1826 1364 1858 nostram
1391 1823 1522 1860 incidit·,
1546 1821 1608 1853 sive
1633 1820 1671 1850 ab
1689 1828 1724 1849 ea
1742 1826 1848 1849 reino-

973 1880 1075 1902 vetur.
1101 1871 1169 1901 haec
1186 1870 1335 1906 demum,
1353 1866 1371 1897 (i
1391 1864 1590 1905 cogitatione
1607 1860 1710 1893 nostra
1728 1858 1849 1891 forma-

973 1922 1041 1944 tur:
1056 1912 1197 1951 alioquin
1218 1918 1305 1940 caret
1325 1906 1501 1938 substantia.
1529 1905 1590 1935 Sed
1610 1903 1731 1934 Praetor
1750 1907 1849 1931 vocat

973 1964 1040 1986 rem
1058 1963 1129 1994 quae
1146 1951 1208 1984 est:
1225 1961 1289 1982 non
1302 1959 1371 1990 quae
1390 1947 1576 1987 intelligitur
1606 1944 1740 1984 necjura
1756 1951 1851 1974 exau-

975 1998 1042 2034 dit;
1059 1996 1109 2026 sed
1127 2003 1265 2033 corpora
1281 1991 1309 2033 §.
1331 2001 1353 2022 i.
1376 1988 1443 2029 inst.
1465 1990 1496 2019 de
1514 1987 1617 2019 ociion.
1634 1985 1697 2017 ssve
1715 1984 1772 2016 sint
1784 1993 1852 2014 mo-

974 2038 1069 2075 bilia,
1094 2044 1156 2067 tam
1173 2036 1307 2066 animata
1325 2057 1334 2070 ,
1358 2040 1452 2072 quam
1479 2028 1582 2061 anima
1608 2026 1763 2058 carentia:
1787 2025 1852 2057 sive

975 2080 1033 2111 sitit
1051 2079 1106 2110 soli
1124 2078 1142 2108 l.
1159 2076 1216 2117 i.§.
1232 2085 1255 2106 1.
1270 2074 1306 2105 D.
1317 2075 1345 2105 h.
1358 2080 1378 2104 ι.
1403 2073 1432 2103 id
1452 2071 1516 2110 est,
1536 2069 1724 2102 immobilia.
1750 2066 1852 2098 Mitto

976 2120 1120 2153 nostros:
1135 2119 1174 2149 iic
1191 2119 1312 2148 seneca
1327 2116 1375 2146 lib.
1395 2124 1422 2146 2.
1441 2113 1507 2145 Nat
1534 2109 1631 2153 qiioest.
1642 2120 1666 2142 c.
1685 2119 1711 2142 1.
1728 2109 1791 2140 Res
1808 2109 1853 2139 in-

978 2161 1162 2202 corporales
1176 2183 1185 2197 ,
1209 2167 1242 2189 ut
1259 2156 1446 2194 servitutes,
1465 2155 1530 2185 hoc
1549 2153 1663 2184 Edicto
1681 2161 1744 2182 non
1764 2159 1854 2180 com-

979 2203 1151 2245 prehendi,
1176 2200 1220 2232 est
1235 2205 1472 2240 argumentum:
1497 2196 1584 2236 quod
1601 2194 1740 2234 separata
1758 2190 1856 2222 astio-

979 2255 1019 2277 ne
1039 2244 1239 2275 vindicantur
1257 2239 1348 2272 infra.
1368 2239 1422 2271 lib.
1441 2247 1513 2269 vti.
1533 2237 1563 2268 ἀ
1579 2244 1674 2268 Vi11.

1023 2286 1110 2318 Idem
1139 2284 1178 2315 de
1196 2282 1367 2324 generibus
1391 2280 1530 2316 Seneca,
1556 2275 1647 2317 Epist.
1665 2280 1714 2316 58.
1732 2275 1855 2313 Genus,

979 2330 1128 2369 inquiens
1139 2349 1147 2364 ‚
1171 2335 1221 2356 uec
1235 2325 1300 2364 visu
1313 2332 1364 2353 nec
1382 2321 1463 2353 tastu
1475 2343 1484 2359 ,
1499 2329 1550 2351 nec
1565 2319 1620 2349 uilo
1628 2318 1716 2358 sensu
1733 2322 1856 2356 compro-

981 2370 1136 2402 bendiiur:
1152 2367 1299 2407 cogitabile
1307 2363 1355 2404 est.
1371 2357 1690 2405 qziodgcnerali'terest,
1707 2364 1856 2399 tamquam

981 2413 1059 2443 homo
1073 2409 1213 2450 generalis
1221 2409 1279 2449 sub
1295 2406 1388 2437 oculos
1407 2414 1464 2435 non
1482 2405 1562 2434 venit
1577 2425 1586 2440 ,
1608 2402 1653 2437 lea
1666 2400 1797 2441 specialis
1807 2408 1858 2429 ve-

981 2455 1043 2489 nit,
1061 2458 1092 2482 ut
1106 2451 1219 2488 Cicero,
1237 2448 1316 2480 Cato,
1343 2445 1397 2477 Rei
1409 2447 1503 2486 igitur
1513 2441 1771 2484 appellationem
1784 2439 1860 2471 Edi-

982 2495 1034 2526 ξὶο
1047 2494 1108 2523 sola
1119 2492 1417 2529 veniuntcorpora,
1435 2490 1463 2518 ἃ
1479 2485 1613 2527 singula:
1630 2483 1726 2516 nostri
1739 2481 1859 2523 species

984 2543 1120 2571 vocant,
1147 2530 1332 2572 Philosophi
1351 2529 1522 2560 individua.
1547 2535 1665 2568 genera
1686 2534 1752 2556 non
1771 2523 1860 2554 veni-

984 2585 1039 2608 unt
1057 2576 1075 2606 i.
1094 2579 1123 2606 6.
1140 2574 1159 2604 i.
1182 2583 1208 2605 1.
1233 2572 1270 2603 D.
1286 2573 1313 2603 h.
1331 2577 1351 2602 ι.
1374 2571 1504 2602 Interim
1522 2567 1626 2609 potest
1647 2565 1734 2598 fieri:
1750 2572 1785 2596 ut
1808 2574 1858 2596 res

985 2628 1044 2650 una
1061 2618 1165 2657 plures
1181 2615 1355 2645 contineat.
1374 2613 1469 2649 item,
1487 2618 1522 2642 ut
1538 2620 1585 2642 res
1605 2609 1709 2649 plures
1722 2607 1860 2638 habeant

986 2669 1077 2690 unius
1096 2664 1275 2698 imaginem.
1299 2655 1377 2686 utile
1393 2654 1471 2690 erit,
1488 2653 1551 2683 hoc
1570 2650 1702 2689 intelligi
1715 2659 1753 2680 ex
1767 2648 1861 2680 Pom-

988 2700 1105 2742 ponio:
1129 2699 1208 2729 facit
1224 2699 1248 2728 is
1267 2699 1296 2727 in
1314 2696 1331 2727 i.
1348 2706 1397 2737 30.
1420 2694 1457 2725 1.).
1475 2696 1507 2725 de
1522 2700 1620 2733 usurp.
1636 2691 1673 2726 &²
1690 2692 1804 2729 usucap.
1829 2687 1859 2718 &

988 2751 1061 2773 ante
1084 2741 1222 2778 Seneca,
1247 2737 1340 2779 Epist.
1363 2747 1427 2769 102.
1459 2736 1516 2767 tria
1540 2742 1711 2775 corporum
1737 2738 1862 2772 genera,

990 2784 1128 2815 Primum
1155 2782 1224 2812 {unt
1252 2782 1296 2811 eis
1314 2786 1451 2819 corpora
1474 2778 1645 2814 continua,
1670 2783 1733 2805 uno
1754 2771 1861 2810 spiritu

990 2824 1186 2855 constantia:
1211 2830 1243 2853 ut
1261 2822 1402 2862 tignum,
1421 2819 1540 2857 homo,
1564 2818 1661 2856 lapis,
1684 2816 1763 2846 ovis.
1789 2811 1861 2842 talia

991 2875 1126 2905 corpora
1138 2864 1211 2904 „sunt
1228 2863 1343 2905 singula
1355 2886 1365 2902 ,
1382 2862 1411 2893 ἃ
1426 2871 1486 2902 qua
1503 2861 1574 2891 talia
1594 2858 1711 2888 habent
1724 2853 1864 2883 vindica-

991 2908 1124 2938 tionem.
1149 2904 1276 2936 Deinde
1293 2905 1360 2936 sunt
1376 2912 1510 2942 corpora
1523 2897 1728 2931 cohaerentia.
1748 2894 1864 2925 horum

991 2950 1096 2990 plures
1117 2946 1183 2978 sunt
1206 2954 1326 2988 partes:
1351 2945 1402 2976 sed
1427 2941 1618 2982 conjunfiae,
1644 2946 1738 2968 unuin
1768 2935 1864 2966 effici-

992 3000 1049 3021 unt
1065 2999 1198 3029 corpus,
1215 2990 1347 3020 domum
1363 2995 1415 3018 aut
1433 2993 1545 3016 nave-m
1558 3005 1567 3019 ,
1585 2979 1671 3010 verbi
1689 2978 1797 3019 gratia.
1820 2978 1865 3007 in·

992 3034 1031 3063 de
1050 3039 1082 3061 ut
1100 3031 1176 3072 tigni
1201 3031 1230 3062 ἃ
1247 3029 1407 3067 hominis;
1430 3026 1471 3058 sic
1488 3027 1600 3055 domus
1621 3021 1649 3050 ἃ
1667 3020 1772 3056 navis,
1798 3019 1865 3049 vin·

993 3074 1111 3104 dicatio
1127 3073 1188 3103 est:
1203 3081 1263 3103 nec
1273 3071 1382 3102 harum
1399 3066 1538 3099 membra
1556 3063 1711 3102 petimus,
1728 3061 1780 3092 fed
1796 3069 1868 3091 coi·-

993 3124 1058 3156 pus.
1085 3123 1154 3144 narn
1174 3114 1204 3145 δι
1222 3115 1337 3144 domus
1356 3113 1385 3141 δὲ
1402 3109 1507 3144 navis,
1533 3104 1683 3143 quamdiu
1701 3102 1868 3134 cohaerent

992 3155 1132 3187 universa
1159 3153 1401 3196 quodammodo
1424 3157 1488 3179 uno
1514 3145 1623 3190 spiritu
1647 3145 1867 3175 continentur.

989 3198 1040 3230 Sic
1056 3198 1086 3230 in
1100 3206 1193 3230 nave.
1207 3205 1275 3229 non
1290 3195 1375 3227 idem
1393 3192 1423 3221 in
1441 3195 1641 3221 armamentis
1654 3187 1752 3218 navis.
1771 3194 1869 3216 arrna-

1086 3238 1104 3269 ‘J
1132 3248 1150 3277 3
1780 3235 1868 3258 men-
