2036 3495
397 121 460 161 An
485 124 576 160 L113.
605 117 663 158 Ili.
701 123 799 158 T1'T.
828 121 887 157 ΙΙΙ.
923 123 972 159 De
987 118 1520 169 procuratoribus&ii'zss‘fisfii-i'bzrr.

1813 125 1856 169 cr

70 213 135 251 nati
151 218 258 250 verba.
281 217 404 258 placet,
428 217 478 248 vei
494 216 523 247 id
541 215 577 247 ad
596 213 813 255 procuratoris
831 221 938 244 curam
983 214 1056 246 diCti
1076 214 1193 254 capite.

66 261 245 302 pertinere:
271 259 352 300 quali
375 267 440 289 rem
458 261 624 295 mandans,
648 254 754 286 omnia
781 253 937 286 mandaffe

71 304 236 338 videatur,
259 300 322 332 fine
339 300 452 340 quibus
469 309 517 329 res
536 298 683 330 mandata
705 295 857 335 explicari
882 305 935 341 ne-

69 352 176 384 queat.
206 342 359 381 Exempla
378 340 446 372 sunt
465 340 494 371 in
508 340 526 371 l.
545 343 594 380 56.
615 338 651 373 &2⁹
668 342 717 370 62.
738 337 778 368 D.
796 337 823 368 h.
843 342 864 367 ι.
883 336 935 368 Sic

66 385 98 417 in
117 385 240 426 speciali
261 383 417 414 mandato.
442 380 548 423 Quid,
564 380 585 411 s1
600 379 748 420 generale
764 378 823 424 sstlff³
840 387 934 418 quan-

67 434 135 458 tum
153 428 190 457 ad
208 425 321 457 verba:
342 433 406 455 non
423 426 467 455 eit
484 424 602 463 positus
617 420 878 453 administrationi
898 420 933 450 fi-

63 468 123 500 nis.
156 477 215 499 nec
231 465 334 507 potest
356 466 477 505 negari,
503 463 565 495 ess'e
583 463 713 493 liberam
730 471 823 503 quam
842 470 933 502 appa·

63 517 114 541 ret
138 509 199 541 esse
222 507 512 539 indeterminatam:
535 514 572 535 ac
597 503 701 543 potest
723 503 777 534 suo
802 503 932 533 arbitrio

64 558 270 591 procurator,
281 557 349 589 quae
362 548 456 585 velit,
473 556 565 587 agere
575 549 689 577 omnia.
706 545 832 576 Interim
846 545 932 583 quod

62 593 237 624 mandantis
262 589 367 620 verbis
390 587 495 625 deest,
519 590 584 628 ejus
605 595 713 618 mente
731 586 930 617 continetur:

63 643 104 665 ne
121 641 206 674 agat,
224 632 309 672 quod
326 640 388 661 non
406 630 440 661 fit
456 630 535 660 intra
547 628 868 665 administrationem,
880 634 933 656 aut

61 677 150 714 quod
174 673 209 705 fit
233 671 379 703 adversus
403 670 501 702 fidem
528 671 644 702 bonam
670 670 688 700 l.
712 674 761 701 60.
789 669 817 709 ᾗ.
837 679 866 705 si.
892 667 929 713 Il.

61 716 212 748 Mmzclczti.
228 721 323 752 atque
338 713 402 744 hoc
417 712 437 743 si
454 712 518 750 est,
544 720 578 743 ut
594 711 638 743 est
658 711 864 742 verlffimum:
889 709 931 739 nil

60 755 208 793 interest,
234 763 337 786 utrum
354 754 537 794 simpliciter
555 755 676 785 dicatur
693 752 810 783 habere
832 750 930 781 omni-

59 806 111 830 um
145 797 347 838 negotiorum
381 795 686 826 administrationem
704 815 713 832 ,
744 802 782 824 an
814 792 930 823 habere

55 840 185 871 liberam
210 838 353 869 omnium
377 839 580 877 negotiorum
610 834 929 867 administrationem:

57 879 205 912 conclusa
228 880 314 910 omni
342 879 405 918 ejus
426 880 572 909 libertate
590 878 670 908 intra
686 874 928 907 administratio-

56 932 150 960 nem,
178 922 261 952 bona
277 920 339 951 fide
355 921 535 961 gerendam.
576 918 651 950 Non
668 918 769 949 minus
786 925 860 946 vere
878 916 928 961 ad-

58 965 150 1002 dam,
173 963 388 1002 quaerentibus
404 985 413 999 ,
438 963 515 999 quid
538 960 581 992 illi
599 961 693 991 liceat
711 965 928 999 procurator-13

8 1008 12 1012 “
57 1015 122 1037 non
141 1004 203 1035 esse
216 1004 312 1044 juris,
336 1002 387 1034 sed
405 1002 499 1042 fasti,
520 1000 745 1043 quaestionem,
763 1009 800 1030 an
818 1008 858 1030 ex
876 1008 928 1029 ne—

59 1048 155 1088 gotiis
179 1046 214 1077 iit
239 1045 324 1085 quod
348 1046 423 1085 agit.
469 1044 521 1075 Sic
544 1042 647 1083 petest
673 1041 841 1078 decidere,
863 1039 928 1071 exi-

59 1096 155 1128 gente
172 1087 293 1118 domini
318 1087 482 1124 utilitate3
513 1084 628 1126 pacisci
651 1083 832 1114 donationis
860 1090 928 1112 cau-

62 1130 91 1160 sa
110 1139 173 1160 non
191 1127 296 1169 potest
310 1128 386 1159 l.60.
405 1127 485 1159 DJ),
502 1132 522 1157 t.
548 1135 607 1156 nec
624 1126 721 1166 magis
740 1122 844 1164 potest
863 1132 930 1168 per-

60 1179 183 1202 mutare
199 1177 252 1200 aut
275 1170 414 1200 vendere
438 1178 486 1199 res
505 1168 624 1198 domini
651 1166 784 1196 mobiles
807 1172 859 1195 aut
875 1173 928 1196 irn-

59 1212 216 1250 mobiles3
232 1211 374 1251 quamvis
389 1210 483 1250 poffit
500 1210 639 1239 vendere
658 1206 796 1244 fructus,
813 1206 841 1236 ὅ(
859 1214 928 1245 quze

60 1261 211 1294 praeterea
231 1252 382 1282 servando
399 1250 511 1281 servari
529 1255 695 1288 nequeunt
712 1248 731 1278 l.
747 1251 796 1288 63.
809 1246 848 1277 D.
867 1248 893 1276 b.
906 1252 927 1277 t.

60 1296 78 1327 l.
99 1298 142 1325 16.
162 1294 266 1325 Cerni.
284 1292 312 1333 §v
331 1302 378 1330 42.
399 1291 435 1326 65⁹
451 1301 501 1331 43.
520 1288 590 1330 Inst.
610 1293 642 1320 tle
660 1298 756 1320 rerum
772 1289 855 1321 divis.
880 1288 928 1318 Ab

59 1337 169 1367 eadem
186 1335 308 1365 ratione
320 1332 380 1364 cst:
398 1336 484 1373 quod
502 1340 535 1362 ut
551 1332 643 1371 poffit
660 1332 690 1361 in
706 1330 859 1370 judicium
878 1329 927 1360 de>

61 1378 177 1408 ducere
195 1375 351 1406 actionem
364 1375 504 1412 domini3
522 1381 625 1404 tamen
643 1382 706 1402 non
720 1369 824 1412 potest
840 1370 924 1410 inju-

61 1418 179 1450 dicium
196 1417 356 1448 deducere
367 1425 434 1446 cam
446 1424 514 1455 quae
533 1416 571 1445 ad
586 1413 760 1445 mandantis
776 1411 925 1443 affectum

58 1459 194 1500 spectat,
220 1466 312 1498 quam
336 1455 501 1488 verisimile
526 1455 571 1486 est
588 1465 652 1486 non
670 1454 766 1485 facile
782 1452 843 1484 ess'e
861 1453 925 1485 aliis

58 1501 287 1532 mandaturum.
307 1498 382 1537 quid
400 1499 493 1538 igitur
509 1497 578 1529 est?
598 1500 628 1528 in
647 1497 705 1527 hac
722 1495 855 1536 speciale
872 1496 924 1525 de-

57 1540 208 1574 sideratur
225 1540 422 1577 mandatum,
441 1548 499 1570 nee
517 1538 628 1569 sufficit
643 1537 806 1578 generale:
821 1544 926 1567 utma-

59 1583 147 1614 xime
170 1588 294 1622 paratus
317 1579 354 1611 fit
377 1587 564 1619 procurator
579 1581 786 1619 interponere
802 1578 842 1608 de
858 1586 928 1608 rato

60 1623 244 1653 cautionem
261 1622 277 1651 l.
296 1630 344 1659 40.
364 1621 406 1652 D.
421 1621 481 1652 lm.
513 1620 592 1652 Haec
608 1629 691 1651 nunc
709 1629 768 1660 pro
786 1618 928 1650 instituto

60 1664 212 1695 breviter.
236 1663 324 1702 plura
340 1662 413 1693 vide
427 1663 455 1692 d.
469 1671 493 1693 c.
511 1671 560 1701 27.
580 1661 626 1692 De
637 1660 716 1701 past.
735 1660 771 1695 &³
790 1660 927 1700 ινανῃαέῗ.

102 1705 156 1736 Ait
174 1705 292 1736 Praetor
303 1726 313 1741 ‚
329 1703 378 1733 Ab
395 1713 422 1734 eo
435 1704 485 1744 qui
499 1703 560 1744 ejus
576 1703 706 1734 aetionis
717 1703 847 1733 dominus
862 1703 926 1733 erit.

62 1745 184 1778 Indicat
199 1746 218 1776 l.
239 1755 264 1778 1.
282 1744 324 1775 D.
342 1745 367 1774 h.
385 1749 405 1775 t.
422 1745 450 1776 dt
468 1744 530 1775 huc
545 1744 687 1776 alludunt
701 1744 721 1775 l.
739 1753 787 1775 22.
803 1744 822 1775 l.
834 1743 929 1784 23&

62 1794 111 1826 524.
132 1787 163 1818 C.
181 1787 207 1817 b.
228 1792 249 1817 t.
287 1785 398 1817 Sensus
417 1785 480 1823 est,
502 1793 742 1826 procuratorem
767 1785 805 1816 ad
823 1794 929 1825 quam-

60 1837 199 1868 cumque
221 1827 377 1859 astionem
402 1828 551 1865 admitti3
579 1827 677 1858 modo
701 1826 721 1858 fi
743 1828 927 1858 mandatum

60 1870 176 1901 habeat
187 1869 226 1900 ab
243 1879 282 1900 eo
295 1870 332 1899 ad
351 1878 444 1908 quem
463 1878 499 1899 ea
515 1869 596 1899 attio
615 1868 764 1908 pertinet.
788 1868 858 1899 talis
875 1877 927 1900 an-

61 1918 94 1941 te
122 1911 209 1942 litem
234 1909 440 1941 contestatam
470 1910 514 1941 cst
537 1910 588 1950 qui
612 1909 786 1946 astionem,
815 1908 877 1940 five
895 1910 926 1942 in

57 1960 145 1990 rem,
161 1951 267 1982 sivein
286 1951 467 1989 personam,
494 1951 534 1982 de
551 1960 610 1991 qua
627 1951 663 1982 lis
680 1950 734 1990 fit,
751 1950 803 1982 fibi
819 1951 925 1991 adqui-

57 1992 137 2024 fivit.
168 1992 237 2032 post
261 1993 346 2023 litem
371 1991 579 2024 contestatam
598 2014 607 2030 ,
633 1992 686 2033 qui
711 2001 779 2023 earn
804 1992 926 2023 domini

56 2034 206 2066 mandatu
224 2033 418 2065 contestatus
436 2033 490 2064 est.
514 2035 557 2064 ita
575 2043 639 2064 non
658 2033 816 2074 competit
831 2034 858 2064 ei
876 2034 926 2064 cui

55 2075 202 2106 mandata
225 2075 306 2105 aftio
330 2074 392 2113 est,
418 2076 465 2114 jus
485 2073 690 2106 substituendi
713 2076 928 2114 procuratoris

57 2124 131 2147 ante
149 2116 234 2147 litem
254 2116 482 2147 contestatam:
507 2117 578 2156 quia
602 2126 665 2147 non
683 2117 727 2147 est
746 2116 807 2147 litis
826 2117 925 2148 domi·

57 2166 116 2188 nus
132 2180 142 2194 ,
175 2158 258 2188 nulla
282 2157 383 2187 adhuc
409 2157 553 2189 transsata
578 2157 713 2189 afflone.
744 2157 814 2198 post
839 2158 926 2189 litem

58 2198 266 2229 contestatam
290 2207 401 2229 contra
425 2197 488 2229 est:
511 2199 582 2239 quia
608 2199 680 2230 inde
696 2200 809 2239 incipit
826 2199 861 2230 lis
889 2200 927 2231 ad

56 2247 298 2280 procuratorem
311 2240 488 2279 pertinere,
505 2247 665 2279 tamquam
677 2241 853 2272 dominum.
869 2241 926 2272 mi-

57 2289 126 2312 rum
148 2280 242 2321 igitur
259 2290 322 2311 non
349 2280 410 2319 est,
432 2280 452 2312 fi
470 2281 543 2312 inde
559 2282 652 2313 alium
670 2281 723 2312 fibi
741 2290 927 2322 procurato-

56 2331 123 2353 rem
142 2322 235 2362 posfit
252 2321 436 2353 substituere
452 2321 470 2353 l.
485 2332 533 2363 23.
555 2323 587 2353 C.
604 2323 631 2353 b.
651 2329 672 2354 t.
693 2323 780 2355 Idem
796 2325 827 2355 in
842 2331 927 2355 tuto-

54 2363 152 2394 ribus.
178 2363 390 2400 prohibentur
413 2363 467 2400 hi,
490 2363 510 2395 (i
535 2364 645 2404 pupilli
672 2363 790 2403 absint,
813 2372 866 2395 aut
883 2366 926 2396 in-

52 2403 157 2436 fantes
173 2403 248 2442 fiat,
267 2411 508 2445 procuratorem
527 2407 599 2435 dare
618 2413 690 2436 ante
708 2406 795 2437 litem
813 2414 923 2438 conte-

53 2445 173 2477 statam.
198 2446 271 2477 inde
286 2445 374 2486 ipsis,
391 2444 473 2486 quasi
484 2447 636 2485 dominis,
654 2448 923 2487 concediturpro-

54 2495 233 2518 curatorem
250 2488 342 2526 dare,
358 2488 509 2526 exemplo
528 2495 769 2528 procuratorum
787 2488 804 2518 l,
816 2498 866 2519 xr.
888 2489 920 2520 C.

54 2527 82 2558 h.
100 2534 122 2558 t.
157 2527 222 2559 Etfi
240 2528 304 2559 hoc
322 2528 539 2560 difficultatem
558 2530 672 2570 recipit
686 2539 745 2567 eo,
770 2530 857 2570 quod
875 2539 920 2560 tu-

55 2575 161 2607 tores,
184 2577 339 2609 quatenus
355 2572 393 2601 ad
409 2571 644 2609 providentiam
663 2572 773 2611 pupilli
786 2571 920 2609 attinet,

55 2617 115 2646 pro
126 2610 262 2641 dominis
279 2610 435 2642 habentur
447 2611 467 2642 l.
486 2617 535 2652 27.
547 2611 588 2642 D.
601 2614 636 2643 de
652 2614 759 2644 admin.
778 2618 834 2643 tut.
859 2612 922 2644 Sed

54 2649 126 2695 hoc·
138 2650 273 2689 placuit,
296 2650 318 2681 fi
334 2650 388 2691 ipsi
405 2660 515 2693 agant:
538 2662 604 2685 non
627 2652 649 2685 fi
672 2654 805 2685 aliorum
835 2654 922 2685 mini-

55 2689 151 2722 sterio
168 2698 303 2726 utantur.

99 2731 153 2762 Ait
171 2731 307 2770 Praetor,
333 2732 427 2771 Caustz
443 2737 566 2776 cognita.
606 2735 686 2768 Haec
703 2737 799 2768 verba
817 2737 921 2768 debeo

54 2773 132 2811 l.45.
145 2772 173 2813 §.
187 2781 212 2803 1.
226 2772 290 2807 &A
306 2783 355 2812 40.
374 2773 416 2805 D.
429 2775 456 2805 b.
473 2783 494 2806 ι.
518 2776 625 2818 estque
644 2777 691 2808 his
708 2778 922 2818 consequens:

54 2822 92 2846 ut
108 2814 230 2845 Praetor
245 2822 487 2853 procuratorem
503 2818 541 2847 ad
557 2820 713 2858 agendum
730 2829 795 2851 non
812 2820 922 2851 admit-

55 2862 122 2893 tat;
146 2854 200 2900 nisi
220 2854 282 2892 sse,
304 2863 337 2885 ut
361 2865 424 2887 non
444 2856 600 2889 refutetur
625 2860 760 2891 utilitate
774 2860 859 2900 justae
877 2870 921 2891 ra-

54 2896 165 2927 tionis.
187 2903 230 2926 rta
251 2895 287 2927 fit
309 2897 486 2935 interdum,
510 2905 544 2929 ut
563 2908 628 2931 non
646 2901 791 2932 admittat
809 2911 922 2942 procu-

53 2945 215 2976 ratorem3
238 2938 314 2969 licet
339 2937 454 2969 habeat
478 2940 659 2972 mandatum
674 2964 683 2978 ,
717 2943 746 2974 δι
769 2951 922 2983 praeterea

54 2978 171 3010 offerat
193 2980 233 3009 de
251 2986 321 3009 rato
341 2980 541 3011 cautionem:
566 2981 619 3012 nisi
637 2982 664 3012 ei
682 2984 868 3015 nominatim
886 2983 924 3015 fic

51 3021 235 3052 mandatum
252 3019 271 3050 l.
287 3030 336 3060 25.
357 3019 385 3060 ᾗ.
408 3029 432 3050 1.
452 3020 494 3052 D.
512 3022 545 3051 de
561 3023 726 3054 minorihus.
740 3025 758 3055 ὶ.
778 3029 828 3055 66.
847 3025 875 3066 ἓ.
899 3034 924 3056 1.

52 3060 98 3093 1).
117 3062 168 3092 Ad
183 3061 332 3092 Senatusc.
351 3061 468 3093 Treben.
503 3061 555 3094 Est
571 3072 721 3103 quoque,
746 3066 798 3097 ubi
815 3075 879 3097 non
898 3075 926 3096 a.

51 3099 126 3147 liter
142 3102 289 3134 admittet
309 3110 548 3143 procuratorem
561 3126 570 3142 ‚
587 3113 680 3144 quam
698 3105 719 3137 si
737 3109 764 3137 ei
782 3107 924 3139 nomina·

53 3149 113 3174 tim
137 3143 173 3174 fit
197 3144 379 3176 mandatum
398 3167 407 3183 ,
433 3145 462 3176 &
488 3154 642 3184 praeterea
663 3146 741 3187 justa
765 3147 925 3180 adferatur

54 3183 164 3221 causa,
185 3192 318 3225 propter
334 3194 425 3226 quam
444 3187 509 3226 ipse
524 3187 671 3220 dominus
689 3190 877 3229 impediatur
893 3191 921 3221 d.

52 3222 74 3256 1.
91 3224 268 3298 ssffpdlr'tlto
282 3227 310 3261 d.
322 3227 342 3261 l.
357 3236 408 3269 45.
426 3227 456 3270 §.
476 3237 503 3262 1.
546 3227 689 3265 Tantum
707 3231 747 3263 de
762 3232 865 3272 primo
881 3230 921 3266 E-

1020 257 1181 296 Sequente
1191 255 1362 296 pollicetur
1372 254 1511 292 Praetor,
1529 253 1597 285 Sine
1612 253 1787 292 mamlatose
1804 253 1854 285 ad-

980 297 1132 338 mtffurum
1150 304 1283 336 parentes
1301 320 1310 335 ,
1333 298 1451 334 liberos,
1466 298 1580 334 fratres
1593 319 1600 333 ‚
1623 294 1752 335 adfines,
1775 295 1856 326 liher-

978 343 1019 369 tos
1031 362 1039 377 ,
1053 344 1204 378 patronos,
1223 340 1380 375 maritum,
1396 336 1425 375 fi
1441 339 1469 367 id
1486 344 1583 368 ratum
1599 337 1700 367 habere
1715 346 1797 375 eum,
1813 337 1852 367 ad

977 386 1060 421 quem
1074 388 1107 410 ea
1122 389 1165 408 res
1179 381 1321 419 pertinet,
1338 380 1402 409 honi
1417 379 1478 409 viri
1493 379 1850 416 arbitratusmisrlabunr3

975 430 1027 452 nec
1044 422 1192 451 contraria
1207 420 1344 450 voluntas
1361 420 1519 456 adferemr.
1557 419 1610 451 De
1628 419 1712 451 hisce
1729 419 1848 451 Edisto

976 461 1068 493 fuisse
1086 460 1352 499 comprehensum
1365 483 1373 496 ‚
1391 461 1491 500 liquet
1508 470 1547 492 ex
1564 461 1582 491 l.
1594 471 1622 501 3.
1643 461 1670 502 §.
1682 471 1712 502 3.
1731 461 1773 492 D.
1789 461 1852 501 Ju-

975 504 1104 543 tricarum
1117 503 1204 543 fulvi,
1250 501 1348 533 Causa
1367 500 1470 532 Edisti
1489 502 1534 532 est
1551 502 1754 541 personarum
1772 512 1852 533 con-

973 546 1112 585 junctio:
1137 553 1198 584 qua
1218 544 1391 574 creduntur
1412 551 1452 573 ex
1471 543 1570 573 tacito
1587 544 1737 574 mandato
1756 552 1851 584 agere

977 587 1091 627 quibus
1109 595 1172 616 non
1191 585 1341 624 objicitur
1356 583 1513 615 contraria
1532 583 1690 615 voluntas.
1720 585 1783 615 lioc
1802 593 1852 616 ta-

976 637 1047 659 men
1067 628 1138 668 quia
1155 636 1251 666 magis
1267 625 1390 657 constat
1407 624 1669 665 praelhmptione‚
1686 635 1778 664 quam
1795 636 1851 657 ve-

976 673 1086 706 ritate,
1112 669 1185 700 ideo
1210 668 1331 698 Praetor
1355 667 1411 698 has
1431 665 1578 707 personas
1600 675 1721 697 tantum
1738 667 1851 698 admit-³

975 711 1014 741 tit
1029 710 1081 741 sub
1091 711 1240 741 cautione
1256 710 1295 740 de
1306 717 1385 740 rato.
1410 707 1456 739 lta
1471 706 1717 747 clareUlpianus
1730 710 1786 739 cm.
1797 718 1849 747 40.

974 752 1003 793 §.
1029 752 1083 782 ult.
1131 750 1168 782 In
1183 751 1245 787 his,
1270 751 1435 790 inquiens,
1456 752 1581 789 personis
1597 751 1628 779 irz
1645 750 1751 790 quibus
1767 759 1850 780 man·

973 797 1074 823 clamem
1091 802 1147 823 non
1165 793 1326 831 exigimus,
1350 791 1500 822 dicendum
1516 789 1572 830 eft,
1590 789 1619 828 fi
1631 792 1713 830 forte
1729 791 1847 821 evidens

966 833 1025 872 fir,
1049 840 1150 864 contra
1173 834 1351 864 voluntatem
1371 842 1415 862 eos
1431 834 1555 872 experiri
1571 842 1665 863 eorum
1677 839 1729 872 pro
1744 833 1849 872 quibas·

972 876 1174 906 interveniam
1185 897 1194 912 ,
1218 876 1312 904 dehere
1328 884 1371 904 eos
1387 874 1489 914 repelli.
1529 883 1591 914 ergo
1607 882 1663 904 non
1680 875 1848 914 exigimus,

972 922 1005 947 ut
1021 916 1142 946 habeant
1159 915 1339 946 voluntatem
1355 915 1400 945 vel
1415 916 1603 953 mandalum,
1611 915 1665 955 secl
1680 924 1715 946 ‘ne
1731 921 1848 946 contra-

972 959 1016 988 ricz
1033 957 1168 988 voluntas
1177 957 1312 996 probetur
1322 966 1331 992 ,-
1353 958 1487 997 quamvis
1507 958 1539 988 cle
1561 963 1623 988 razo
1637 956 1761 998 offerant
1777 965 1848 987 cazi-

973 1000 1089 1029 tionem.

1014 1040 1066 1070 Ait
1086 1039 1224 1077 Praetor,
1248 1038 1408 1076 Parentes,
1431 1039 1550 1077 liberos,
1576 1039 1635 1071 dte.
1659 1038 1764 1071 Etiam
1782 1038 1850 1071 feci

972 1081 1172 1114 mentionem
1195 1080 1325 1111 Patroni.
1350 1088 1387 1110 ae
1405 1080 1457 1111 vix
1476 1081 1609 1119 dubito,
1626 1082 1700 1121 quin
1720 1082 1781 1112 hoc
1800 1082 1848 1112 ina

973 1122 1154 1163 digitaverit
1172 1120 1324 1161 Ulpianus
1339 1120 1356 1151 l.
1373 1131 1420 1162 35.
1440 1121 1482 1153 D.
1500 1121 1527 1152 h.
1543 1127 1563 1152 t.
1581 1131 1685 1163 eoque
1703 1123 1745 1153 ibi
1765 1123 1795 1154 in
1815 1121 1851 1153 fi-

973 1173 1012 1194 ne
1024 1171 1071 1203 pr.
1097 1162 1132 1198 &P
1158 1163 1186 1204 ὃ.
1209 1172 1233 1194 1.
1261 1172 1336 1201 pro,
1361 1163 1464 1192 liberti.
1512 1163 1676 1201 Patronus,
1701 1162 1848 1195 suadeam

972 1204 1110 1243 restitui,
1133 1203 1277 1238 liberti&
1302 1203 1567 1234 PATRONUS:
1589 1213 1623 1235 ut
1643 1215 1727 1243 vox,
1747 1212 1848 1245 patro-

971 1256 1046 1285 nus,
1071 1245 1203 1286 sequens
1220 1246 1250 1276 in
1267 1246 1294 1276 d.
1312 1244 1331 1286 §
1364 1254 1387 1276 1.
1411 1245 1601 1286 geminetur.
1626 1245 1705 1277 Sane
1723 1255 1794 1277 cum
1813 1247 1848 1278 in

969 1288 1066 1318 liberto
1083 1288 1146 1318 hoc
1159 1287 1288 1319 Praetori
1307 1287 1452 1326 placeat,
1469 1296 1534 1317 non
1551 1286 1596 1318 est
1611 1286 1700 1317 causa
1712 1310 1721 1325 ,
1738 1289 1847 1319 curin

965 1336 1088 1370 patrono
1114 1328 1304 1368 improbasse
1321 1351 1331 1364 ,
1355 1326 1560 1358 existimetur.
1604 1327 1665 1359 Sed
1694 1328 1759 1359 hoc
1782 1330 1847 1368 jam

969 1371 1093 1410 conjeci
1111 1371 1229 1401 dudum
1246 1369 1292 1400 lib.
1306 1379 1336 1400 2.
1353 1369 1474 1408 Observ.
1497 1379 1521 1400 c.
1538 1372 1582 1400 16.
1608 1368 1746 1401 Omiss'us
1766 1379 1849 1410 quo-

970 1421 1031 1452 que
1048 1412 1078 1443 in
1096 1413 1124 1443 cl.
1141 1412 1160 1443 l.
1171 1421 1220 1452 35.
1246 1410 1292 1442 est
1309 1411 1457 1442 maritus:
1476 1419 1548 1442 cum
1566 1409 1682 1442 Edicto
1699 1421 1850 1452 compre-

969 1453 1100 1484 hensum
1125 1453 1238 1491 fuiffe,
1259 1452 1385 1483 constet
1409 1461 1449 1483 ex
1465 1453 1492 1482 d.
1513 1452 1532 1483 l.
1551 1461 1580 1492 3.
1599 1452 1627 1493 §.
1644 1462 1673 1493 3.
1700 1452 1737 1487 ὅ)
1758 1453 1778 1484 l.
1797 1462 1850 1485 21.

970 1495 1002 1526 C.
1019 1495 1046 1526 b.
1064 1500 1085 1525 t.
1123 1494 1212 1525 Fecit
1233 1502 1385 1534 praeterea
1402 1492 1561 1524 causarum
1577 1494 1777 1534 conjunctim
1801 1494 1852 1526 uti

971 1536 1068 1568 fimile
1085 1545 1234 1575 putemus
1251 1536 1290 1566 de
1306 1533 1506 1565 consortibus
1517 1534 1658 1574 ejusdem
1676 1535 1758 1574 litis,
1775 1535 1851 1576 post

972 1577 1094 1608 causam
1113 1578 1252 1618 legitime
1267 1577 1461 1607 ordinatam:
1486 1575 1517 1607 id
1535 1574 1597 1613 cst,
1621 1584 1849 1616 praeparatam:

971 1626 1008 1650 ut
1018 1619 1142 1650 erudite
1152 1617 1300 1649 observat
1310 1616 1583 1649 Gothofredusad
1592 1617 1611 1648 l.
1623 1626 1649 1648 2.
1661 1617 1728 1649 Cod.
1742 1617 1850 1650 Theod.

972 1662 1005 1692 de
1020 1661 1220 1701 cognitoribus.
1238 1659 1300 1691 Sed
1320 1659 1383 1690 hoc
1402 1668 1465 1690 non
1483 1658 1618 1690 debetur
1636 1657 1773 1698 Edicto3
1789 1668 1848 1692 ve-

971 1711 1038 1733 rum
1057 1702 1076 1732 l.
1099 1710 1123 1733 1.
1142 1700 1178 1735 &²
1197 1711 1224 1733 2.
1245 1701 1277 1732 C.
1295 1703 1327 1731 de
1341 1700 1488 1741 consortii).
1505 1700 1596 1741 ejusd.
1606 1700 1650 1731 lz‘r.
1676 1703 1850 1733 concinna-³

972 1751 1011 1774 tae
1023 1753 1038 1774 a
1056 1742 1259 1774 Triboniano
1275 1752 1314 1774 ex
1331 1743 1359 1773 cl.
1377 1742 1394 1772 l.
1413 1752 1441 1773 2.
1463 1742 1530 1773 Cod.
1551 1741 1650 1773 Theoti.
1669 1741 1800 1774 Induxit
1816 1742 1852 1774 &t

972 1784 1200 1816 Constantinus
1216 1784 1299 1815 aliud
1317 1784 1336 1814 l.
1357 1793 1383 1815 1.
1403 1783 1435 1814 C.
1461 1784 1494 1814 Si
1506 1789 1558 1824 per
1572 1784 1632 1814 vim
1650 1784 1697 1815 vel
1712 1783 1750 1816 al.
1769 1785 1845 1815 mod.

971 1827 1031 1867 abs.
1048 1827 1177 1867 perturb.
1191 1824 1232 1864 sit
1243 1825 1351 1866 pqffqff.

1010 1867 1181 1908 Superiore
1200 1867 1300 1898 Edicti
1319 1867 1433 1907 Capite
1451 1866 1684 1906 demonstravi,
1706 1874 1851 1908 quomo-

970 1910 1013 1941 do
1031 1919 1089 1950 pro
1106 1909 1212 1940 actore
1229 1908 1438 1940 constituatur
1455 1917 1654 1948 procurator.
1680 1908 1845 1950 Sequente

969 1952 1072 1982 dicam
1091 1951 1131 1982 de
1151 1951 1215 1989 eius
1230 1949 1350 1981 officio.
1376 1950 1415 1981 de
1432 1958 1497 1989 quo
1514 1951 1556 1981 ita
1572 1949 1703 1981 Praetor.
1750 1951 1846 1992 Cujus

969 1994 1082 2023 nomine
1101 1994 1164 2033 quis
1180 1991 1318 2023 actionem
1335 1992 1400 2021 sla'ri
1410 1990 1467 2029 fibi
1479 1990 1656 2031 postulabit,
1672 1992 1698 2022 is
1715 2001 1779 2023 eum
1795 1994 1848 2023 bo-

969 2035 1001 2065 ni
1017 2035 1078 2065 viri
1094 2035 1240 2064 arbitram
1254 2033 1409 2071 defendat,
1434 2031 1470 2066 &²
1488 2034 1513 2064 ei
1530 2042 1585 2075 quo
1603 2043 1668 2064 cum
1683 2042 1712 2063 eo
1730 2035 1844 2064 nomine

968 2082 1034 2116 ager
1051 2077 1080 2106 id
1097 2081 1193 2106 ratum
1211 2075 1311 2104 hahere
1319 2075 1430 2104 eumad
1445 2083 1527 2114 quem
1542 2084 1625 2105 eures
1637 2075 1780 2114 pertinet,
1797 2076 1845 2105 bo-

969 2118 1002 2146 m'
1016 2119 1075 2147 viri
1091 2116 1372 2154 arbitrarustztz'sdet.
1398 2115 1477 2146 Haec
1490 2115 1586 2146 verba
1602 2123 1712 2146 extant
1723 2116 1844 2157 inl.33s.

970 2158 998 2199 ᾗ.
1019 2168 1048 2199 3.
1067 2157 1108 2189 D.
1127 2159 1155 2188 h.
1174 2163 1194 2187 t.
1215 2156 1265 2187 sed
1286 2157 1428 2188 addenda
1448 2157 1516 2187 liaec
1532 2166 1642 2196 pauca.
1673 2157 1706 2188 Si
1724 2167 1781 2188 non
1798 2162 1847 2188 de-

968 2202 1089 2239 fendat,
1105 2199 1219 2238 jurisve
1235 2207 1291 2229 non
1309 2199 1371 2235 det,
1391 2196 1678 2238 cumpostulabitur‚
1702 2198 1844 2230 aeranem

970 2251 1027 2272 non
1038 2242 1125 2271 ss'clbo:
1138 2246 1329 2280 praeterquam
1331 2237 1361 2277 fi
1366 2239 1510 2280 praesbnris
1519 2245 1687 2279 procurator
1690 2238 1740 2277 fic.
1758 2239 1842 2271 Haec

970 2282 1065 2313 verba
1076 2305 1085 2320 ,
1100 2281 1135 2311 Sz'
1147 2290 1203 2312 nrm
1219 2281 1373 2321 defendat,
1393 2281 1530 2312 atilionem
1546 2291 1603 2311 non
1618 2282 1707 2319 daho,
1725 2281 1846 2322 collegi

970 2333 1010 2354 ex
1026 2323 1105 2363 l.43.
1124 2321 1194 2363 §.4.
1213 2321 1255 2353 D.
1272 2322 1300 2353 h.
1317 2328 1338 2354 t.
1353 2321 1444 2354 fuiss'e
1460 2332 1537 2354 vero
1555 2321 1656 2353 Eaiffi
1675 2325 1843 2362 perpetui,

970 2365 1069 2396 docet
1088 2364 1269 2396 Antoninus
1285 2363 1377 2403 l.5.c.
1390 2365 1449 2395 eod.
1468 2363 1513 2394 tir.
1532 2372 1593 2394 nec
1610 2364 1711 2394 minus
1729 2364 1847 2395 intelli-

968 2406 1052 2446 gitur
1068 2415 1108 2437 ex
1125 2405 1142 2436 l.
1161 2415 1190 2446 3.
1208 2405 1241 2443 C.
1257 2408 1315 2436 eorl.
1341 2406 1387 2436 tit.
1417 2405 1504 2444 quod
1529 2405 1612 2436 enim
1637 2404 1681 2435 ibi
1704 2405 1844 2445 dicitur,—

967 2456 1041 2478 eum
1066 2454 1309 2487 procuratorem
1328 2446 1489 2486 prohiberi
1512 2446 1551 2476 ab
1568 2445 1842 2478 administratione

965 2490 1169 2529 negotiorum
1181 2511 1190 2526 ,
1208 2487 1379 2519 secundum
1394 2487 1782 2527 formamjurisdicrionis‚
1799 2488 1843 2520 fic

962 2531 1185 2569 accipiendum
1203 2528 1266 2567 est,
1290 2528 1461 2560 secundum
1486 2527 1623 2560 formam
1649 2528 1751 2561 Editti
1770 2539 1842 2570 pei·-

965 2572 1064 2612 petui.
1107 2570 1278 2611 Sequentia
1303 2569 1407 2601 EdiCti
1426 2569 1539 2607 verba,
1564 2570 1678 2601 Satisve
1700 2581 1757 2601 non
1772 2572 1839 2609 det,

966 2622 1032 2644 non
1049 2613 1175 2652 reperio
1192 2612 1223 2642 in
1241 2611 1425 2649 pandectis,
1449 2619 1501 2642 aut
1520 2611 1654 2643 Codice.
1683 2611 1775 2643 fuiise
1794 2620 1841 2643 ta-

965 2663 1038 2686 men
1065 2654 1095 2684 in
1113 2652 1247 2691 Edicto,
1271 2651 1408 2692 suspicor
1429 2653 1473 2683 ob
1491 2651 1620 2693 sequens
1638 2652 1725 2685 Pauli
1742 2652 1838 2694 Frag-

966 2702 1110 2726 mentum
1125 2694 1172 2726 lz'b.
1196 2703 1221 2724 1.
1241 2693 1370 2724 Semenr.
1388 2695 1434 2725 ric.
1454 2704 1482 2733 4.
1498 2693 1566 2735 §.6.
1585 2694 1703 2734 Sisatz's
1719 2704 1775 2725 non
1790 2697 1838 2725 dec

962 2742 1134 2776 procurator
1149 2736 1290 2772 absentis.-
1314 2734 1386 2766 att-io
1404 2737 1428 2766 ei
1443 2737 1564 2776 absentis
1581 2737 1693 2767 nomine
1712 2745 1768 2766 non
1785 2736 1838 2765 da-

967 2784 1026 2808 tur.
1071 2776 1235 2808 Postrema
1259 2775 1360 2808 Editti
1378 2777 1491 2814 verba,
1518 2777 1715 2819 Fraeterqmzm
1723 2775 1752 2814 fi
1761 2783 1836 2815 prae-

959 2818 1056 2859 sentis
1068 2823 1239 2857 procurator
1248 2816 1308 2857 sic,
1332 2817 1484 2859 desumpsi
1500 2828 1540 2850 ex
1557 2819 1576 2849 l.
1595 2820 1671 2849 unic.
1690 2818 1722 2847 C.
1742 2818 1838 2856 desa·-

966 2861 1107 2890 tisdando.
1130 2859 1149 2890 l.
1159 2862 1208 2898 65.
1222 2858 1262 2891 D.
1272 2859 1300 2891 h.
1317 2866 1337 2890 t.
1360 2860 1454 2892 etiam
1471 2860 1533 2891 huc
1550 2859 1718 2898 respiciunt
1733 2857 1751 2887 l.
1768 2859 1837 2896 5.6.

966 2909 994 2941 7.
1015 2900 1055 2931 D.
1065 2901 1123 2931 eod.
1149 2899 1290 2933 Tantum
1308 2902 1347 2933 de
1363 2903 1581 2942 conceptione
1597 2899 1710 2930 Edicti.
1735 2896 1835 2943 sequi-

967 2951 1017 2973 tur
1033 2943 1281 2974 commendatio.
1298 2942 1343 2974 est
1359 2953 1414 2982 ea,
1430 2951 1585 2983 quatenus
1596 2942 1709 2971 attinet
1720 2938 1758 2983 ad
1770 2947 1834 2979 prr-

968 2992 1056 3014 orem
1083 2991 1222 3024 partem,
1246 2985 1276 3016 in
1298 2983 1327 3025 §.
1345 2995 1372 3023 4.
1393 2987 1419 3015 d.
1439 2985 1457 3015 l.
1475 2994 1524 3024 533.
1542 2982 1582 3012 ibi
1600 2982 1642 3026 ait
1658 2978 1834 3025 Ulpianus,

967 3033 1091 3064 aequum
1109 3024 1241 3056 Praetori
1258 3027 1356 3057 vilum
1370 3025 1451 3062 effe,
1475 3032 1545 3054 eum
1563 3031 1613 3061 qui
1631 3021 1759 3060 alicujus
1777 3030 1836 3052 no·-

967 3067 1052 3097 mine
1073 3074 1261 3106 procurator
1283 3069 1463 3108 experitur,
1487 3064 1634 3108 eumdem
1661 3062 1757 3093 etiam
1782 3063 1836 3094 de.»

966 3106 1142 3139 sensionem
1169 3107 1343 3148 suscipere;
1366 3107 1387 3139 fi
1411 3115 1479 3137 reus
1497 3103 1572 3134 velit
1589 3112 1660 3134 eum
1677 3112 1834 3135 reconvea

966 3150 1041 3180 nire.
1064 3149 1094 3181 &
1110 3149 1212 3181 reste:
1235 3159 1300 3181 non
1319 3152 1402 3180 enim
1418 3146 1514 3178 debet
1532 3145 1575 3175 rei
1591 3144 1757 3184 conditio,
1781 3145 1834 3176 acld

962 3190 1050 3222 miffo
1097 3199 1282 3223 rocuratore
1301 3214 1311 3229 ‚
1333 3189 1401 3221 fieri
1425 3186 1583 3225 deterior,
1607 3195 1701 3228 quam
1725 3185 1834 3217 futura

961 3199 1096 3272 <arensi
1113 3231 1178 3272 ipse
1195 3231 1404 3267 interveniret
1419 3228 1516 3265 actor.
1538 3235 1571 3261 at
1585 3227 1650 3264 hoc
1665 3227 1735 3261 casu
1753 3227 1833 3257 inte·

1086 3272 1107 3305 Ι
1126 3283 1144 3306 2
1744 3274 1833 3310 gram
