<?xml version="1.0" encoding="UTF-8"?>
<!DOCTYPE html PUBLIC "-//W3C//DTD XHTML 1.0 Transitional//EN"
    "http://www.w3.org/TR/xhtml1/DTD/xhtml1-transitional.dtd">
<html xmlns="http://www.w3.org/1999/xhtml" xml:lang="en" lang="en">
 <head>
  <title>
</title>
<meta http-equiv="Content-Type" content="text/html;charset=utf-8" />
  <meta name='ocr-system' content='tesseract 3.04.00' />
  <meta name='ocr-capabilities' content='ocr_page ocr_carea ocr_par ocr_line ocrx_word'/>
</head>
<body>
  <div class='ocr_page' id='page_1' title='image "./gerardinoodtnovi00nood_0633.png"; bbox 0 0 2036 3495; ppageno 0'>
   <div class='ocr_carea' id='block_1_1' title="bbox 611 130 1342 168">
    <p class='ocr_par' dir='ltr' id='par_1_1' title="bbox 611 130 1342 168">
     <span class='ocr_line' id='line_1_1' title="bbox 611 130 1342 168; baseline 0.001 -1"><span class='ocrx_word' id='word_1_1' title='bbox 611 131 674 167; x_wconf 78' lang='lat' dir='ltr'>An</span> <span class='ocrx_word' id='word_1_2' title='bbox 702 131 790 166; x_wconf 82' lang='lat' dir='ltr'>L1i3.</span> <span class='ocrx_word' id='word_1_3' title='bbox 821 131 861 165; x_wconf 84' lang='lat' dir='ltr'>Il.</span> <span class='ocrx_word' id='word_1_4' title='bbox 897 130 997 168; x_wconf 77' lang='lat' dir='ltr'>T1T.</span> <span class='ocrx_word' id='word_1_5' title='bbox 1025 130 1119 166; x_wconf 76' lang='lat' dir='ltr'>XIII.</span> <span class='ocrx_word' id='word_1_6' title='bbox 1154 131 1203 167; x_wconf 82' lang='lat' dir='ltr'>De</span> <span class='ocrx_word' id='word_1_7' title='bbox 1222 132 1342 168; x_wconf 72' lang='lat' dir='ltr'>edendo.</span> 
     </span>
    </p>
   </div>
   <div class='ocr_carea' id='block_1_2' title="bbox 55 219 938 2121">
    <p class='ocr_par' dir='ltr' id='par_1_2' title="bbox 55 219 938 2121">
     <span class='ocr_line' id='line_1_2' title="bbox 64 219 938 268; baseline -0.013 -9"><span class='ocrx_word' id='word_1_8' title='bbox 64 228 223 260; x_wconf 62' lang='lat' dir='ltr'>{tionumz</span> <span class='ocrx_word' id='word_1_9' title='bbox 248 226 290 258; x_wconf 90' lang='lat' dir='ltr'>de</span> <span class='ocrx_word' id='word_1_10' title='bbox 308 235 367 268; x_wconf 80' lang='lat' dir='ltr'>qua</span> <span class='ocrx_word' id='word_1_11' title='bbox 387 226 559 258; x_wconf 63' lang='lat' dir='ltr'>Praetorem</span> <span class='ocrx_word' id='word_1_12' title='bbox 578 220 728 258; x_wconf 71' lang='lat' dir='ltr'>edixisse,</span> <span class='ocrx_word' id='word_1_13' title='bbox 752 219 873 260; x_wconf 85' lang='lat' dir='ltr'>liquet,</span> <span class='ocrx_word' id='word_1_14' title='bbox 897 228 938 265; x_wconf 76' lang='lat' dir='ltr'>ex</span> 
     </span>
     <span class='ocr_line' id='line_1_3' title="bbox 62 263 938 309; baseline -0.013 -9"><span class='ocrx_word' id='word_1_15' title='bbox 62 268 305 309; x_wconf 73' lang='lat' dir='ltr'>lnl&#39;criptionel.</span> <span class='ocrx_word' id='word_1_16' title='bbox 328 277 350 299; x_wconf 90' lang='lat'>1.</span> <span class='ocrx_word' id='word_1_17' title='bbox 371 267 414 299; x_wconf 82' lang='grc' dir='ltr'>Ι).</span> <span class='ocrx_word' id='word_1_18' title='bbox 433 270 457 298; x_wconf 76' lang='grc' dir='ltr'>ι).</span> <span class='ocrx_word' id='word_1_19' title='bbox 475 273 496 297; x_wconf 73' lang='lat' dir='ltr'>i.</span> <span class='ocrx_word' id='word_1_20' title='bbox 509 265 544 299; x_wconf 59' lang='grc' dir='ltr'>δ’</span> <span class='ocrx_word' id='word_1_21' title='bbox 559 265 577 295; x_wconf 86' lang='lat' dir='ltr'>l.</span> <span class='ocrx_word' id='word_1_22' title='bbox 596 274 623 304; x_wconf 79' lang='grc'>3.</span> <span class='ocrx_word' id='word_1_23' title='bbox 641 263 674 293; x_wconf 87' lang='lat' dir='ltr'>C.</span> <span class='ocrx_word' id='word_1_24' title='bbox 692 263 750 292; x_wconf 75' lang='lat' dir='ltr'>eod.</span> <span class='ocrx_word' id='word_1_25' title='bbox 770 267 814 291; x_wconf 75' lang='lat' dir='ltr'>tit.</span> <span class='ocrx_word' id='word_1_26' title='bbox 831 269 865 291; x_wconf 88' lang='lat' dir='ltr'>ac</span> <span class='ocrx_word' id='word_1_27' title='bbox 884 270 938 291; x_wconf 77' lang='lat' dir='ltr'>vix</span> 
     </span>
     <span class='ocr_line' id='line_1_4' title="bbox 63 302 938 349; baseline -0.014 -6"><span class='ocrx_word' id='word_1_28' title='bbox 63 312 195 347; x_wconf 85' lang='lat' dir='ltr'>dubito;</span> <span class='ocrx_word' id='word_1_29' title='bbox 214 310 288 349; x_wconf 82' lang='lat' dir='ltr'>quin</span> <span class='ocrx_word' id='word_1_30' title='bbox 307 308 428 340; x_wconf 83' lang='lat' dir='ltr'>fuerint</span> <span class='ocrx_word' id='word_1_31' title='bbox 449 307 550 338; x_wconf 58' lang='lat' dir='ltr'>[edicti</span> <span class='ocrx_word' id='word_1_32' title='bbox 570 305 665 336; x_wconf 83' lang='lat' dir='ltr'>verba</span> <span class='ocrx_word' id='word_1_33' title='bbox 683 312 750 341; x_wconf 79' lang='lat' dir='ltr'>quae</span> <span class='ocrx_word' id='word_1_34' title='bbox 769 302 891 349; x_wconf 77' lang='lat' dir='ltr'>exstant</span> <span class='ocrx_word' id='word_1_35' title='bbox 909 311 938 332; x_wconf 86' lang='lat' dir='ltr'>a·</span> 
     </span>
     <span class='ocr_line' id='line_1_5' title="bbox 65 343 938 394; baseline -0.014 -10"><span class='ocrx_word' id='word_1_36' title='bbox 65 354 129 394; x_wconf 89' lang='lat' dir='ltr'>pud</span> <span class='ocrx_word' id='word_1_37' title='bbox 156 350 325 391; x_wconf 87' lang='lat' dir='ltr'>Ulpianum</span> <span class='ocrx_word' id='word_1_38' title='bbox 345 352 374 381; x_wconf 77' lang='lat' dir='ltr'>cl.</span> <span class='ocrx_word' id='word_1_39' title='bbox 400 350 420 381; x_wconf 89' lang='lat' dir='ltr'>l.</span> <span class='ocrx_word' id='word_1_40' title='bbox 445 359 470 382; x_wconf 85' lang='lat' dir='ltr'>x.</span> <span class='ocrx_word' id='word_1_41' title='bbox 506 348 577 391; x_wconf 56' lang='lat' dir='ltr'>,Qua</span> <span class='ocrx_word' id='word_1_42' title='bbox 592 348 711 390; x_wconf 69' lang='lat' dir='ltr'>quisque</span> <span class='ocrx_word' id='word_1_43' title='bbox 730 343 839 375; x_wconf 56' lang='lat' dir='ltr'>achone</span> <span class='ocrx_word' id='word_1_44' title='bbox 855 352 938 384; x_wconf 76' lang='lat' dir='ltr'>agere</span> 
     </span>
     <span class='ocr_line' id='line_1_6' title="bbox 65 386 936 432; baseline -0.011 -7"><span class='ocrx_word' id='word_1_45' title='bbox 65 394 159 432; x_wconf 71' lang='lat' dir='ltr'>volet,</span> <span class='ocrx_word' id='word_1_46' title='bbox 182 402 241 424; x_wconf 79' lang='lat' dir='ltr'>eam</span> <span class='ocrx_word' id='word_1_47' title='bbox 257 393 334 423; x_wconf 76' lang='lat' dir='ltr'>edere</span> <span class='ocrx_word' id='word_1_48' title='bbox 352 393 437 423; x_wconf 76' lang='lat' dir='ltr'>debet.</span> <span class='ocrx_word' id='word_1_49' title='bbox 469 390 562 421; x_wconf 85' lang='lat' dir='ltr'>Ratio</span> <span class='ocrx_word' id='word_1_50' title='bbox 578 386 685 418; x_wconf 83' lang='lat' dir='ltr'>Edicti</span> <span class='ocrx_word' id='word_1_51' title='bbox 706 394 838 426; x_wconf 85' lang='lat' dir='ltr'>optima.</span> <span class='ocrx_word' id='word_1_52' title='bbox 866 394 936 415; x_wconf 82' lang='lat' dir='ltr'>nam</span> 
     </span>
     <span class='ocr_line' id='line_1_7' title="bbox 65 426 936 474; baseline -0.011 -8"><span class='ocrx_word' id='word_1_53' title='bbox 65 434 268 474; x_wconf 81' lang='lat' dir='ltr'>aequiffimum</span> <span class='ocrx_word' id='word_1_54' title='bbox 286 433 428 469; x_wconf 82' lang='lat' dir='ltr'>videtur,</span> <span class='ocrx_word' id='word_1_55' title='bbox 455 440 526 462; x_wconf 89' lang='lat' dir='ltr'>eum</span> <span class='ocrx_word' id='word_1_56' title='bbox 545 432 595 470; x_wconf 90' lang='lat' dir='ltr'>qui</span> <span class='ocrx_word' id='word_1_57' title='bbox 613 428 734 459; x_wconf 62' lang='lat' dir='ltr'>acturus</span> <span class='ocrx_word' id='word_1_58' title='bbox 755 426 818 465; x_wconf 77' lang='lat' dir='ltr'>est,</span> <span class='ocrx_word' id='word_1_59' title='bbox 840 428 936 457; x_wconf 87' lang='lat' dir='ltr'>edere</span> 
     </span>
     <span class='ocr_line' id='line_1_8' title="bbox 66 470 935 515; baseline -0.012 -8"><span class='ocrx_word' id='word_1_60' title='bbox 66 477 245 511; x_wconf 62' lang='lat' dir='ltr'>astionem,</span> <span class='ocrx_word' id='word_1_61' title='bbox 270 483 301 505; x_wconf 90' lang='lat' dir='ltr'>ut</span> <span class='ocrx_word' id='word_1_62' title='bbox 321 474 454 514; x_wconf 82' lang='lat' dir='ltr'>proinde</span> <span class='ocrx_word' id='word_1_63' title='bbox 473 471 546 502; x_wconf 83' lang='lat' dir='ltr'>sciat</span> <span class='ocrx_word' id='word_1_64' title='bbox 565 479 655 515; x_wconf 54' lang='lat' dir='ltr'>reus,</span> <span class='ocrx_word' id='word_1_65' title='bbox 677 478 780 499; x_wconf 86' lang='lat' dir='ltr'>uti-um</span> <span class='ocrx_word' id='word_1_66' title='bbox 801 470 935 504; x_wconf 75' lang='lat' dir='ltr'>cedei-e,</span> 
     </span>
     <span class='ocr_line' id='line_1_9' title="bbox 67 510 935 550; baseline -0.01 -1"><span class='ocrx_word' id='word_1_67' title='bbox 67 528 104 549; x_wconf 85' lang='lat' dir='ltr'>an</span> <span class='ocrx_word' id='word_1_68' title='bbox 123 517 318 548; x_wconf 78' lang='lat' dir='ltr'>contendere</span> <span class='ocrx_word' id='word_1_69' title='bbox 339 516 417 545; x_wconf 86' lang='lat' dir='ltr'>ultra</span> <span class='ocrx_word' id='word_1_70' title='bbox 437 514 570 550; x_wconf 84' lang='lat' dir='ltr'>debeat;</span> <span class='ocrx_word' id='word_1_71' title='bbox 588 512 616 543; x_wconf 73' lang='grc' dir='ltr'>δ(</span> <span class='ocrx_word' id='word_1_72' title='bbox 635 513 654 541; x_wconf 86' lang='lat' dir='ltr'>li</span> <span class='ocrx_word' id='word_1_73' title='bbox 671 510 935 541; x_wconf 82' lang='lat' dir='ltr'>contendendum</span> 
     </span>
     <span class='ocr_line' id='line_1_10' title="bbox 66 552 934 600; baseline -0.01 -11"><span class='ocrx_word' id='word_1_74' title='bbox 66 567 176 600; x_wconf 85' lang='lat' dir='ltr'>putat,</span> <span class='ocrx_word' id='word_1_75' title='bbox 199 559 304 589; x_wconf 84' lang='lat' dir='ltr'>veniat</span> <span class='ocrx_word' id='word_1_76' title='bbox 322 555 486 587; x_wconf 66' lang='lat' dir='ltr'>instructus</span> <span class='ocrx_word' id='word_1_77' title='bbox 502 555 541 585; x_wconf 86' lang='lat' dir='ltr'>ad</span> <span class='ocrx_word' id='word_1_78' title='bbox 557 552 734 594; x_wconf 79' lang='lat' dir='ltr'>agendum,</span> <span class='ocrx_word' id='word_1_79' title='bbox 759 560 888 591; x_wconf 81' lang='lat' dir='ltr'>cognita</span> <span class='ocrx_word' id='word_1_80' title='bbox 905 560 934 580; x_wconf 88' lang='lat' dir='ltr'>a·</span> 
     </span>
     <span class='ocr_line' id='line_1_11' title="bbox 65 592 932 639; baseline -0.013 -7"><span class='ocrx_word' id='word_1_81' title='bbox 65 601 173 632; x_wconf 71' lang='lat' dir='ltr'>Ctione</span> <span class='ocrx_word' id='word_1_82' title='bbox 189 608 249 639; x_wconf 86' lang='lat' dir='ltr'>qua</span> <span class='ocrx_word' id='word_1_83' title='bbox 265 598 476 629; x_wconf 86' lang='lat' dir='ltr'>conveniatur</span> <span class='ocrx_word' id='word_1_84' title='bbox 494 598 521 626; x_wconf 83' lang='lat' dir='ltr'>cl.</span> <span class='ocrx_word' id='word_1_85' title='bbox 539 596 555 626; x_wconf 83' lang='lat' dir='ltr'>l.</span> <span class='ocrx_word' id='word_1_86' title='bbox 577 604 600 625; x_wconf 95' lang='lat'>1.</span> <span class='ocrx_word' id='word_1_87' title='bbox 641 592 719 624; x_wconf 91' lang='lat' dir='ltr'>Vult</span> <span class='ocrx_word' id='word_1_88' title='bbox 736 594 832 638; x_wconf 57' lang='lat' dir='ltr'>igitur</span> <span class='ocrx_word' id='word_1_89' title='bbox 852 592 932 637; x_wconf 56' lang='grc' dir='ltr'>Ρη)-</span> 
     </span>
     <span class='ocr_line' id='line_1_12' title="bbox 66 633 934 679; baseline -0.009 -7"><span class='ocrx_word' id='word_1_90' title='bbox 66 635 118 673; x_wconf 75' lang='lat' dir='ltr'>tor</span> <span class='ocrx_word' id='word_1_91' title='bbox 136 642 174 671; x_wconf 87' lang='lat' dir='ltr'>ab</span> <span class='ocrx_word' id='word_1_92' title='bbox 192 639 297 671; x_wconf 61' lang='lat' dir='ltr'>affine</span> <span class='ocrx_word' id='word_1_93' title='bbox 314 639 364 670; x_wconf 86' lang='lat' dir='ltr'>edi</span> <span class='ocrx_word' id='word_1_94' title='bbox 383 638 542 669; x_wconf 68' lang='lat' dir='ltr'>affloneiii</span> <span class='ocrx_word' id='word_1_95' title='bbox 560 645 620 675; x_wconf 82' lang='lat' dir='ltr'>qua</span> <span class='ocrx_word' id='word_1_96' title='bbox 638 639 761 665; x_wconf 71' lang='lat' dir='ltr'>acturus</span> <span class='ocrx_word' id='word_1_97' title='bbox 780 637 826 665; x_wconf 85' lang='lat' dir='ltr'>iit.</span> <span class='ocrx_word' id='word_1_98' title='bbox 859 633 934 679; x_wconf 77' lang='lat' dir='ltr'>quid</span> 
     </span>
     <span class='ocr_line' id='line_1_13' title="bbox 63 675 933 721; baseline -0.01 -8"><span class='ocrx_word' id='word_1_99' title='bbox 63 691 169 714; x_wconf 77' lang='lat' dir='ltr'>autem</span> <span class='ocrx_word' id='word_1_100' title='bbox 187 680 222 712; x_wconf 86' lang='lat' dir='ltr'>fit</span> <span class='ocrx_word' id='word_1_101' title='bbox 234 682 329 718; x_wconf 78' lang='lat' dir='ltr'>edere,</span> <span class='ocrx_word' id='word_1_102' title='bbox 352 681 487 719; x_wconf 83' lang='lat' dir='ltr'>exponit</span> <span class='ocrx_word' id='word_1_103' title='bbox 506 678 656 718; x_wconf 83' lang='lat' dir='ltr'>Ulpianus</span> <span class='ocrx_word' id='word_1_104' title='bbox 676 679 701 707; x_wconf 79' lang='lat' dir='ltr'>d.</span> <span class='ocrx_word' id='word_1_105' title='bbox 717 677 782 721; x_wconf 63' lang='lat' dir='ltr'>l·.¹·</span> <span class='ocrx_word' id='word_1_106' title='bbox 800 675 827 721; x_wconf 72' lang='lat'>§.-</span> <span class='ocrx_word' id='word_1_107' title='bbox 848 683 872 705; x_wconf 91' lang='lat'>1.</span> <span class='ocrx_word' id='word_1_108' title='bbox 890 682 933 704; x_wconf 89' lang='lat' dir='ltr'>ait</span> 
     </span>
     <span class='ocr_line' id='line_1_14' title="bbox 64 715 933 763; baseline -0.01 -9"><span class='ocrx_word' id='word_1_109' title='bbox 64 725 107 762; x_wconf 83' lang='lat' dir='ltr'>is,</span> <span class='ocrx_word' id='word_1_110' title='bbox 132 723 180 754; x_wconf 90' lang='lat' dir='ltr'>edi</span> <span class='ocrx_word' id='word_1_111' title='bbox 200 721 416 762; x_wconf 79' lang='lat' dir='ltr'>compluribus</span> <span class='ocrx_word' id='word_1_112' title='bbox 433 721 550 752; x_wconf 85' lang='lat' dir='ltr'>modis.</span> <span class='ocrx_word' id='word_1_113' title='bbox 583 727 680 749; x_wconf 87' lang='lat' dir='ltr'>unum</span> <span class='ocrx_word' id='word_1_114' title='bbox 699 717 781 763; x_wconf 80' lang='lat' dir='ltr'>elie,</span> <span class='ocrx_word' id='word_1_115' title='bbox 806 721 826 747; x_wconf 84' lang='lat'>11</span> <span class='ocrx_word' id='word_1_116' title='bbox 845 715 933 746; x_wconf 69' lang='lat' dir='ltr'>atior</span> 
     </span>
     <span class='ocr_line' id='line_1_15' title="bbox 62 757 932 803; baseline -0.01 -7"><span class='ocrx_word' id='word_1_117' title='bbox 62 764 158 796; x_wconf 82' lang='lat' dir='ltr'>faciat</span> <span class='ocrx_word' id='word_1_118' title='bbox 175 773 231 795; x_wconf 90' lang='lat' dir='ltr'>reo</span> <span class='ocrx_word' id='word_1_119' title='bbox 249 763 434 794; x_wconf 78' lang='lat' dir='ltr'>facultatem</span> <span class='ocrx_word' id='word_1_120' title='bbox 453 760 651 792; x_wconf 80' lang='lat' dir='ltr'>describendi</span> <span class='ocrx_word' id='word_1_121' title='bbox 668 759 826 803; x_wconf 69' lang='lat' dir='ltr'>actionem</span> <span class='ocrx_word' id='word_1_122' title='bbox 845 757 932 788; x_wconf 87' lang='lat' dir='ltr'>libel-</span> 
     </span>
     <span class='ocr_line' id='line_1_16' title="bbox 64 799 930 845; baseline -0.01 -8"><span class='ocrx_word' id='word_1_123' title='bbox 64 807 96 838; x_wconf 92' lang='lat' dir='ltr'>lo</span> <span class='ocrx_word' id='word_1_124' title='bbox 112 804 385 845; x_wconf 81' lang='lat' dir='ltr'>comprehensam.</span> <span class='ocrx_word' id='word_1_125' title='bbox 409 804 561 841; x_wconf 86' lang='lat' dir='ltr'>alterum,</span> <span class='ocrx_word' id='word_1_126' title='bbox 577 800 597 831; x_wconf 83' lang='lat' dir='ltr'>fi</span> <span class='ocrx_word' id='word_1_127' title='bbox 615 800 802 839; x_wconf 82' lang='lat' dir='ltr'>deici-iptain</span> <span class='ocrx_word' id='word_1_128' title='bbox 820 799 930 830; x_wconf 85' lang='lat' dir='ltr'>adver-</span> 
     </span>
     <span class='ocr_line' id='line_1_17' title="bbox 62 839 932 885; baseline -0.01 -7"><span class='ocrx_word' id='word_1_129' title='bbox 62 847 143 878; x_wconf 82' lang='lat' dir='ltr'>sario</span> <span class='ocrx_word' id='word_1_130' title='bbox 162 847 280 883; x_wconf 79' lang='lat' dir='ltr'>tradat3</span> <span class='ocrx_word' id='word_1_131' title='bbox 306 856 345 876; x_wconf 84' lang='lat' dir='ltr'>ne</span> <span class='ocrx_word' id='word_1_132' title='bbox 363 846 387 877; x_wconf 91' lang='lat' dir='ltr'>is</span> <span class='ocrx_word' id='word_1_133' title='bbox 402 854 482 883; x_wconf 88' lang='lat' dir='ltr'>opus</span> <span class='ocrx_word' id='word_1_134' title='bbox 502 843 616 874; x_wconf 82' lang='lat' dir='ltr'>habeat</span> <span class='ocrx_word' id='word_1_135' title='bbox 633 842 830 872; x_wconf 82' lang='lat' dir='ltr'><strong>describere:</strong></span> <span class='ocrx_word' id='word_1_136' title='bbox 846 839 932 885; x_wconf 87' lang='lat' dir='ltr'>quod</span> 
     </span>
     <span class='ocr_line' id='line_1_18' title="bbox 62 880 930 924; baseline -0.012 -4"><span class='ocrx_word' id='word_1_137' title='bbox 62 889 198 920; x_wconf 79' lang='lat' dir='ltr'>Veteres</span> <span class='ocrx_word' id='word_1_138' title='bbox 219 888 390 924; x_wconf 75' lang='lat' dir='ltr'>dicebant,</span> <span class='ocrx_word' id='word_1_139' title='bbox 412 888 515 917; x_wconf 86' lang='lat' dir='ltr'>dicam</span> <span class='ocrx_word' id='word_1_140' title='bbox 534 884 690 920; x_wconf 87' lang='lat' dir='ltr'>scribere,</span> <span class='ocrx_word' id='word_1_141' title='bbox 714 883 743 913; x_wconf 85' lang='lat'>&amp;</span> <span class='ocrx_word' id='word_1_142' title='bbox 762 880 930 912; x_wconf 87' lang='lat' dir='ltr'>subscribe-</span> 
     </span>
     <span class='ocr_line' id='line_1_19' title="bbox 62 924 931 970; baseline -0.012 -9"><span class='ocrx_word' id='word_1_143' title='bbox 62 940 114 961; x_wconf 84' lang='lat' dir='ltr'>re:</span> <span class='ocrx_word' id='word_1_144' title='bbox 132 929 260 961; x_wconf 63' lang='lat' dir='ltr'>auctore</span> <span class='ocrx_word' id='word_1_145' title='bbox 278 929 397 960; x_wconf 80' lang='lat' dir='ltr'>Budaeo</span> <span class='ocrx_word' id='word_1_146' title='bbox 409 929 515 967; x_wconf 57' lang='lat' dir='ltr'>,prium</span> <span class='ocrx_word' id='word_1_147' title='bbox 531 932 608 966; x_wconf 72' lang='lat' dir='ltr'>parc.</span> <span class='ocrx_word' id='word_1_148' title='bbox 626 926 663 955; x_wconf 79' lang='lat' dir='ltr'>ad</span> <span class='ocrx_word' id='word_1_149' title='bbox 679 924 773 970; x_wconf 58' lang='lat' dir='ltr'>lffcind.</span> <span class='ocrx_word' id='word_1_150' title='bbox 788 929 856 963; x_wconf 81' lang='lat' dir='ltr'>pag.</span> <span class='ocrx_word' id='word_1_151' title='bbox 872 931 908 961; x_wconf 73' lang='lat'>54</span> <span class='ocrx_word' id='word_1_152' title='bbox 921 944 931 960; x_wconf 89' lang='lat'>,</span> 
     </span>
     <span class='ocr_line' id='line_1_20' title="bbox 63 964 931 1011; baseline -0.012 -8"><span class='ocrx_word' id='word_1_153' title='bbox 63 972 98 1005; x_wconf 62' lang='grc' dir='ltr'>δ’</span> <span class='ocrx_word' id='word_1_154' title='bbox 115 973 146 1002; x_wconf 77' lang='lat' dir='ltr'>in</span> <span class='ocrx_word' id='word_1_155' title='bbox 165 971 236 1002; x_wconf 73' lang='lat' dir='ltr'>Not.</span> <span class='ocrx_word' id='word_1_156' title='bbox 255 971 335 1011; x_wconf 79' lang='lat' dir='ltr'>reliq.</span> <span class='ocrx_word' id='word_1_157' title='bbox 353 977 422 1010; x_wconf 78' lang='lat' dir='ltr'>pag.</span> <span class='ocrx_word' id='word_1_158' title='bbox 446 979 471 1000; x_wconf 88' lang='lat'>1.</span> <span class='ocrx_word' id='word_1_159' title='bbox 506 967 633 998; x_wconf 89' lang='lat' dir='ltr'>tertium</span> <span class='ocrx_word' id='word_1_160' title='bbox 646 989 655 1003; x_wconf 92' lang='lat'>,</span> <span class='ocrx_word' id='word_1_161' title='bbox 678 965 698 996; x_wconf 78' lang='lat' dir='ltr'>ii</span> <span class='ocrx_word' id='word_1_162' title='bbox 722 964 809 995; x_wconf 69' lang='lat' dir='ltr'>astur</span> <span class='ocrx_word' id='word_1_163' title='bbox 824 964 931 1010; x_wconf 78' lang='lat' dir='ltr'>adver-</span> 
     </span>
     <span class='ocr_line' id='line_1_21' title="bbox 61 1004 932 1052; baseline -0.01 -9"><span class='ocrx_word' id='word_1_164' title='bbox 61 1013 140 1043; x_wconf 85' lang='lat' dir='ltr'>sario</span> <span class='ocrx_word' id='word_1_165' title='bbox 157 1012 316 1043; x_wconf 68' lang='lat' dir='ltr'>actionem</span> <span class='ocrx_word' id='word_1_166' title='bbox 335 1010 434 1041; x_wconf 61' lang='lat' dir='ltr'>(liftet</span> <span class='ocrx_word' id='word_1_167' title='bbox 453 1018 535 1040; x_wconf 90' lang='lat' dir='ltr'>voce</span> <span class='ocrx_word' id='word_1_168' title='bbox 554 1008 621 1045; x_wconf 86' lang='lat' dir='ltr'>sua,</span> <span class='ocrx_word' id='word_1_169' title='bbox 639 1008 668 1038; x_wconf 65' lang='grc' dir='ltr'>ἃ</span> <span class='ocrx_word' id='word_1_170' title='bbox 685 1004 875 1052; x_wconf 75' lang='lat' dir='ltr'>adyersarius</span> <span class='ocrx_word' id='word_1_171' title='bbox 891 1013 932 1035; x_wconf 77' lang='lat' dir='ltr'>ex</span> 
     </span>
     <span class='ocr_line' id='line_1_22' title="bbox 62 1047 933 1092; baseline -0.01 -7"><span class='ocrx_word' id='word_1_172' title='bbox 62 1053 154 1092; x_wconf 73' lang='lat' dir='ltr'>ipiius</span> <span class='ocrx_word' id='word_1_173' title='bbox 173 1063 229 1083; x_wconf 86' lang='lat' dir='ltr'>ore</span> <span class='ocrx_word' id='word_1_174' title='bbox 247 1053 406 1092; x_wconf 86' lang='lat' dir='ltr'>excipiat:</span> <span class='ocrx_word' id='word_1_175' title='bbox 433 1052 518 1082; x_wconf 87' lang='lat' dir='ltr'>unde</span> <span class='ocrx_word' id='word_1_176' title='bbox 541 1049 657 1080; x_wconf 68' lang='lat' dir='ltr'>dictare</span> <span class='ocrx_word' id='word_1_177' title='bbox 675 1047 832 1078; x_wconf 65' lang='lat' dir='ltr'>actionem</span> <span class='ocrx_word' id='word_1_178' title='bbox 848 1047 933 1086; x_wconf 87' lang='lat' dir='ltr'>apud</span> 
     </span>
     <span class='ocr_line' id='line_1_23' title="bbox 67 1087 932 1134; baseline -0.01 -8"><span class='ocrx_word' id='word_1_179' title='bbox 67 1094 310 1130; x_wconf 65' lang='lat' dir='ltr'>iurisconl&#39;ultos</span> <span class='ocrx_word' id='word_1_180' title='bbox 328 1094 346 1123; x_wconf 85' lang='lat' dir='ltr'>l.</span> <span class='ocrx_word' id='word_1_181' title='bbox 363 1103 401 1123; x_wconf 79' lang='lat'>22</span> <span class='ocrx_word' id='word_1_182' title='bbox 423 1093 441 1134; x_wconf 84' lang='lat'>§</span> <span class='ocrx_word' id='word_1_183' title='bbox 458 1092 516 1132; x_wconf 76' lang='lat' dir='ltr'>fin.</span> <span class='ocrx_word' id='word_1_184' title='bbox 536 1091 578 1121; x_wconf 87' lang='lat' dir='ltr'>D.</span> <span class='ocrx_word' id='word_1_185' title='bbox 594 1092 627 1120; x_wconf 73' lang='lat' dir='ltr'>cle</span> <span class='ocrx_word' id='word_1_186' title='bbox 643 1090 767 1119; x_wconf 68' lang='lat' dir='ltr'>izoxiiii‘b.</span> <span class='ocrx_word' id='word_1_187' title='bbox 782 1087 837 1118; x_wconf 60' lang='lat' dir='ltr'>act.</span> <span class='ocrx_word' id='word_1_188' title='bbox 855 1089 932 1128; x_wconf 79' lang='lat' dir='ltr'>l.32.</span> 
     </span>
     <span class='ocr_line' id='line_1_24' title="bbox 62 1129 931 1178; baseline -0.009 -11"><span class='ocrx_word' id='word_1_189' title='bbox 62 1129 81 1178; x_wconf 57' lang='grc' dir='ltr'>’ᾗ</span> <span class='ocrx_word' id='word_1_190' title='bbox 104 1146 122 1172; x_wconf 84' lang='lat'><strong>9</strong></span> <span class='ocrx_word' id='word_1_191' title='bbox 149 1135 249 1173; x_wconf 80' lang='lat' dir='ltr'>versic.</span> <span class='ocrx_word' id='word_1_192' title='bbox 266 1136 338 1166; x_wconf 80' lang='lat' dir='ltr'>illud</span> <span class='ocrx_word' id='word_1_193' title='bbox 355 1134 396 1165; x_wconf 83' lang='lat' dir='ltr'>D.</span> <span class='ocrx_word' id='word_1_194' title='bbox 417 1140 449 1164; x_wconf 78' lang='lat' dir='ltr'>ae</span> <span class='ocrx_word' id='word_1_195' title='bbox 463 1139 564 1172; x_wconf 73' lang='lat' dir='ltr'>recept.</span> <span class='ocrx_word' id='word_1_196' title='bbox 581 1131 633 1172; x_wconf 76' lang='lat' dir='ltr'>qui</span> <span class='ocrx_word' id='word_1_197' title='bbox 648 1131 748 1161; x_wconf 66' lang='lat' dir='ltr'>arbitr,</span> <span class='ocrx_word' id='word_1_198' title='bbox 768 1136 931 1177; x_wconf 79' lang='lat' dir='ltr'>quartum,</span> 
     </span>
     <span class='ocr_line' id='line_1_25' title="bbox 62 1171 931 1214; baseline -0.012 -5"><span class='ocrx_word' id='word_1_199' title='bbox 62 1179 84 1209; x_wconf 84' lang='lat' dir='ltr'>li</span> <span class='ocrx_word' id='word_1_200' title='bbox 100 1178 188 1209; x_wconf 67' lang='lat' dir='ltr'>ac&#39;tor</span> <span class='ocrx_word' id='word_1_201' title='bbox 205 1177 412 1208; x_wconf 84' lang='lat' dir='ltr'>adversarium</span> <span class='ocrx_word' id='word_1_202' title='bbox 433 1175 517 1205; x_wconf 88' lang='lat' dir='ltr'>suum</span> <span class='ocrx_word' id='word_1_203' title='bbox 537 1174 692 1212; x_wconf 81' lang='lat' dir='ltr'>producat</span> <span class='ocrx_word' id='word_1_204' title='bbox 708 1172 746 1201; x_wconf 88' lang='lat' dir='ltr'>ad</span> <span class='ocrx_word' id='word_1_205' title='bbox 758 1171 861 1214; x_wconf 85' lang='lat' dir='ltr'>album</span> <span class='ocrx_word' id='word_1_206' title='bbox 874 1193 882 1208; x_wconf 93' lang='lat'>,</span> <span class='ocrx_word' id='word_1_207' title='bbox 903 1172 931 1200; x_wconf 76' lang='lat' dir='ltr'>ot</span> 
     </span>
     <span class='ocr_line' id='line_1_26' title="bbox 64 1211 930 1258; baseline -0.01 -8"><span class='ocrx_word' id='word_1_208' title='bbox 64 1217 279 1256; x_wconf 84' lang='lat' dir='ltr'>demonstret,</span> <span class='ocrx_word' id='word_1_209' title='bbox 305 1217 390 1258; x_wconf 88' lang='lat' dir='ltr'>quod</span> <span class='ocrx_word' id='word_1_210' title='bbox 407 1216 576 1247; x_wconf 56' lang='lat' dir='ltr'>diffiniturus</span> <span class='ocrx_word' id='word_1_211' title='bbox 594 1211 655 1249; x_wconf 85' lang='lat' dir='ltr'>est,</span> <span class='ocrx_word' id='word_1_212' title='bbox 674 1213 724 1242; x_wconf 87' lang='lat' dir='ltr'>vel</span> <span class='ocrx_word' id='word_1_213' title='bbox 742 1212 772 1242; x_wconf 89' lang='lat' dir='ltr'>id</span> <span class='ocrx_word' id='word_1_214' title='bbox 791 1211 930 1241; x_wconf 85' lang='lat' dir='ltr'>dicendo</span> 
     </span>
     <span class='ocr_line' id='line_1_27' title="bbox 61 1250 926 1300; baseline -0.012 -9"><span class='ocrx_word' id='word_1_215' title='bbox 61 1269 128 1300; x_wconf 87' lang='lat' dir='ltr'>quo</span> <span class='ocrx_word' id='word_1_216' title='bbox 145 1260 188 1290; x_wconf 89' lang='lat' dir='ltr'>uti</span> <span class='ocrx_word' id='word_1_217' title='bbox 209 1259 293 1290; x_wconf 90' lang='lat' dir='ltr'>velit.</span> <span class='ocrx_word' id='word_1_218' title='bbox 340 1257 413 1288; x_wconf 86' lang='lat' dir='ltr'>Hoc</span> <span class='ocrx_word' id='word_1_219' title='bbox 438 1266 515 1286; x_wconf 87' lang='lat' dir='ltr'>vero</span> <span class='ocrx_word' id='word_1_220' title='bbox 537 1262 570 1285; x_wconf 88' lang='lat' dir='ltr'>ut</span> <span class='ocrx_word' id='word_1_221' title='bbox 593 1253 806 1293; x_wconf 79' lang='lat' dir='ltr'>intelligatur3</span> <span class='ocrx_word' id='word_1_222' title='bbox 829 1250 926 1282; x_wconf 89' lang='lat' dir='ltr'>scien-</span> 
     </span>
     <span class='ocr_line' id='line_1_28' title="bbox 62 1292 928 1341; baseline -0.013 -8"><span class='ocrx_word' id='word_1_223' title='bbox 62 1303 137 1333; x_wconf 91' lang='lat' dir='ltr'>dum</span> <span class='ocrx_word' id='word_1_224' title='bbox 160 1299 224 1339; x_wconf 78' lang='lat' dir='ltr'>est,</span> <span class='ocrx_word' id='word_1_225' title='bbox 248 1299 334 1338; x_wconf 87' lang='lat' dir='ltr'>quod</span> <span class='ocrx_word' id='word_1_226' title='bbox 358 1299 434 1328; x_wconf 90' lang='lat' dir='ltr'>olim</span> <span class='ocrx_word' id='word_1_227' title='bbox 458 1296 631 1331; x_wconf 67' lang='lat' dir='ltr'>Praetores,</span> <span class='ocrx_word' id='word_1_228' title='bbox 656 1295 686 1324; x_wconf 94' lang='lat' dir='ltr'>in</span> <span class='ocrx_word' id='word_1_229' title='bbox 704 1292 840 1333; x_wconf 69' lang='lat' dir='ltr'>ingressu</span> <span class='ocrx_word' id='word_1_230' title='bbox 858 1293 928 1341; x_wconf 71' lang='lat' dir='ltr'>Ma-</span> 
     </span>
     <span class='ocr_line' id='line_1_29' title="bbox 61 1333 928 1384; baseline -0.01 -11"><span class='ocrx_word' id='word_1_231' title='bbox 61 1342 204 1384; x_wconf 86' lang='lat' dir='ltr'>gistratus</span> <span class='ocrx_word' id='word_1_232' title='bbox 230 1340 292 1378; x_wconf 85' lang='lat' dir='ltr'>sui,</span> <span class='ocrx_word' id='word_1_233' title='bbox 316 1339 396 1370; x_wconf 89' lang='lat' dir='ltr'>soliti</span> <span class='ocrx_word' id='word_1_234' title='bbox 422 1338 530 1375; x_wconf 84' lang='lat' dir='ltr'>fuere,</span> <span class='ocrx_word' id='word_1_235' title='bbox 555 1337 585 1367; x_wconf 87' lang='lat' dir='ltr'>in</span> <span class='ocrx_word' id='word_1_236' title='bbox 604 1336 671 1381; x_wconf 81' lang='lat' dir='ltr'>jure</span> <span class='ocrx_word' id='word_1_237' title='bbox 689 1342 871 1374; x_wconf 80' lang='lat' dir='ltr'>proponere</span> <span class='ocrx_word' id='word_1_238' title='bbox 889 1333 928 1365; x_wconf 72' lang='lat' dir='ltr'>h.-</span> 
     </span>
     <span class='ocr_line' id='line_1_30' title="bbox 61 1377 927 1420; baseline -0.009 -6"><span class='ocrx_word' id='word_1_239' title='bbox 61 1383 160 1420; x_wconf 74' lang='lat' dir='ltr'>diCta,</span> <span class='ocrx_word' id='word_1_240' title='bbox 185 1389 218 1413; x_wconf 87' lang='lat' dir='ltr'>ut</span> <span class='ocrx_word' id='word_1_241' title='bbox 241 1380 355 1412; x_wconf 89' lang='lat' dir='ltr'>scirent</span> <span class='ocrx_word' id='word_1_242' title='bbox 378 1380 483 1417; x_wconf 91' lang='lat' dir='ltr'>cives,</span> <span class='ocrx_word' id='word_1_243' title='bbox 507 1378 593 1418; x_wconf 89' lang='lat' dir='ltr'>quod</span> <span class='ocrx_word' id='word_1_244' title='bbox 613 1386 661 1416; x_wconf 82' lang='lat' dir='ltr'>Jus</span> <span class='ocrx_word' id='word_1_245' title='bbox 687 1377 726 1407; x_wconf 90' lang='lat' dir='ltr'>de</span> <span class='ocrx_word' id='word_1_246' title='bbox 752 1385 877 1416; x_wconf 84' lang='lat' dir='ltr'>quaque</span> <span class='ocrx_word' id='word_1_247' title='bbox 893 1385 927 1407; x_wconf 90' lang='lat' dir='ltr'>re</span> 
     </span>
     <span class='ocr_line' id='line_1_31' title="bbox 59 1418 925 1463; baseline -0.006 -9"><span class='ocrx_word' id='word_1_248' title='bbox 59 1424 193 1463; x_wconf 84' lang='lat' dir='ltr'>quisque</span> <span class='ocrx_word' id='word_1_249' title='bbox 222 1422 358 1453; x_wconf 57' lang='lat' dir='ltr'>dicturus</span> <span class='ocrx_word' id='word_1_250' title='bbox 381 1420 475 1457; x_wconf 81' lang='lat' dir='ltr'>effet,</span> <span class='ocrx_word' id='word_1_251' title='bbox 500 1419 593 1458; x_wconf 86' lang='lat' dir='ltr'>seque</span> <span class='ocrx_word' id='word_1_252' title='bbox 618 1425 844 1457; x_wconf 78' lang='lat' dir='ltr'>praemunirent</span> <span class='ocrx_word' id='word_1_253' title='bbox 858 1418 877 1448; x_wconf 84' lang='lat' dir='ltr'>l.</span> <span class='ocrx_word' id='word_1_254' title='bbox 896 1427 925 1461; x_wconf 67' lang='lat'>2.</span> 
     </span>
     <span class='ocr_line' id='line_1_32' title="bbox 57 1458 926 1506; baseline -0.007 -10"><span class='ocrx_word' id='word_1_255' title='bbox 57 1465 87 1506; x_wconf 85' lang='lat'>§.</span> <span class='ocrx_word' id='word_1_256' title='bbox 115 1474 159 1496; x_wconf 86' lang='lat'>10.</span> <span class='ocrx_word' id='word_1_257' title='bbox 180 1463 220 1494; x_wconf 89' lang='lat' dir='ltr'>D.</span> <span class='ocrx_word' id='word_1_258' title='bbox 244 1464 276 1494; x_wconf 77' lang='lat' dir='ltr'>de</span> <span class='ocrx_word' id='word_1_259' title='bbox 290 1463 398 1504; x_wconf 76' lang='lat' dir='ltr'>origine</span> <span class='ocrx_word' id='word_1_260' title='bbox 408 1462 499 1503; x_wconf 77' lang='lat' dir='ltr'>juris.</span> <span class='ocrx_word' id='word_1_261' title='bbox 529 1461 560 1491; x_wconf 92' lang='lat' dir='ltr'>in</span> <span class='ocrx_word' id='word_1_262' title='bbox 580 1460 680 1499; x_wconf 75' lang='lat' dir='ltr'>iisque</span> <span class='ocrx_word' id='word_1_263' title='bbox 696 1458 816 1489; x_wconf 67' lang='lat' dir='ltr'>Edictis</span> <span class='ocrx_word' id='word_1_264' title='bbox 835 1458 926 1490; x_wconf 84' lang='lat' dir='ltr'>fuisse</span> 
     </span>
     <span class='ocr_line' id='line_1_33' title="bbox 56 1501 925 1543; baseline -0.009 -6"><span class='ocrx_word' id='word_1_265' title='bbox 56 1506 210 1537; x_wconf 75' lang='lat' dir='ltr'>foi-mulas</span> <span class='ocrx_word' id='word_1_266' title='bbox 237 1514 312 1543; x_wconf 83' lang='lat' dir='ltr'>quas</span> <span class='ocrx_word' id='word_1_267' title='bbox 338 1513 369 1535; x_wconf 89' lang='lat' dir='ltr'>in</span> <span class='ocrx_word' id='word_1_268' title='bbox 393 1511 519 1543; x_wconf 82' lang='lat' dir='ltr'>quaque</span> <span class='ocrx_word' id='word_1_269' title='bbox 535 1501 624 1532; x_wconf 83' lang='lat' dir='ltr'>causa</span> <span class='ocrx_word' id='word_1_270' title='bbox 640 1501 875 1531; x_wconf 84' lang='lat' dir='ltr'>accommodari</span> <span class='ocrx_word' id='word_1_271' title='bbox 892 1510 925 1530; x_wconf 90' lang='lat'>0-</span> 
     </span>
     <span class='ocr_line' id='line_1_34' title="bbox 57 1541 926 1587; baseline -0.009 -8"><span class='ocrx_word' id='word_1_272' title='bbox 57 1555 222 1587; x_wconf 78' lang='lat' dir='ltr'>porteret,</span> <span class='ocrx_word' id='word_1_273' title='bbox 247 1546 353 1577; x_wconf 78' lang='lat' dir='ltr'>suadet</span> <span class='ocrx_word' id='word_1_274' title='bbox 377 1544 508 1583; x_wconf 82' lang='lat' dir='ltr'>sequens</span> <span class='ocrx_word' id='word_1_275' title='bbox 534 1542 700 1574; x_wconf 82' lang='lat' dir='ltr'>Ciceronis</span> <span class='ocrx_word' id='word_1_276' title='bbox 724 1542 814 1572; x_wconf 90' lang='lat' dir='ltr'>locus</span> <span class='ocrx_word' id='word_1_277' title='bbox 834 1565 843 1580; x_wconf 88' lang='lat'>‚</span> <span class='ocrx_word' id='word_1_278' title='bbox 868 1541 926 1572; x_wconf 80' lang='lat' dir='ltr'>Pro</span> 
     </span>
     <span class='ocr_line' id='line_1_35' title="bbox 59 1583 928 1627; baseline -0.007 -9"><span class='ocrx_word' id='word_1_279' title='bbox 59 1588 161 1627; x_wconf 77' lang='lat' dir='ltr'>Roscio</span> <span class='ocrx_word' id='word_1_280' title='bbox 181 1588 306 1618; x_wconf 78' lang='lat' dir='ltr'>Coiiioedo</span> <span class='ocrx_word' id='word_1_281' title='bbox 329 1593 386 1625; x_wconf 80' lang='lat' dir='ltr'>cap.</span> <span class='ocrx_word' id='word_1_282' title='bbox 411 1590 437 1619; x_wconf 85' lang='lat'>8.</span> <span class='ocrx_word' id='word_1_283' title='bbox 485 1584 650 1614; x_wconf 65' lang='lat' dir='ltr'>Fraudulitit</span> <span class='ocrx_word' id='word_1_284' title='bbox 680 1589 706 1612; x_wconf 76' lang='lat' dir='ltr'>te</span> <span class='ocrx_word' id='word_1_285' title='bbox 735 1583 768 1613; x_wconf 80' lang='lat' dir='ltr'>in</span> <span class='ocrx_word' id='word_1_286' title='bbox 795 1585 928 1621; x_wconf 77' lang='lat' dir='ltr'>societate</span> 
     </span>
     <span class='ocr_line' id='line_1_36' title="bbox 61 1625 928 1668; baseline -0.007 -9"><span class='ocrx_word' id='word_1_287' title='bbox 61 1628 193 1665; x_wconf 78' lang='lat' dir='ltr'>Roscius.</span> <span class='ocrx_word' id='word_1_288' title='bbox 215 1628 400 1668; x_wconf 71' lang='lat' dir='ltr'>sunz’jm‘a,</span> <span class='ocrx_word' id='word_1_289' title='bbox 420 1626 489 1664; x_wconf 77' lang='lat' dir='ltr'>sunt</span> <span class='ocrx_word' id='word_1_290' title='bbox 497 1625 630 1665; x_wconf 63' lang='lat' dir='ltr'>formulae</span> <span class='ocrx_word' id='word_1_291' title='bbox 648 1625 681 1653; x_wconf 80' lang='lat' dir='ltr'>cie</span> <span class='ocrx_word' id='word_1_292' title='bbox 700 1625 826 1654; x_wconf 77' lang='lat' dir='ltr'>omnibus</span> <span class='ocrx_word' id='word_1_293' title='bbox 845 1626 928 1654; x_wconf 70' lang='lat' dir='ltr'>relatis</span> 
     </span>
     <span class='ocr_line' id='line_1_37' title="bbox 60 1666 927 1710; baseline -0.006 -10"><span class='ocrx_word' id='word_1_294' title='bbox 60 1668 219 1710; x_wconf 57' lang='lat' dir='ltr'>constitutit·</span> <span class='ocrx_word' id='word_1_295' title='bbox 231 1692 239 1708; x_wconf 91' lang='lat'><em>‚</em></span> <span class='ocrx_word' id='word_1_296' title='bbox 262 1679 296 1698; x_wconf 76' lang='lat' dir='ltr'>ne</span> <span class='ocrx_word' id='word_1_297' title='bbox 311 1670 374 1708; x_wconf 74' lang='lat' dir='ltr'>quis</span> <span class='ocrx_word' id='word_1_298' title='bbox 392 1673 443 1697; x_wconf 76' lang='lat' dir='ltr'>mit</span> <span class='ocrx_word' id='word_1_299' title='bbox 461 1669 492 1696; x_wconf 78' lang='lat' dir='ltr'>in</span> <span class='ocrx_word' id='word_1_300' title='bbox 504 1676 605 1707; x_wconf 72' lang='lat' dir='ltr'>genere</span> <span class='ocrx_word' id='word_1_301' title='bbox 622 1666 736 1705; x_wconf 66' lang='lat' dir='ltr'>injuriae</span> <span class='ocrx_word' id='word_1_302' title='bbox 747 1688 755 1701; x_wconf 86' lang='lat'>,</span> <span class='ocrx_word' id='word_1_303' title='bbox 772 1672 823 1695; x_wconf 72' lang='lat' dir='ltr'>aut</span> <span class='ocrx_word' id='word_1_304' title='bbox 840 1667 927 1696; x_wconf 71' lang='lat' dir='ltr'>ratio·</span> 
     </span>
     <span class='ocr_line' id='line_1_38' title="bbox 61 1706 927 1749; baseline -0.005 -8"><span class='ocrx_word' id='word_1_305' title='bbox 61 1720 96 1741; x_wconf 80' lang='lat' dir='ltr'>ne</span> <span class='ocrx_word' id='word_1_306' title='bbox 112 1710 230 1741; x_wconf 64' lang='lat' dir='ltr'>astionis</span> <span class='ocrx_word' id='word_1_307' title='bbox 245 1719 336 1740; x_wconf 77' lang='lat' dir='ltr'>errare</span> <span class='ocrx_word' id='word_1_308' title='bbox 347 1708 436 1749; x_wconf 74' lang='lat' dir='ltr'>poffic.</span> <span class='ocrx_word' id='word_1_309' title='bbox 460 1706 669 1747; x_wconf 69' lang='lat' dir='ltr'>eapieffiesuizt</span> <span class='ocrx_word' id='word_1_310' title='bbox 685 1707 759 1736; x_wconf 76' lang='lat' dir='ltr'>enim</span> <span class='ocrx_word' id='word_1_311' title='bbox 774 1716 810 1736; x_wconf 78' lang='lat' dir='ltr'>ex</span> <span class='ocrx_word' id='word_1_312' title='bbox 827 1709 927 1737; x_wconf 78' lang='lat' dir='ltr'>unius-</span> 
     </span>
     <span class='ocr_line' id='line_1_39' title="bbox 61 1749 921 1793; baseline -0.005 -11"><span class='ocrx_word' id='word_1_313' title='bbox 61 1752 200 1793; x_wconf 75' lang='lat' dir='ltr'>cujusque</span> <span class='ocrx_word' id='word_1_314' title='bbox 216 1753 316 1781; x_wconf 71' lang='lat' dir='ltr'>damno</span> <span class='ocrx_word' id='word_1_315' title='bbox 327 1774 335 1787; x_wconf 97' lang='lat'>‚</span> <span class='ocrx_word' id='word_1_316' title='bbox 351 1750 459 1787; x_wconf 71' lang='lat' dir='ltr'>dolore,</span> <span class='ocrx_word' id='word_1_317' title='bbox 474 1750 661 1785; x_wconf 68' lang='lat' dir='ltr'>incommodo,</span> <span class='ocrx_word' id='word_1_318' title='bbox 679 1749 862 1786; x_wconf 62' lang='lat' dir='ltr'>calamitate,</span> <span class='ocrx_word' id='word_1_319' title='bbox 877 1750 921 1778; x_wconf 83' lang='lat' dir='ltr'>in-</span> 
     </span>
     <span class='ocr_line' id='line_1_40' title="bbox 56 1790 922 1834; baseline -0.003 -11"><span class='ocrx_word' id='word_1_320' title='bbox 56 1794 140 1834; x_wconf 80' lang='lat' dir='ltr'>juria</span> <span class='ocrx_word' id='word_1_321' title='bbox 151 1816 159 1831; x_wconf 91' lang='lat'>‚</span> <span class='ocrx_word' id='word_1_322' title='bbox 172 1793 288 1833; x_wconf 64' lang='lat' dir='ltr'>publice</span> <span class='ocrx_word' id='word_1_323' title='bbox 304 1802 320 1822; x_wconf 82' lang='grc' dir='ltr'>ιι</span> <span class='ocrx_word' id='word_1_324' title='bbox 335 1792 454 1821; x_wconf 66' lang='lat' dir='ltr'>Preion</span> <span class='ocrx_word' id='word_1_325' title='bbox 463 1790 600 1828; x_wconf 65' lang='lat' dir='ltr'>formali&amp;</span> <span class='ocrx_word' id='word_1_326' title='bbox 615 1791 652 1819; x_wconf 79' lang='lat' dir='ltr'>ad</span> <span class='ocrx_word' id='word_1_327' title='bbox 666 1798 738 1829; x_wconf 79' lang='lat' dir='ltr'>quas</span> <span class='ocrx_word' id='word_1_328' title='bbox 749 1791 871 1828; x_wconf 64' lang='lat' dir='ltr'>privata</span> <span class='ocrx_word' id='word_1_329' title='bbox 888 1790 922 1820; x_wconf 83' lang='lat' dir='ltr'>lis</span> 
     </span>
     <span class='ocr_line' id='line_1_41' title="bbox 61 1830 923 1870; baseline -0.002 -6"><span class='ocrx_word' id='word_1_330' title='bbox 61 1835 296 1865; x_wconf 66' lang='lat' dir='ltr'>ciccomiiiocialmz</span> <span class='ocrx_word' id='word_1_331' title='bbox 320 1832 400 1863; x_wconf 73' lang='lat' dir='ltr'>Haec</span> <span class='ocrx_word' id='word_1_332' title='bbox 417 1841 493 1862; x_wconf 83' lang='lat' dir='ltr'>vero</span> <span class='ocrx_word' id='word_1_333' title='bbox 510 1830 637 1870; x_wconf 84' lang='lat' dir='ltr'>quodin</span> <span class='ocrx_word' id='word_1_334' title='bbox 654 1831 854 1869; x_wconf 78' lang='lat' dir='ltr'>albatabula,</span> <span class='ocrx_word' id='word_1_335' title='bbox 871 1831 923 1862; x_wconf 90' lang='lat' dir='ltr'>vel</span> 
     </span>
     <span class='ocr_line' id='line_1_42' title="bbox 59 1872 922 1915; baseline -0.002 -10"><span class='ocrx_word' id='word_1_336' title='bbox 59 1876 133 1906; x_wconf 82' lang='lat' dir='ltr'>albo</span> <span class='ocrx_word' id='word_1_337' title='bbox 161 1875 298 1915; x_wconf 79' lang='lat' dir='ltr'>pariete,</span> <span class='ocrx_word' id='word_1_338' title='bbox 324 1881 597 1913; x_wconf 83' lang='lat' dir='ltr'>proponerentur3</span> <span class='ocrx_word' id='word_1_339' title='bbox 620 1880 767 1912; x_wconf 83' lang='lat' dir='ltr'>apparet,</span> <span class='ocrx_word' id='word_1_340' title='bbox 791 1881 846 1903; x_wconf 87' lang='lat' dir='ltr'>cur</span> <span class='ocrx_word' id='word_1_341' title='bbox 864 1872 922 1903; x_wconf 86' lang='lat' dir='ltr'>La-</span> 
     </span>
     <span class='ocr_line' id='line_1_43' title="bbox 57 1911 924 1955; baseline -0.005 -8"><span class='ocrx_word' id='word_1_342' title='bbox 57 1917 122 1947; x_wconf 89' lang='lat' dir='ltr'>beo</span> <span class='ocrx_word' id='word_1_343' title='bbox 148 1920 228 1955; x_wconf 82' lang='lat' dir='ltr'>apud</span> <span class='ocrx_word' id='word_1_344' title='bbox 257 1917 423 1954; x_wconf 79' lang='lat' dir='ltr'>Ulpianum</span> <span class='ocrx_word' id='word_1_345' title='bbox 450 1915 476 1944; x_wconf 84' lang='lat' dir='ltr'>d.</span> <span class='ocrx_word' id='word_1_346' title='bbox 501 1913 519 1943; x_wconf 73' lang='lat' dir='ltr'>l.</span> <span class='ocrx_word' id='word_1_347' title='bbox 549 1922 573 1944; x_wconf 94' lang='lat'>1.</span> <span class='ocrx_word' id='word_1_348' title='bbox 598 1911 624 1953; x_wconf 83' lang='lat'>§.</span> <span class='ocrx_word' id='word_1_349' title='bbox 646 1922 670 1943; x_wconf 91' lang='lat'>1.</span> <span class='ocrx_word' id='word_1_350' title='bbox 692 1913 826 1952; x_wconf 76' lang='lat' dir='ltr'>dixerit,</span> <span class='ocrx_word' id='word_1_351' title='bbox 851 1923 924 1944; x_wconf 91' lang='lat' dir='ltr'>eum</span> 
     </span>
     <span class='ocr_line' id='line_1_44' title="bbox 55 1953 924 1997; baseline 0 -10"><span class='ocrx_word' id='word_1_352' title='bbox 55 1965 187 1997; x_wconf 82' lang='lat' dir='ltr'>quoque</span> <span class='ocrx_word' id='word_1_353' title='bbox 203 1957 314 1994; x_wconf 87' lang='lat' dir='ltr'>edere,</span> <span class='ocrx_word' id='word_1_354' title='bbox 330 1957 382 1996; x_wconf 88' lang='lat' dir='ltr'>qui</span> <span class='ocrx_word' id='word_1_355' title='bbox 401 1954 547 1995; x_wconf 80' lang='lat' dir='ltr'>produci-t</span> <span class='ocrx_word' id='word_1_356' title='bbox 564 1953 773 1997; x_wconf 77' lang='lat' dir='ltr'>adversarium</span> <span class='ocrx_word' id='word_1_357' title='bbox 785 1954 869 1986; x_wconf 88' lang='lat' dir='ltr'>suum</span> <span class='ocrx_word' id='word_1_358' title='bbox 886 1956 924 1987; x_wconf 89' lang='lat' dir='ltr'>ad</span> 
     </span>
     <span class='ocr_line' id='line_1_45' title="bbox 56 1995 924 2035; baseline -0.002 -6"><span class='ocrx_word' id='word_1_359' title='bbox 56 1999 182 2034; x_wconf 82' lang='lat' dir='ltr'>album,</span> <span class='ocrx_word' id='word_1_360' title='bbox 205 1998 234 2028; x_wconf 70' lang='grc' dir='ltr'>δε</span> <span class='ocrx_word' id='word_1_361' title='bbox 251 1996 465 2035; x_wconf 85' lang='lat' dir='ltr'>demonstret,</span> <span class='ocrx_word' id='word_1_362' title='bbox 482 1997 568 2035; x_wconf 88' lang='lat' dir='ltr'>quod</span> <span class='ocrx_word' id='word_1_363' title='bbox 586 1995 754 2027; x_wconf 70' lang='lat' dir='ltr'>dictaturus</span> <span class='ocrx_word' id='word_1_364' title='bbox 773 1995 824 2027; x_wconf 86' lang='lat' dir='ltr'>est.</span> <span class='ocrx_word' id='word_1_365' title='bbox 849 1996 924 2028; x_wconf 85' lang='lat' dir='ltr'>Seii-</span> 
     </span>
     <span class='ocr_line' id='line_1_46' title="bbox 56 2037 924 2078; baseline -0.001 -8"><span class='ocrx_word' id='word_1_366' title='bbox 56 2038 105 2071; x_wconf 90' lang='lat' dir='ltr'>sus</span> <span class='ocrx_word' id='word_1_367' title='bbox 130 2041 212 2070; x_wconf 84' lang='lat' dir='ltr'>eiiim</span> <span class='ocrx_word' id='word_1_368' title='bbox 238 2037 302 2076; x_wconf 82' lang='lat' dir='ltr'>est,</span> <span class='ocrx_word' id='word_1_369' title='bbox 327 2038 414 2078; x_wconf 82' lang='lat' dir='ltr'>quod</span> <span class='ocrx_word' id='word_1_370' title='bbox 441 2046 505 2068; x_wconf 90' lang='lat' dir='ltr'>non</span> <span class='ocrx_word' id='word_1_371' title='bbox 532 2044 653 2067; x_wconf 88' lang='lat' dir='ltr'>tantum</span> <span class='ocrx_word' id='word_1_372' title='bbox 671 2037 738 2067; x_wconf 90' lang='lat' dir='ltr'>edit</span> <span class='ocrx_word' id='word_1_373' title='bbox 756 2037 781 2069; x_wconf 91' lang='lat' dir='ltr'>is</span> <span class='ocrx_word' id='word_1_374' title='bbox 797 2038 850 2077; x_wconf 90' lang='lat' dir='ltr'>qui</span> <span class='ocrx_word' id='word_1_375' title='bbox 868 2047 924 2069; x_wconf 88' lang='lat' dir='ltr'>reo</span> 
     </span>
     <span class='ocr_line' id='line_1_47' title="bbox 56 2077 923 2121; baseline 0 -10"><span class='ocrx_word' id='word_1_376' title='bbox 56 2080 192 2121; x_wconf 83' lang='lat' dir='ltr'>porrigit</span> <span class='ocrx_word' id='word_1_377' title='bbox 214 2080 369 2112; x_wconf 66' lang='lat' dir='ltr'>actionem</span> <span class='ocrx_word' id='word_1_378' title='bbox 395 2078 503 2110; x_wconf 87' lang='lat' dir='ltr'>libello</span> <span class='ocrx_word' id='word_1_379' title='bbox 528 2077 692 2117; x_wconf 87' lang='lat' dir='ltr'>scriptam,</span> <span class='ocrx_word' id='word_1_380' title='bbox 716 2079 766 2110; x_wconf 85' lang='lat' dir='ltr'>vel</span> <span class='ocrx_word' id='word_1_381' title='bbox 792 2088 861 2110; x_wconf 88' lang='lat' dir='ltr'>eam</span> <span class='ocrx_word' id='word_1_382' title='bbox 880 2081 923 2111; x_wconf 88' lang='lat' dir='ltr'>di-</span> 
     </span>
    </p>
   </div>
   <div class='ocr_carea' id='block_1_3' title="bbox 57 2119 944 2160">
    <p class='ocr_par' dir='ltr' id='par_1_3' title="bbox 57 2119 944 2160">
     <span class='ocr_line' id='line_1_48' title="bbox 57 2119 944 2160; baseline 0 -8"><span class='ocrx_word' id='word_1_383' title='bbox 57 2122 138 2158; x_wconf 64' lang='lat' dir='ltr'>stat,</span> <span class='ocrx_word' id='word_1_384' title='bbox 162 2121 212 2152; x_wconf 85' lang='lat' dir='ltr'>vel</span> <span class='ocrx_word' id='word_1_385' title='bbox 238 2121 339 2152; x_wconf 86' lang='lat' dir='ltr'>dicit:</span> <span class='ocrx_word' id='word_1_386' title='bbox 364 2121 414 2152; x_wconf 86' lang='lat' dir='ltr'>sed</span> <span class='ocrx_word' id='word_1_387' title='bbox 440 2122 536 2150; x_wconf 87' lang='lat' dir='ltr'>etiam</span> <span class='ocrx_word' id='word_1_388' title='bbox 561 2119 614 2150; x_wconf 87' lang='lat' dir='ltr'>hic</span> <span class='ocrx_word' id='word_1_389' title='bbox 636 2121 688 2160; x_wconf 91' lang='lat' dir='ltr'>qui</span> <span class='ocrx_word' id='word_1_390' title='bbox 713 2121 944 2152; x_wconf 57' lang='lat' dir='ltr'>adversarium»</span> 
     </span>
    </p>
   </div>
   <div class='ocr_carea' id='block_1_4' title="bbox 43 2160 924 3304">
    <p class='ocr_par' dir='ltr' id='par_1_4' title="bbox 55 2160 923 2284">
     <span class='ocr_line' id='line_1_49' title="bbox 57 2160 923 2203; baseline 0 -10"><span class='ocrx_word' id='word_1_391' title='bbox 57 2162 144 2194; x_wconf 89' lang='lat' dir='ltr'>suum</span> <span class='ocrx_word' id='word_1_392' title='bbox 168 2163 198 2193; x_wconf 90' lang='lat' dir='ltr'>in</span> <span class='ocrx_word' id='word_1_393' title='bbox 223 2163 270 2201; x_wconf 83' lang='lat' dir='ltr'>jus</span> <span class='ocrx_word' id='word_1_394' title='bbox 295 2163 382 2192; x_wconf 86' lang='lat' dir='ltr'>ducit</span> <span class='ocrx_word' id='word_1_395' title='bbox 402 2162 438 2192; x_wconf 90' lang='lat' dir='ltr'>ad</span> <span class='ocrx_word' id='word_1_396' title='bbox 459 2161 563 2191; x_wconf 92' lang='lat' dir='ltr'>album</span> <span class='ocrx_word' id='word_1_397' title='bbox 581 2160 746 2193; x_wconf 73' lang='lat' dir='ltr'>Praetoris:</span> <span class='ocrx_word' id='word_1_398' title='bbox 770 2162 801 2192; x_wconf 92' lang='lat' dir='ltr'>in</span> <span class='ocrx_word' id='word_1_399' title='bbox 818 2171 923 2203; x_wconf 89' lang='lat' dir='ltr'>eoque</span> 
     </span>
     <span class='ocr_line' id='line_1_50' title="bbox 55 2201 920 2243; baseline 0.001 -9"><span class='ocrx_word' id='word_1_400' title='bbox 55 2203 113 2235; x_wconf 88' lang='lat' dir='ltr'>suo</span> <span class='ocrx_word' id='word_1_401' title='bbox 130 2203 231 2243; x_wconf 81' lang='lat' dir='ltr'>digito</span> <span class='ocrx_word' id='word_1_402' title='bbox 249 2204 298 2233; x_wconf 90' lang='lat' dir='ltr'>vel</span> <span class='ocrx_word' id='word_1_403' title='bbox 319 2204 408 2234; x_wconf 85' lang='lat' dir='ltr'>aliter</span> <span class='ocrx_word' id='word_1_404' title='bbox 424 2202 617 2233; x_wconf 83' lang='lat' dir='ltr'>demonstrat</span> <span class='ocrx_word' id='word_1_405' title='bbox 634 2201 804 2234; x_wconf 88' lang='lat' dir='ltr'>formulam</span> <span class='ocrx_word' id='word_1_406' title='bbox 823 2204 875 2235; x_wconf 88' lang='lat' dir='ltr'>seu</span> <span class='ocrx_word' id='word_1_407' title='bbox 891 2214 920 2235; x_wconf 87' lang='lat' dir='ltr'>a·</span> 
     </span>
     <span class='ocr_line' id='line_1_51' title="bbox 57 2242 921 2284; baseline 0.002 -9"><span class='ocrx_word' id='word_1_408' title='bbox 57 2245 195 2276; x_wconf 62' lang='lat' dir='ltr'>ctionem</span> <span class='ocrx_word' id='word_1_409' title='bbox 207 2254 267 2284; x_wconf 84' lang='lat' dir='ltr'>qua</span> <span class='ocrx_word' id='word_1_410' title='bbox 277 2244 400 2275; x_wconf 68' lang='lat' dir='ltr'>asturus</span> <span class='ocrx_word' id='word_1_411' title='bbox 412 2243 457 2275; x_wconf 91' lang='lat' dir='ltr'>sit.</span> <span class='ocrx_word' id='word_1_412' title='bbox 481 2242 623 2275; x_wconf 86' lang='lat' dir='ltr'>Tantum</span> <span class='ocrx_word' id='word_1_413' title='bbox 633 2243 673 2274; x_wconf 85' lang='lat' dir='ltr'>de</span> <span class='ocrx_word' id='word_1_414' title='bbox 683 2246 784 2276; x_wconf 88' lang='lat' dir='ltr'>modis</span> <span class='ocrx_word' id='word_1_415' title='bbox 794 2245 921 2277; x_wconf 86' lang='lat' dir='ltr'>edendi.</span> 
     </span>
    </p>

    <p class='ocr_par' dir='ltr' id='par_1_5' title="bbox 43 2284 924 3302">
     <span class='ocr_line' id='line_1_52' title="bbox 97 2284 923 2324; baseline 0.002 -8"><span class='ocrx_word' id='word_1_416' title='bbox 97 2285 246 2324; x_wconf 80' lang='lat' dir='ltr'>Sequitur</span> <span class='ocrx_word' id='word_1_417' title='bbox 262 2285 415 2317; x_wconf 86' lang='lat' dir='ltr'>formula:</span> <span class='ocrx_word' id='word_1_418' title='bbox 441 2294 533 2324; x_wconf 84' lang='lat' dir='ltr'>quam</span> <span class='ocrx_word' id='word_1_419' title='bbox 559 2286 589 2316; x_wconf 88' lang='lat' dir='ltr'>in</span> <span class='ocrx_word' id='word_1_420' title='bbox 608 2284 733 2316; x_wconf 64' lang='lat' dir='ltr'>actione</span> <span class='ocrx_word' id='word_1_421' title='bbox 750 2286 780 2317; x_wconf 89' lang='lat' dir='ltr'>iii</span> <span class='ocrx_word' id='word_1_422' title='bbox 795 2296 862 2318; x_wconf 90' lang='lat' dir='ltr'>rem</span> <span class='ocrx_word' id='word_1_423' title='bbox 879 2295 923 2318; x_wconf 84' lang='lat' dir='ltr'>ta-</span> 
     </span>
     <span class='ocr_line' id='line_1_53' title="bbox 58 2326 923 2368; baseline 0.002 -10"><span class='ocrx_word' id='word_1_424' title='bbox 58 2327 123 2359; x_wconf 82' lang='lat' dir='ltr'>lem</span> <span class='ocrx_word' id='word_1_425' title='bbox 140 2327 217 2358; x_wconf 86' lang='lat' dir='ltr'>facit</span> <span class='ocrx_word' id='word_1_426' title='bbox 234 2326 351 2358; x_wconf 88' lang='lat' dir='ltr'>Cicero</span> <span class='ocrx_word' id='word_1_427' title='bbox 373 2327 429 2357; x_wconf 82' lang='lat' dir='ltr'>Pro</span> <span class='ocrx_word' id='word_1_428' title='bbox 440 2327 570 2357; x_wconf 73' lang='lat' dir='ltr'>Murena</span> <span class='ocrx_word' id='word_1_429' title='bbox 588 2334 612 2357; x_wconf 88' lang='lat' dir='ltr'>c.</span> <span class='ocrx_word' id='word_1_430' title='bbox 637 2335 681 2357; x_wconf 85' lang='lat'>12.</span> <span class='ocrx_word' id='word_1_431' title='bbox 709 2326 852 2359; x_wconf 82' lang='lat' dir='ltr'>Fundum</span> <span class='ocrx_word' id='word_1_432' title='bbox 870 2331 923 2368; x_wconf 86' lang='lat' dir='ltr'>qui</span> 
     </span>
     <span class='ocr_line' id='line_1_54' title="bbox 56 2368 924 2409; baseline 0.002 -10"><span class='ocrx_word' id='word_1_433' title='bbox 56 2368 138 2399; x_wconf 87' lang='lat' dir='ltr'>estin</span> <span class='ocrx_word' id='word_1_434' title='bbox 150 2378 243 2408; x_wconf 83' lang='lat' dir='ltr'>agro,</span> <span class='ocrx_word' id='word_1_435' title='bbox 261 2369 311 2408; x_wconf 85' lang='lat' dir='ltr'>qui</span> <span class='ocrx_word' id='word_1_436' title='bbox 323 2368 453 2399; x_wconf 56' lang='lat' dir='ltr'>Sabinus</span> <span class='ocrx_word' id='word_1_437' title='bbox 471 2376 621 2406; x_wconf 82' lang='lat' dir='ltr'>vocatur,</span> <span class='ocrx_word' id='word_1_438' title='bbox 637 2377 709 2399; x_wconf 88' lang='lat' dir='ltr'>eum</span> <span class='ocrx_word' id='word_1_439' title='bbox 725 2377 786 2409; x_wconf 85' lang='lat' dir='ltr'>ego</span> <span class='ocrx_word' id='word_1_440' title='bbox 803 2379 843 2400; x_wconf 85' lang='lat' dir='ltr'>ex</span> <span class='ocrx_word' id='word_1_441' title='bbox 856 2369 924 2409; x_wconf 85' lang='lat' dir='ltr'>jure</span> 
     </span>
     <span class='ocr_line' id='line_1_55' title="bbox 55 2408 923 2451; baseline 0.005 -12"><span class='ocrx_word' id='word_1_442' title='bbox 55 2408 226 2451; x_wconf 85' lang='lat' dir='ltr'>Quiritium</span> <span class='ocrx_word' id='word_1_443' title='bbox 245 2419 348 2440; x_wconf 84' lang='lat' dir='ltr'>meum</span> <span class='ocrx_word' id='word_1_444' title='bbox 368 2409 429 2440; x_wconf 79' lang='lat' dir='ltr'>else</span> <span class='ocrx_word' id='word_1_445' title='bbox 446 2409 503 2448; x_wconf 78' lang='lat' dir='ltr'>ajo.</span> <span class='ocrx_word' id='word_1_446' title='bbox 532 2408 624 2440; x_wconf 85' lang='lat' dir='ltr'>Unde</span> <span class='ocrx_word' id='word_1_447' title='bbox 641 2410 846 2450; x_wconf 78' lang='lat' dir='ltr'>intelligimus</span> <span class='ocrx_word' id='word_1_448' title='bbox 859 2435 867 2450; x_wconf 89' lang='lat'>,</span> <span class='ocrx_word' id='word_1_449' title='bbox 892 2413 923 2443; x_wconf 93' lang='lat' dir='ltr'>in</span> 
     </span>
     <span class='ocr_line' id='line_1_56' title="bbox 54 2450 924 2493; baseline 0.003 -12"><span class='ocrx_word' id='word_1_450' title='bbox 54 2452 179 2483; x_wconf 72' lang='lat' dir='ltr'>actione</span> <span class='ocrx_word' id='word_1_451' title='bbox 195 2454 225 2482; x_wconf 90' lang='lat' dir='ltr'>in</span> <span class='ocrx_word' id='word_1_452' title='bbox 246 2461 309 2482; x_wconf 82' lang='lat' dir='ltr'>rein</span> <span class='ocrx_word' id='word_1_453' title='bbox 327 2451 425 2482; x_wconf 59' lang='lat' dir='ltr'>asiori</span> <span class='ocrx_word' id='word_1_454' title='bbox 444 2452 507 2481; x_wconf 89' lang='lat' dir='ltr'>duo</span> <span class='ocrx_word' id='word_1_455' title='bbox 521 2450 611 2482; x_wconf 85' lang='lat' dir='ltr'>fuisse</span> <span class='ocrx_word' id='word_1_456' title='bbox 627 2451 831 2485; x_wconf 81' lang='lat' dir='ltr'>oblervanda.</span> <span class='ocrx_word' id='word_1_457' title='bbox 865 2455 924 2493; x_wconf 89' lang='lat' dir='ltr'>pri-</span> 
     </span>
     <span class='ocr_line' id='line_1_57' title="bbox 54 2492 923 2533; baseline 0.005 -11"><span class='ocrx_word' id='word_1_458' title='bbox 54 2501 159 2531; x_wconf 86' lang='lat' dir='ltr'>mum,</span> <span class='ocrx_word' id='word_1_459' title='bbox 184 2501 216 2522; x_wconf 89' lang='lat' dir='ltr'>ut</span> <span class='ocrx_word' id='word_1_460' title='bbox 234 2502 282 2523; x_wconf 84' lang='lat' dir='ltr'>res</span> <span class='ocrx_word' id='word_1_461' title='bbox 300 2501 370 2531; x_wconf 82' lang='lat' dir='ltr'>quae</span> <span class='ocrx_word' id='word_1_462' title='bbox 388 2500 568 2532; x_wconf 85' lang='lat' dir='ltr'>peteretur,</span> <span class='ocrx_word' id='word_1_463' title='bbox 595 2492 676 2523; x_wconf 90' lang='lat' dir='ltr'>bene</span> <span class='ocrx_word' id='word_1_464' title='bbox 692 2492 923 2533; x_wconf 75' lang='lat' dir='ltr'>designaretur:</span> 
     </span>
     <span class='ocr_line' id='line_1_58' title="bbox 57 2532 923 2575; baseline 0.005 -12"><span class='ocrx_word' id='word_1_465' title='bbox 57 2532 87 2563; x_wconf 85' lang='lat'>&amp;</span> <span class='ocrx_word' id='word_1_466' title='bbox 103 2533 227 2571; x_wconf 87' lang='lat' dir='ltr'>quidem</span> <span class='ocrx_word' id='word_1_467' title='bbox 243 2533 356 2565; x_wconf 86' lang='lat' dir='ltr'>fundus</span> <span class='ocrx_word' id='word_1_468' title='bbox 372 2534 477 2573; x_wconf 85' lang='lat' dir='ltr'>(quod</span> <span class='ocrx_word' id='word_1_469' title='bbox 494 2535 591 2564; x_wconf 78' lang='lat' dir='ltr'>miror</span> <span class='ocrx_word' id='word_1_470' title='bbox 600 2543 665 2565; x_wconf 91' lang='lat' dir='ltr'>non</span> <span class='ocrx_word' id='word_1_471' title='bbox 677 2535 810 2575; x_wconf 74' lang='lat' dir='ltr'>attigisse</span> <span class='ocrx_word' id='word_1_472' title='bbox 825 2538 853 2566; x_wconf 86' lang='lat' dir='ltr'>d.</span> <span class='ocrx_word' id='word_1_473' title='bbox 872 2537 923 2567; x_wconf 84' lang='lat' dir='ltr'>loc.</span> 
     </span>
     <span class='ocr_line' id='line_1_59' title="bbox 57 2572 922 2617; baseline 0.006 -14"><span class='ocrx_word' id='word_1_474' title='bbox 57 2572 266 2613; x_wconf 82' lang='lat' dir='ltr'>Ciceronem)</span> <span class='ocrx_word' id='word_1_475' title='bbox 284 2583 346 2605; x_wconf 87' lang='lat' dir='ltr'>tam</span> <span class='ocrx_word' id='word_1_476' title='bbox 360 2574 628 2606; x_wconf 82' lang='lat' dir='ltr'>demonstratione</span> <span class='ocrx_word' id='word_1_477' title='bbox 644 2577 781 2607; x_wconf 86' lang='lat' dir='ltr'>nominis</span> <span class='ocrx_word' id='word_1_478' title='bbox 793 2600 803 2616; x_wconf 87' lang='lat'>,</span> <span class='ocrx_word' id='word_1_479' title='bbox 828 2586 922 2617; x_wconf 84' lang='lat' dir='ltr'>quam</span> 
     </span>
     <span class='ocr_line' id='line_1_60' title="bbox 56 2614 922 2655; baseline 0.008 -12"><span class='ocrx_word' id='word_1_480' title='bbox 56 2614 119 2644; x_wconf 88' lang='lat' dir='ltr'>loci</span> <span class='ocrx_word' id='word_1_481' title='bbox 132 2623 195 2653; x_wconf 86' lang='lat' dir='ltr'>quo</span> <span class='ocrx_word' id='word_1_482' title='bbox 212 2615 264 2646; x_wconf 84' lang='lat' dir='ltr'>lit:</span> <span class='ocrx_word' id='word_1_483' title='bbox 288 2614 329 2646; x_wconf 89' lang='lat' dir='ltr'>fic</span> <span class='ocrx_word' id='word_1_484' title='bbox 344 2617 427 2647; x_wconf 88' lang='lat' dir='ltr'>enim</span> <span class='ocrx_word' id='word_1_485' title='bbox 447 2616 512 2647; x_wconf 85' lang='lat' dir='ltr'>fieri</span> <span class='ocrx_word' id='word_1_486' title='bbox 528 2625 700 2655; x_wconf 84' lang='lat' dir='ltr'>oportere,</span> <span class='ocrx_word' id='word_1_487' title='bbox 716 2626 829 2649; x_wconf 84' lang='lat' dir='ltr'>monet</span> <span class='ocrx_word' id='word_1_488' title='bbox 844 2619 922 2650; x_wconf 89' lang='lat' dir='ltr'>Pau-</span> 
     </span>
     <span class='ocr_line' id='line_1_61' title="bbox 56 2655 923 2700; baseline 0.008 -16"><span class='ocrx_word' id='word_1_489' title='bbox 56 2655 103 2685; x_wconf 78' lang='lat' dir='ltr'>lus</span> <span class='ocrx_word' id='word_1_490' title='bbox 123 2655 144 2686; x_wconf 84' lang='lat' dir='ltr'>l.</span> <span class='ocrx_word' id='word_1_491' title='bbox 158 2659 188 2685; x_wconf 90' lang='lat'>6.</span> <span class='ocrx_word' id='word_1_492' title='bbox 206 2655 248 2686; x_wconf 94' lang='lat' dir='ltr'>D.</span> <span class='ocrx_word' id='word_1_493' title='bbox 265 2657 298 2686; x_wconf 78' lang='lat' dir='ltr'>de</span> <span class='ocrx_word' id='word_1_494' title='bbox 311 2658 352 2686; x_wconf 85' lang='lat' dir='ltr'>rei</span> <span class='ocrx_word' id='word_1_495' title='bbox 366 2657 473 2689; x_wconf 76' lang='lat' dir='ltr'>vindic.</span> <span class='ocrx_word' id='word_1_496' title='bbox 498 2658 631 2690; x_wconf 85' lang='lat' dir='ltr'>alterum</span> <span class='ocrx_word' id='word_1_497' title='bbox 647 2667 731 2697; x_wconf 84' lang='lat' dir='ltr'>erat,</span> <span class='ocrx_word' id='word_1_498' title='bbox 750 2667 783 2690; x_wconf 87' lang='lat' dir='ltr'>ut</span> <span class='ocrx_word' id='word_1_499' title='bbox 801 2662 923 2700; x_wconf 90' lang='lat' dir='ltr'>petitor</span> 
     </span>
     <span class='ocr_line' id='line_1_62' title="bbox 55 2695 923 2741; baseline 0.009 -16"><span class='ocrx_word' id='word_1_500' title='bbox 55 2695 198 2733; x_wconf 81' lang='lat' dir='ltr'>diceret,</span> <span class='ocrx_word' id='word_1_501' title='bbox 216 2696 244 2725; x_wconf 86' lang='lat' dir='ltr'>se</span> <span class='ocrx_word' id='word_1_502' title='bbox 258 2698 323 2734; x_wconf 86' lang='lat' dir='ltr'>ejus</span> <span class='ocrx_word' id='word_1_503' title='bbox 340 2699 425 2737; x_wconf 85' lang='lat' dir='ltr'>quod</span> <span class='ocrx_word' id='word_1_504' title='bbox 442 2700 541 2737; x_wconf 82' lang='lat' dir='ltr'>petit,</span> <span class='ocrx_word' id='word_1_505' title='bbox 558 2700 722 2731; x_wconf 87' lang='lat' dir='ltr'>dominum</span> <span class='ocrx_word' id='word_1_506' title='bbox 738 2699 807 2733; x_wconf 75' lang='lat' dir='ltr'>ess‘e.</span> <span class='ocrx_word' id='word_1_507' title='bbox 834 2703 923 2741; x_wconf 88' lang='lat' dir='ltr'>quod</span> 
     </span>
     <span class='ocr_line' id='line_1_63' title="bbox 60 2737 923 2774; baseline 0.009 -8"><span class='ocrx_word' id='word_1_508' title='bbox 60 2737 89 2767; x_wconf 67' lang='grc' dir='ltr'>ἃ</span> <span class='ocrx_word' id='word_1_509' title='bbox 106 2737 252 2767; x_wconf 88' lang='lat' dir='ltr'>traditum</span> <span class='ocrx_word' id='word_1_510' title='bbox 270 2737 290 2768; x_wconf 85' lang='lat' dir='ltr'>l.</span> <span class='ocrx_word' id='word_1_511' title='bbox 307 2747 355 2774; x_wconf 66' lang='lat'>25⁷.-</span> <span class='ocrx_word' id='word_1_512' title='bbox 378 2738 415 2769; x_wconf 87' lang='lat' dir='ltr'>D.</span> <span class='ocrx_word' id='word_1_513' title='bbox 433 2740 490 2769; x_wconf 83' lang='lat' dir='ltr'>eod.</span> <span class='ocrx_word' id='word_1_514' title='bbox 509 2742 554 2770; x_wconf 78' lang='lat' dir='ltr'>tic.</span> <span class='ocrx_word' id='word_1_515' title='bbox 574 2750 722 2772; x_wconf 55' lang='lat' dir='ltr'>cassetum</span> <span class='ocrx_word' id='word_1_516' title='bbox 741 2742 863 2774; x_wconf 85' lang='lat' dir='ltr'>eausam</span> <span class='ocrx_word' id='word_1_517' title='bbox 882 2753 923 2774; x_wconf 81' lang='lat' dir='ltr'>ex</span> 
     </span>
     <span class='ocr_line' id='line_1_64' title="bbox 58 2777 922 2820; baseline 0.009 -13"><span class='ocrx_word' id='word_1_518' title='bbox 58 2786 117 2816; x_wconf 84' lang='lat' dir='ltr'>qua</span> <span class='ocrx_word' id='word_1_519' title='bbox 133 2779 279 2808; x_wconf 86' lang='lat' dir='ltr'>dominus</span> <span class='ocrx_word' id='word_1_520' title='bbox 304 2777 379 2809; x_wconf 85' lang='lat' dir='ltr'>esset</span> <span class='ocrx_word' id='word_1_521' title='bbox 398 2782 534 2818; x_wconf 85' lang='lat' dir='ltr'>petitor,</span> <span class='ocrx_word' id='word_1_522' title='bbox 558 2782 692 2820; x_wconf 85' lang='lat' dir='ltr'>addere,</span> <span class='ocrx_word' id='word_1_523' title='bbox 715 2783 792 2815; x_wconf 86' lang='lat' dir='ltr'>nihil</span> <span class='ocrx_word' id='word_1_524' title='bbox 809 2785 922 2815; x_wconf 85' lang='lat' dir='ltr'>attinc-</span> 
     </span>
     <span class='ocr_line' id='line_1_65' title="bbox 56 2819 922 2861; baseline 0.009 -12"><span class='ocrx_word' id='word_1_525' title='bbox 56 2819 131 2856; x_wconf 87' lang='lat' dir='ltr'>bat,</span> <span class='ocrx_word' id='word_1_526' title='bbox 155 2819 253 2849; x_wconf 80' lang='lat' dir='ltr'>veluti</span> <span class='ocrx_word' id='word_1_527' title='bbox 271 2828 309 2849; x_wconf 81' lang='lat' dir='ltr'>ex</span> <span class='ocrx_word' id='word_1_528' title='bbox 328 2820 452 2859; x_wconf 77' lang='lat' dir='ltr'>legato,</span> <span class='ocrx_word' id='word_1_529' title='bbox 477 2822 526 2852; x_wconf 77' lang='lat' dir='ltr'>vel</span> <span class='ocrx_word' id='word_1_530' title='bbox 544 2822 683 2861; x_wconf 85' lang='lat' dir='ltr'>donato,</span> <span class='ocrx_word' id='word_1_531' title='bbox 700 2825 749 2855; x_wconf 89' lang='lat' dir='ltr'>vel</span> <span class='ocrx_word' id='word_1_532' title='bbox 766 2825 873 2857; x_wconf 89' lang='lat' dir='ltr'>simili:</span> <span class='ocrx_word' id='word_1_533' title='bbox 892 2826 922 2856; x_wconf 70' lang='grc' dir='ltr'>δε</span> 
     </span>
     <span class='ocr_line' id='line_1_66' title="bbox 53 2860 920 2905; baseline 0.008 -15"><span class='ocrx_word' id='word_1_534' title='bbox 53 2860 128 2890; x_wconf 88' lang='lat' dir='ltr'>ideo</span> <span class='ocrx_word' id='word_1_535' title='bbox 146 2861 210 2899; x_wconf 82' lang='lat' dir='ltr'>ejus</span> <span class='ocrx_word' id='word_1_536' title='bbox 229 2869 380 2898; x_wconf 76' lang='lat' dir='ltr'>nusquam</span> <span class='ocrx_word' id='word_1_537' title='bbox 405 2869 526 2891; x_wconf 77' lang='lat' dir='ltr'>mentio</span> <span class='ocrx_word' id='word_1_538' title='bbox 543 2886 552 2901; x_wconf 90' lang='lat'>,</span> <span class='ocrx_word' id='word_1_539' title='bbox 576 2872 616 2893; x_wconf 86' lang='lat' dir='ltr'>ne</span> <span class='ocrx_word' id='word_1_540' title='bbox 639 2873 668 2894; x_wconf 88' lang='lat' dir='ltr'>in</span> <span class='ocrx_word' id='word_1_541' title='bbox 684 2864 713 2905; x_wconf 81' lang='lat'>§.</span> <span class='ocrx_word' id='word_1_542' title='bbox 741 2875 765 2896; x_wconf 89' lang='lat'>1.</span> <span class='ocrx_word' id='word_1_543' title='bbox 790 2868 920 2904; x_wconf 84' lang='lat' dir='ltr'>quidem</span> 
     </span>
     <span class='ocr_line' id='line_1_67' title="bbox 54 2899 920 2947; baseline 0.008 -15"><span class='ocrx_word' id='word_1_544' title='bbox 54 2899 127 2940; x_wconf 75' lang='lat' dir='ltr'>Inst.</span> <span class='ocrx_word' id='word_1_545' title='bbox 154 2903 186 2931; x_wconf 83' lang='lat' dir='ltr'>de</span> <span class='ocrx_word' id='word_1_546' title='bbox 207 2900 391 2932; x_wconf 55' lang='lat' dir='ltr'>aaronitas:</span> <span class='ocrx_word' id='word_1_547' title='bbox 415 2911 483 2932; x_wconf 82' lang='lat' dir='ltr'>nam</span> <span class='ocrx_word' id='word_1_548' title='bbox 509 2912 568 2933; x_wconf 90' lang='lat' dir='ltr'>nec</span> <span class='ocrx_word' id='word_1_549' title='bbox 592 2905 719 2936; x_wconf 82' lang='lat' dir='ltr'>interest</span> <span class='ocrx_word' id='word_1_550' title='bbox 743 2907 920 2947; x_wconf 65' lang='lat' dir='ltr'>poffess&#39;oris</span> 
     </span>
     <span class='ocr_line' id='line_1_68' title="bbox 51 2942 920 2981; baseline 0.01 -10"><span class='ocrx_word' id='word_1_551' title='bbox 51 2951 113 2981; x_wconf 86' lang='lat' dir='ltr'>qua</span> <span class='ocrx_word' id='word_1_552' title='bbox 130 2952 169 2973; x_wconf 81' lang='lat' dir='ltr'>ex</span> <span class='ocrx_word' id='word_1_553' title='bbox 184 2942 272 2972; x_wconf 84' lang='lat' dir='ltr'>causa</span> <span class='ocrx_word' id='word_1_554' title='bbox 291 2942 377 2973; x_wconf 61' lang='lat' dir='ltr'>affiior</span> <span class='ocrx_word' id='word_1_555' title='bbox 403 2943 549 2974; x_wconf 84' lang='lat' dir='ltr'>dominus</span> <span class='ocrx_word' id='word_1_556' title='bbox 575 2943 627 2975; x_wconf 89' lang='lat' dir='ltr'>sit:</span> <span class='ocrx_word' id='word_1_557' title='bbox 650 2955 721 2977; x_wconf 86' lang='lat' dir='ltr'>cuin</span> <span class='ocrx_word' id='word_1_558' title='bbox 743 2951 920 2980; x_wconf 81' lang='lat' dir='ltr'>dominium</span> 
     </span>
     <span class='ocr_line' id='line_1_69' title="bbox 51 2982 920 3029; baseline 0.008 -16"><span class='ocrx_word' id='word_1_559' title='bbox 51 2992 114 3014; x_wconf 86' lang='lat' dir='ltr'>uiia</span> <span class='ocrx_word' id='word_1_560' title='bbox 131 2982 236 3014; x_wconf 83' lang='lat' dir='ltr'>saltem</span> <span class='ocrx_word' id='word_1_561' title='bbox 259 2993 298 3014; x_wconf 82' lang='lat' dir='ltr'>ex</span> <span class='ocrx_word' id='word_1_562' title='bbox 316 2983 404 3014; x_wconf 74' lang='lat' dir='ltr'>eausa</span> <span class='ocrx_word' id='word_1_563' title='bbox 421 2985 610 3023; x_wconf 76' lang='lat' dir='ltr'>adquiratur.</span> <span class='ocrx_word' id='word_1_564' title='bbox 629 2986 647 3016; x_wconf 89' lang='lat' dir='ltr'>l.</span> <span class='ocrx_word' id='word_1_565' title='bbox 672 2996 715 3024; x_wconf 71' lang='lat'>14.</span> <span class='ocrx_word' id='word_1_566' title='bbox 733 2988 760 3029; x_wconf 56' lang='grc' dir='ltr'>ᾗ,</span> <span class='ocrx_word' id='word_1_567' title='bbox 779 3000 808 3021; x_wconf 82' lang='lat'>2.</span> <span class='ocrx_word' id='word_1_568' title='bbox 831 2990 869 3020; x_wconf 85' lang='lat' dir='ltr'>D.</span> <span class='ocrx_word' id='word_1_569' title='bbox 888 2992 920 3020; x_wconf 76' lang='lat' dir='ltr'>cle</span> 
     </span>
     <span class='ocr_line' id='line_1_70' title="bbox 49 3025 917 3067; baseline 0.008 -13"><span class='ocrx_word' id='word_1_570' title='bbox 49 3030 157 3062; x_wconf 72' lang='lat' dir='ltr'>except.</span> <span class='ocrx_word' id='word_1_571' title='bbox 174 3025 318 3065; x_wconf 69' lang='lat' dir='ltr'>reijicdi&#39;c.</span> <span class='ocrx_word' id='word_1_572' title='bbox 343 3027 390 3055; x_wconf 74' lang='lat' dir='ltr'>An</span> <span class='ocrx_word' id='word_1_573' title='bbox 408 3025 447 3055; x_wconf 86' lang='lat' dir='ltr'>de</span> <span class='ocrx_word' id='word_1_574' title='bbox 464 3025 648 3067; x_wconf 73' lang='lat' dir='ltr'>posseiiione</span> <span class='ocrx_word' id='word_1_575' title='bbox 665 3030 826 3061; x_wconf 81' lang='lat' dir='ltr'>adversarii</span> <span class='ocrx_word' id='word_1_576' title='bbox 844 3032 917 3062; x_wconf 88' lang='lat' dir='ltr'>addi</span> 
     </span>
     <span class='ocr_line' id='line_1_71' title="bbox 49 3065 915 3110; baseline 0.008 -14"><span class='ocrx_word' id='word_1_577' title='bbox 49 3066 165 3096; x_wconf 84' lang='lat' dir='ltr'>debeat</span> <span class='ocrx_word' id='word_1_578' title='bbox 182 3067 212 3096; x_wconf 90' lang='lat' dir='ltr'>in</span> <span class='ocrx_word' id='word_1_579' title='bbox 239 3065 392 3104; x_wconf 70' lang='lat' dir='ltr'>formula,</span> <span class='ocrx_word' id='word_1_580' title='bbox 417 3076 458 3096; x_wconf 83' lang='lat' dir='ltr'>co</span> <span class='ocrx_word' id='word_1_581' title='bbox 476 3068 569 3097; x_wconf 80' lang='lat' dir='ltr'>video</span> <span class='ocrx_word' id='word_1_582' title='bbox 586 3069 720 3107; x_wconf 60' lang='lat' dir='ltr'>ambigi,</span> <span class='ocrx_word' id='word_1_583' title='bbox 744 3072 831 3110; x_wconf 85' lang='lat' dir='ltr'>quod</span> <span class='ocrx_word' id='word_1_584' title='bbox 849 3073 879 3102; x_wconf 91' lang='lat' dir='ltr'>in</span> <span class='ocrx_word' id='word_1_585' title='bbox 898 3072 915 3103; x_wconf 80' lang='lat' dir='ltr'>l.</span> 
     </span>
     <span class='ocr_line' id='line_1_72' title="bbox 51 3107 916 3151; baseline 0.008 -15"><span class='ocrx_word' id='word_1_586' title='bbox 51 3114 78 3136; x_wconf 87' lang='lat'>1.</span> <span class='ocrx_word' id='word_1_587' title='bbox 98 3107 128 3138; x_wconf 90' lang='lat' dir='ltr'>C.</span> <span class='ocrx_word' id='word_1_588' title='bbox 144 3108 176 3137; x_wconf 81' lang='lat' dir='ltr'>de</span> <span class='ocrx_word' id='word_1_589' title='bbox 194 3107 275 3137; x_wconf 72' lang='lat' dir='ltr'>alien.</span> <span class='ocrx_word' id='word_1_590' title='bbox 295 3107 375 3145; x_wconf 72' lang='lat' dir='ltr'>judic</span> <span class='ocrx_word' id='word_1_591' title='bbox 403 3109 532 3138; x_wconf 73' lang='lat' dir='ltr'>mutand.</span> <span class='ocrx_word' id='word_1_592' title='bbox 558 3116 643 3144; x_wconf 65' lang='lat' dir='ltr'>caula</span> <span class='ocrx_word' id='word_1_593' title='bbox 659 3110 698 3140; x_wconf 81' lang='lat' dir='ltr'>iic</span> <span class='ocrx_word' id='word_1_594' title='bbox 714 3112 835 3151; x_wconf 85' lang='lat' dir='ltr'>editur,</span> <span class='ocrx_word' id='word_1_595' title='bbox 852 3123 916 3143; x_wconf 81' lang='lat' dir='ltr'>cum</span> 
     </span>
     <span class='ocr_line' id='line_1_73' title="bbox 51 3147 915 3188; baseline 0.012 -13"><span class='ocrx_word' id='word_1_596' title='bbox 51 3147 82 3176; x_wconf 75' lang='lat' dir='ltr'>in</span> <span class='ocrx_word' id='word_1_597' title='bbox 97 3157 153 3178; x_wconf 78' lang='lat' dir='ltr'>rein</span> <span class='ocrx_word' id='word_1_598' title='bbox 168 3148 303 3179; x_wconf 70' lang='grc' dir='ltr'>αὲἶὶυηενη</span> <span class='ocrx_word' id='word_1_599' title='bbox 320 3147 439 3188; x_wconf 68' lang='lat' dir='ltr'>pofftffiu</span> <span class='ocrx_word' id='word_1_600' title='bbox 453 3153 550 3188; x_wconf 71' lang='lat' dir='ltr'>pariat</span> <span class='ocrx_word' id='word_1_601' title='bbox 561 3152 736 3186; x_wconf 72' lang='lat' dir='ltr'>adversario.</span> <span class='ocrx_word' id='word_1_602' title='bbox 754 3153 815 3183; x_wconf 67' lang='lat' dir='ltr'>Sed</span> <span class='ocrx_word' id='word_1_603' title='bbox 831 3155 915 3185; x_wconf 87' lang='lat' dir='ltr'>nulla</span> 
     </span>
     <span class='ocr_line' id='line_1_74' title="bbox 48 3189 914 3233; baseline 0.01 -16"><span class='ocrx_word' id='word_1_604' title='bbox 48 3189 180 3219; x_wconf 76' lang='lat' dir='ltr'>ratione.</span> <span class='ocrx_word' id='word_1_605' title='bbox 204 3199 237 3219; x_wconf 91' lang='lat' dir='ltr'>ut</span> <span class='ocrx_word' id='word_1_606' title='bbox 259 3191 342 3221; x_wconf 87' lang='lat' dir='ltr'>enim</span> <span class='ocrx_word' id='word_1_607' title='bbox 368 3192 490 3221; x_wconf 75' lang='lat' dir='ltr'>oriendi</span> <span class='ocrx_word' id='word_1_608' title='bbox 518 3192 565 3222; x_wconf 57' lang='grc' dir='ltr'>ΙΝ).</span> <span class='ocrx_word' id='word_1_609' title='bbox 586 3191 664 3233; x_wconf 75' lang='lat' dir='ltr'>sing.</span> <span class='ocrx_word' id='word_1_610' title='bbox 688 3196 724 3223; x_wconf 77' lang='lat' dir='ltr'>cici</span> <span class='ocrx_word' id='word_1_611' title='bbox 746 3193 840 3225; x_wconf 62' lang='lat' dir='ltr'>Edici.</span> <span class='ocrx_word' id='word_1_612' title='bbox 866 3195 914 3226; x_wconf 87' lang='lat' dir='ltr'>De</span> 
     </span>
     <span class='ocr_line' id='line_1_75' title="bbox 43 3227 911 3302; baseline 0.016 -44"><span class='ocrx_word' id='word_1_613' title='bbox 43 3227 121 3276; x_wconf 50' lang='lat' dir='ltr'>pag}</span> <span class='ocrx_word' id='word_1_614' title='bbox 142 3229 176 3263; x_wconf 62' lang='grc' dir='ltr'>ἐπ”</span> <span class='ocrx_word' id='word_1_615' title='bbox 189 3231 330 3302; x_wconf 45' lang='lat' dir='ltr'>flammei.</span> <span class='ocrx_word' id='word_1_616' title='bbox 345 3241 370 3264; x_wconf 86' lang='lat' dir='ltr'>c.</span> <span class='ocrx_word' id='word_1_617' title='bbox 393 3240 437 3273; x_wconf 86' lang='lat'>13.</span> <span class='ocrx_word' id='word_1_618' title='bbox 450 3238 482 3273; x_wconf 83' lang='lat' dir='ltr'>p.</span> <span class='ocrx_word' id='word_1_619' title='bbox 500 3242 572 3274; x_wconf 76' lang='lat'>430.</span> <span class='ocrx_word' id='word_1_620' title='bbox 589 3234 639 3267; x_wconf 76' lang='lat' dir='ltr'>col.</span> <span class='ocrx_word' id='word_1_621' title='bbox 661 3243 695 3274; x_wconf 89' lang='lat'>1,</span> <span class='ocrx_word' id='word_1_622' title='bbox 713 3234 911 3272; x_wconf 83' lang='lat' dir='ltr'>scribendum</span> 
     </span>
    </p>

    <p class='ocr_par' dir='ltr' id='par_1_6' title="bbox 88 3280 240 3304">
     <span class='ocr_line' id='line_1_76' title="bbox 88 3280 240 3304; baseline 0.026 -4"><span class='ocrx_word' id='word_1_623' title='bbox 88 3280 162 3302; x_wconf 66' lang='lat' dir='ltr'>som.</span> <span class='ocrx_word' id='word_1_624' title='bbox 233 3295 240 3304; x_wconf 92' lang='lat'>.</span> 
     </span>
    </p>
   </div>
   <div class='ocr_carea' id='block_1_5' title="bbox 1814 144 1859 178">
    <p class='ocr_par' dir='ltr' id='par_1_7' title="bbox 1814 144 1859 178">
     <span class='ocr_line' id='line_1_77' title="bbox 1814 144 1859 178; baseline 0 -7"><span class='ocrx_word' id='word_1_625' title='bbox 1814 144 1859 178; x_wconf 64' lang='lat'>,51</span> 
     </span>
    </p>
   </div>
   <div class='ocr_carea' id='block_1_6' title="bbox 955 218 1860 3238">
    <p class='ocr_par' dir='ltr' id='par_1_8' title="bbox 976 218 1860 707">
     <span class='ocr_line' id='line_1_78' title="bbox 981 218 1860 263; baseline 0.002 -11"><span class='ocrx_word' id='word_1_626' title='bbox 981 231 1021 252; x_wconf 89' lang='lat' dir='ltr'>eo</span> <span class='ocrx_word' id='word_1_627' title='bbox 1040 221 1070 252; x_wconf 92' lang='lat' dir='ltr'>in</span> <span class='ocrx_word' id='word_1_628' title='bbox 1096 220 1171 252; x_wconf 87' lang='lat' dir='ltr'>loco</span> <span class='ocrx_word' id='word_1_629' title='bbox 1195 219 1258 258; x_wconf 84' lang='lat' dir='ltr'>est,</span> <span class='ocrx_word' id='word_1_630' title='bbox 1285 220 1357 252; x_wconf 83' lang='lat' dir='ltr'>Cum</span> <span class='ocrx_word' id='word_1_631' title='bbox 1373 222 1405 252; x_wconf 79' lang='lat' dir='ltr'>in</span> <span class='ocrx_word' id='word_1_632' title='bbox 1421 229 1479 252; x_wconf 85' lang='lat' dir='ltr'>rem</span> <span class='ocrx_word' id='word_1_633' title='bbox 1501 218 1610 252; x_wconf 70' lang='lat' dir='ltr'>afflonz‘</span> <span class='ocrx_word' id='word_1_634' title='bbox 1621 220 1742 263; x_wconf 76' lang='lat' dir='ltr'>poffiffio</span> <span class='ocrx_word' id='word_1_635' title='bbox 1759 224 1860 262; x_wconf 69' lang='lat' dir='ltr'>pariat</span> 
     </span>
     <span class='ocr_line' id='line_1_79' title="bbox 980 260 1857 304; baseline 0.005 -12"><span class='ocrx_word' id='word_1_636' title='bbox 980 263 1190 302; x_wconf 69' lang='lat' dir='ltr'>adveisszrium.</span> <span class='ocrx_word' id='word_1_637' title='bbox 1237 261 1313 294; x_wconf 92' lang='lat' dir='ltr'>Hoc</span> <span class='ocrx_word' id='word_1_638' title='bbox 1331 263 1431 294; x_wconf 88' lang='lat' dir='ltr'>modo</span> <span class='ocrx_word' id='word_1_639' title='bbox 1449 262 1560 304; x_wconf 84' lang='lat' dir='ltr'>legunt</span> <span class='ocrx_word' id='word_1_640' title='bbox 1580 260 1687 294; x_wconf 85' lang='lat' dir='ltr'>Graeci</span> <span class='ocrx_word' id='word_1_641' title='bbox 1703 286 1712 302; x_wconf 97' lang='lat'>,</span> <span class='ocrx_word' id='word_1_642' title='bbox 1735 263 1857 296; x_wconf 80' lang='lat' dir='ltr'>Bafilic.</span> 
     </span>
     <span class='ocr_line' id='line_1_80' title="bbox 980 303 1856 346; baseline 0.005 -12"><span class='ocrx_word' id='word_1_643' title='bbox 980 304 1025 335; x_wconf 73' lang='lat' dir='ltr'>lib.</span> <span class='ocrx_word' id='word_1_644' title='bbox 1049 313 1092 335; x_wconf 85' lang='lat'>10.</span> <span class='ocrx_word' id='word_1_645' title='bbox 1110 304 1154 334; x_wconf 78' lang='lat' dir='ltr'>tii.</span> <span class='ocrx_word' id='word_1_646' title='bbox 1173 303 1225 334; x_wconf 76' lang='lat' dir='ltr'>ult.</span> <span class='ocrx_word' id='word_1_647' title='bbox 1246 310 1313 334; x_wconf 72' lang='lat' dir='ltr'>tom.</span> <span class='ocrx_word' id='word_1_648' title='bbox 1337 313 1360 336; x_wconf 94' lang='lat'>1.</span> <span class='ocrx_word' id='word_1_649' title='bbox 1377 312 1446 346; x_wconf 79' lang='lat' dir='ltr'>pag.</span> <span class='ocrx_word' id='word_1_650' title='bbox 1465 308 1544 344; x_wconf 79' lang='lat'>718,</span> <span class='ocrx_word' id='word_1_651' title='bbox 1567 305 1597 335; x_wconf 74' lang='grc' dir='ltr'>δι</span> <span class='ocrx_word' id='word_1_652' title='bbox 1614 305 1646 336; x_wconf 92' lang='lat' dir='ltr'>in</span> <span class='ocrx_word' id='word_1_653' title='bbox 1665 306 1856 346; x_wconf 86' lang='lat' dir='ltr'>quibusdam</span> 
     </span>
     <span class='ocr_line' id='line_1_81' title="bbox 981 345 1856 379; baseline 0.002 -3"><span class='ocrx_word' id='word_1_654' title='bbox 981 345 1067 376; x_wconf 88' lang='lat' dir='ltr'>libris</span> <span class='ocrx_word' id='word_1_655' title='bbox 1086 352 1195 376; x_wconf 78' lang='lat' dir='ltr'>extare</span> <span class='ocrx_word' id='word_1_656' title='bbox 1212 345 1331 376; x_wconf 89' lang='lat' dir='ltr'>dudum</span> <span class='ocrx_word' id='word_1_657' title='bbox 1348 346 1475 377; x_wconf 89' lang='lat' dir='ltr'>monuit</span> <span class='ocrx_word' id='word_1_658' title='bbox 1492 345 1668 378; x_wconf 82' lang='lat' dir='ltr'>Accuifius.</span> <span class='ocrx_word' id='word_1_659' title='bbox 1693 355 1742 379; x_wconf 85' lang='lat' dir='ltr'>res</span> <span class='ocrx_word' id='word_1_660' title='bbox 1759 348 1856 379; x_wconf 82' lang='lat' dir='ltr'>etiarn</span> 
     </span>
     <span class='ocr_line' id='line_1_82' title="bbox 980 386 1856 426; baseline 0.003 -9"><span class='ocrx_word' id='word_1_661' title='bbox 980 386 1141 426; x_wconf 81' lang='lat' dir='ltr'>loquitur3</span> <span class='ocrx_word' id='word_1_662' title='bbox 1157 387 1246 425; x_wconf 90' lang='lat' dir='ltr'>quod</span> <span class='ocrx_word' id='word_1_663' title='bbox 1264 396 1323 417; x_wconf 90' lang='lat' dir='ltr'>una</span> <span class='ocrx_word' id='word_1_664' title='bbox 1340 388 1383 418; x_wconf 89' lang='lat' dir='ltr'>rei</span> <span class='ocrx_word' id='word_1_665' title='bbox 1395 387 1622 418; x_wconf 82' lang='lat' dir='ltr'>vindicationis</span> <span class='ocrx_word' id='word_1_666' title='bbox 1634 387 1723 419; x_wconf 84' lang='lat' dir='ltr'>causa</span> <span class='ocrx_word' id='word_1_667' title='bbox 1738 387 1783 420; x_wconf 92' lang='lat' dir='ltr'>est</span> <span class='ocrx_word' id='word_1_668' title='bbox 1799 389 1856 420; x_wconf 89' lang='lat' dir='ltr'>do-</span> 
     </span>
     <span class='ocr_line' id='line_1_83' title="bbox 979 428 1856 467; baseline 0.001 -7"><span class='ocrx_word' id='word_1_669' title='bbox 979 429 1122 460; x_wconf 88' lang='lat' dir='ltr'>minium.</span> <span class='ocrx_word' id='word_1_670' title='bbox 1148 436 1270 458; x_wconf 89' lang='lat' dir='ltr'>tantum</span> <span class='ocrx_word' id='word_1_671' title='bbox 1296 428 1462 467; x_wconf 77' lang='lat' dir='ltr'>possessio,</span> <span class='ocrx_word' id='word_1_672' title='bbox 1484 437 1557 459; x_wconf 89' lang='lat' dir='ltr'>curn</span> <span class='ocrx_word' id='word_1_673' title='bbox 1581 429 1618 460; x_wconf 87' lang='lat' dir='ltr'>ad</span> <span class='ocrx_word' id='word_1_674' title='bbox 1643 429 1738 462; x_wconf 87' lang='lat' dir='ltr'>alium</span> <span class='ocrx_word' id='word_1_675' title='bbox 1759 431 1856 461; x_wconf 89' lang='lat' dir='ltr'>deve·</span> 
     </span>
     <span class='ocr_line' id='line_1_84' title="bbox 979 468 1854 510; baseline 0.002 -10"><span class='ocrx_word' id='word_1_676' title='bbox 979 471 1043 507; x_wconf 89' lang='lat' dir='ltr'>nit,</span> <span class='ocrx_word' id='word_1_677' title='bbox 1060 468 1193 500; x_wconf 86' lang='lat' dir='ltr'>domino</span> <span class='ocrx_word' id='word_1_678' title='bbox 1211 469 1297 507; x_wconf 77' lang='lat' dir='ltr'>cujus</span> <span class='ocrx_word' id='word_1_679' title='bbox 1309 469 1353 500; x_wconf 86' lang='lat' dir='ltr'>est</span> <span class='ocrx_word' id='word_1_680' title='bbox 1371 471 1415 500; x_wconf 88' lang='lat' dir='ltr'>rei</span> <span class='ocrx_word' id='word_1_681' title='bbox 1433 469 1626 507; x_wconf 71' lang='lat' dir='ltr'>vindicatio,</span> <span class='ocrx_word' id='word_1_682' title='bbox 1642 472 1724 510; x_wconf 83' lang='lat' dir='ltr'>parit</span> <span class='ocrx_word' id='word_1_683' title='bbox 1740 473 1854 502; x_wconf 87' lang='lat' dir='ltr'>adver-</span> 
     </span>
     <span class='ocr_line' id='line_1_85' title="bbox 977 509 1856 553; baseline 0.005 -13"><span class='ocrx_word' id='word_1_684' title='bbox 977 509 1097 541; x_wconf 88' lang='lat' dir='ltr'>sarium.</span> <span class='ocrx_word' id='word_1_685' title='bbox 1121 511 1184 540; x_wconf 69' lang='lat' dir='ltr'>Sed</span> <span class='ocrx_word' id='word_1_686' title='bbox 1202 510 1371 550; x_wconf 66' lang='lat' dir='ltr'>profecto,</span> <span class='ocrx_word' id='word_1_687' title='bbox 1388 520 1460 542; x_wconf 91' lang='lat' dir='ltr'>cum</span> <span class='ocrx_word' id='word_1_688' title='bbox 1477 511 1562 541; x_wconf 88' lang='lat' dir='ltr'>idem</span> <span class='ocrx_word' id='word_1_689' title='bbox 1581 512 1706 543; x_wconf 87' lang='lat' dir='ltr'>Attalus</span> <span class='ocrx_word' id='word_1_690' title='bbox 1723 515 1777 553; x_wconf 86' lang='lat' dir='ltr'>qui</span> <span class='ocrx_word' id='word_1_691' title='bbox 1796 511 1856 544; x_wconf 88' lang='lat' dir='ltr'>Im-</span> 
     </span>
     <span class='ocr_line' id='line_1_86' title="bbox 977 551 1853 592; baseline 0.005 -10"><span class='ocrx_word' id='word_1_692' title='bbox 977 560 1141 592; x_wconf 87' lang='lat' dir='ltr'>peratores</span> <span class='ocrx_word' id='word_1_693' title='bbox 1164 551 1216 582; x_wconf 88' lang='lat' dir='ltr'>hic</span> <span class='ocrx_word' id='word_1_694' title='bbox 1241 551 1398 583; x_wconf 87' lang='lat' dir='ltr'>consuluit</span> <span class='ocrx_word' id='word_1_695' title='bbox 1415 575 1424 589; x_wconf 92' lang='lat'>,</span> <span class='ocrx_word' id='word_1_696' title='bbox 1447 551 1483 583; x_wconf 89' lang='lat' dir='ltr'>sit</span> <span class='ocrx_word' id='word_1_697' title='bbox 1504 551 1613 591; x_wconf 69' lang='lat' dir='ltr'>aetor,</span> <span class='ocrx_word' id='word_1_698' title='bbox 1638 552 1853 592; x_wconf 66' lang='lat' dir='ltr'>spectantibus</span> 
     </span>
     <span class='ocr_line' id='line_1_87' title="bbox 977 593 1854 633; baseline 0.002 -9"><span class='ocrx_word' id='word_1_699' title='bbox 977 602 1122 624; x_wconf 87' lang='lat' dir='ltr'>tenorem</span> <span class='ocrx_word' id='word_1_700' title='bbox 1138 593 1234 632; x_wconf 85' lang='lat' dir='ltr'>legis,</span> <span class='ocrx_word' id='word_1_701' title='bbox 1254 602 1319 624; x_wconf 89' lang='lat' dir='ltr'>non</span> <span class='ocrx_word' id='word_1_702' title='bbox 1338 593 1443 633; x_wconf 89' lang='lat' dir='ltr'>potest</span> <span class='ocrx_word' id='word_1_703' title='bbox 1466 593 1601 633; x_wconf 80' lang='lat' dir='ltr'>vulgaris</span> <span class='ocrx_word' id='word_1_704' title='bbox 1623 593 1739 632; x_wconf 70' lang='lat' dir='ltr'>lectio,</span> <span class='ocrx_word' id='word_1_705' title='bbox 1763 594 1854 626; x_wconf 71' lang='lat' dir='ltr'>afflo-</span> 
     </span>
     <span class='ocr_line' id='line_1_88' title="bbox 976 634 1853 675; baseline 0.007 -11"><span class='ocrx_word' id='word_1_706' title='bbox 976 644 1039 665; x_wconf 79' lang='lat' dir='ltr'>nem</span> <span class='ocrx_word' id='word_1_707' title='bbox 1066 635 1094 665; x_wconf 71' lang='grc' dir='ltr'>ὅ(</span> <span class='ocrx_word' id='word_1_708' title='bbox 1116 634 1302 673; x_wconf 65' lang='lat' dir='ltr'>adversario,</span> <span class='ocrx_word' id='word_1_709' title='bbox 1326 635 1457 667; x_wconf 86' lang='lat' dir='ltr'>tolerari</span> <span class='ocrx_word' id='word_1_710' title='bbox 1481 634 1546 665; x_wconf 90' lang='lat' dir='ltr'>ullo</span> <span class='ocrx_word' id='word_1_711' title='bbox 1563 634 1668 675; x_wconf 66' lang='lat' dir='ltr'>pasto.</span> <span class='ocrx_word' id='word_1_712' title='bbox 1713 635 1793 668; x_wconf 86' lang='lat' dir='ltr'>Dixi</span> <span class='ocrx_word' id='word_1_713' title='bbox 1811 637 1853 670; x_wconf 83' lang='lat' dir='ltr'>de</span> 
     </span>
     <span class='ocr_line' id='line_1_89' title="bbox 977 676 1204 707; baseline 0 -1"><span class='ocrx_word' id='word_1_714' title='bbox 977 677 1103 707; x_wconf 72' lang='lat' dir='ltr'>actione</span> <span class='ocrx_word' id='word_1_715' title='bbox 1120 676 1204 706; x_wconf 88' lang='lat' dir='ltr'>reali.</span> 
     </span>
    </p>

    <p class='ocr_par' dir='ltr' id='par_1_9' title="bbox 955 714 1854 3238">
     <span class='ocr_line' id='line_1_90' title="bbox 1016 714 1854 757; baseline 0.006 -10"><span class='ocrx_word' id='word_1_716' title='bbox 1016 717 1050 748; x_wconf 93' lang='lat' dir='ltr'>ln</span> <span class='ocrx_word' id='word_1_717' title='bbox 1066 717 1191 747; x_wconf 64' lang='lat' dir='ltr'>actione</span> <span class='ocrx_word' id='word_1_718' title='bbox 1202 716 1355 757; x_wconf 88' lang='lat' dir='ltr'>personali</span> <span class='ocrx_word' id='word_1_719' title='bbox 1372 718 1500 750; x_wconf 83' lang='lat' dir='ltr'>videtur</span> <span class='ocrx_word' id='word_1_720' title='bbox 1510 716 1580 748; x_wconf 91' lang='lat' dir='ltr'>talis</span> <span class='ocrx_word' id='word_1_721' title='bbox 1593 714 1684 749; x_wconf 76' lang='lat' dir='ltr'>fuiss&#39;e</span> <span class='ocrx_word' id='word_1_722' title='bbox 1700 717 1854 753; x_wconf 87' lang='lat' dir='ltr'>formula.</span> 
     </span>
     <span class='ocr_line' id='line_1_91' title="bbox 975 757 1853 800; baseline 0.006 -12"><span class='ocrx_word' id='word_1_723' title='bbox 975 757 1054 797; x_wconf 73' lang='lat' dir='ltr'>Ajo,</span> <span class='ocrx_word' id='word_1_724' title='bbox 1080 767 1111 789; x_wconf 87' lang='lat' dir='ltr'>te</span> <span class='ocrx_word' id='word_1_725' title='bbox 1131 760 1204 789; x_wconf 90' lang='lat' dir='ltr'>milii</span> <span class='ocrx_word' id='word_1_726' title='bbox 1223 760 1336 790; x_wconf 86' lang='lat' dir='ltr'>decern</span> <span class='ocrx_word' id='word_1_727' title='bbox 1363 760 1437 791; x_wconf 86' lang='lat' dir='ltr'>dare</span> <span class='ocrx_word' id='word_1_728' title='bbox 1462 767 1615 799; x_wconf 88' lang='lat' dir='ltr'>oportere</span> <span class='ocrx_word' id='word_1_729' title='bbox 1634 768 1674 790; x_wconf 85' lang='lat' dir='ltr'>ex</span> <span class='ocrx_word' id='word_1_730' title='bbox 1691 759 1853 800; x_wconf 81' lang='lat' dir='ltr'>stipulatu.</span> 
     </span>
     <span class='ocr_line' id='line_1_92' title="bbox 975 798 1850 841; baseline 0.006 -12"><span class='ocrx_word' id='word_1_731' title='bbox 975 798 1073 830; x_wconf 78' lang='lat' dir='ltr'>Erant</span> <span class='ocrx_word' id='word_1_732' title='bbox 1089 800 1170 831; x_wconf 86' lang='lat' dir='ltr'>adeo</span> <span class='ocrx_word' id='word_1_733' title='bbox 1189 801 1253 830; x_wconf 87' lang='lat' dir='ltr'>duo</span> <span class='ocrx_word' id='word_1_734' title='bbox 1272 800 1414 832; x_wconf 78' lang='lat' dir='ltr'>similiter</span> <span class='ocrx_word' id='word_1_735' title='bbox 1431 802 1461 832; x_wconf 93' lang='lat' dir='ltr'>iii</span> <span class='ocrx_word' id='word_1_736' title='bbox 1481 799 1634 841; x_wconf 83' lang='lat' dir='ltr'>personali</span> <span class='ocrx_word' id='word_1_737' title='bbox 1651 801 1777 833; x_wconf 72' lang='lat' dir='ltr'>afflone</span> <span class='ocrx_word' id='word_1_738' title='bbox 1794 811 1850 834; x_wconf 83' lang='lat' dir='ltr'>ex-</span> 
     </span>
     <span class='ocr_line' id='line_1_93' title="bbox 974 841 1852 882; baseline 0.005 -11"><span class='ocrx_word' id='word_1_739' title='bbox 974 842 1150 880; x_wconf 85' lang='lat' dir='ltr'>primenda.</span> <span class='ocrx_word' id='word_1_740' title='bbox 1185 841 1321 880; x_wconf 87' lang='lat' dir='ltr'>primum</span> <span class='ocrx_word' id='word_1_741' title='bbox 1346 852 1394 872; x_wconf 90' lang='lat' dir='ltr'>res</span> <span class='ocrx_word' id='word_1_742' title='bbox 1419 851 1489 882; x_wconf 67' lang='lat' dir='ltr'>quse</span> <span class='ocrx_word' id='word_1_743' title='bbox 1514 850 1678 882; x_wconf 89' lang='lat' dir='ltr'>peteretur</span> <span class='ocrx_word' id='word_1_744' title='bbox 1702 843 1722 874; x_wconf 89' lang='lat' dir='ltr'>l.</span> <span class='ocrx_word' id='word_1_745' title='bbox 1745 852 1790 880; x_wconf 85' lang='lat'>19.</span> <span class='ocrx_word' id='word_1_746' title='bbox 1809 843 1852 876; x_wconf 82' lang='lat' dir='ltr'>D.</span> 
     </span>
     <span class='ocr_line' id='line_1_94' title="bbox 973 882 1850 927; baseline 0.006 -16"><span class='ocrx_word' id='word_1_747' title='bbox 973 882 1120 921; x_wconf 70' lang='lat' dir='ltr'>defzzriis.</span> <span class='ocrx_word' id='word_1_748' title='bbox 1137 883 1254 912; x_wconf 89' lang='lat' dir='ltr'>deinde</span> <span class='ocrx_word' id='word_1_749' title='bbox 1271 883 1428 922; x_wconf 85' lang='lat' dir='ltr'>obligatio</span> <span class='ocrx_word' id='word_1_750' title='bbox 1445 893 1485 914; x_wconf 90' lang='lat' dir='ltr'>ex</span> <span class='ocrx_word' id='word_1_751' title='bbox 1502 892 1563 923; x_wconf 84' lang='lat' dir='ltr'>qua</span> <span class='ocrx_word' id='word_1_752' title='bbox 1572 884 1689 924; x_wconf 90' lang='lat' dir='ltr'>petitio</span> <span class='ocrx_word' id='word_1_753' title='bbox 1707 883 1801 916; x_wconf 88' lang='lat' dir='ltr'>fieret</span> <span class='ocrx_word' id='word_1_754' title='bbox 1818 884 1850 927; x_wconf 88' lang='lat'>§.</span> 
     </span>
     <span class='ocr_line' id='line_1_95' title="bbox 977 920 1854 966; baseline 0.005 -12"><span class='ocrx_word' id='word_1_755' title='bbox 977 931 1002 954; x_wconf 90' lang='lat'>1.</span> <span class='ocrx_word' id='word_1_756' title='bbox 1022 920 1092 962; x_wconf 78' lang='lat' dir='ltr'>lust.</span> <span class='ocrx_word' id='word_1_757' title='bbox 1110 923 1143 952; x_wconf 83' lang='lat' dir='ltr'>de</span> <span class='ocrx_word' id='word_1_758' title='bbox 1160 922 1293 954; x_wconf 63' lang='lat' dir='ltr'>atiiunib.</span> <span class='ocrx_word' id='word_1_759' title='bbox 1331 924 1379 954; x_wconf 85' lang='lat' dir='ltr'>An</span> <span class='ocrx_word' id='word_1_760' title='bbox 1399 926 1428 955; x_wconf 69' lang='grc' dir='ltr'>ὅ(</span> <span class='ocrx_word' id='word_1_761' title='bbox 1445 934 1582 962; x_wconf 87' lang='lat' dir='ltr'>nomen,</span> <span class='ocrx_word' id='word_1_762' title='bbox 1608 924 1659 956; x_wconf 88' lang='lat' dir='ltr'>seu</span> <span class='ocrx_word' id='word_1_763' title='bbox 1674 935 1792 966; x_wconf 80' lang='lat' dir='ltr'>genus,</span> <span class='ocrx_word' id='word_1_764' title='bbox 1817 928 1854 958; x_wconf 85' lang='lat' dir='ltr'>ii·</span> 
     </span>
     <span class='ocr_line' id='line_1_96' title="bbox 977 964 1852 1004; baseline 0.007 -11"><span class='ocrx_word' id='word_1_765' title='bbox 977 974 1015 994; x_wconf 90' lang='lat' dir='ltr'>ve</span> <span class='ocrx_word' id='word_1_766' title='bbox 1031 965 1086 1003; x_wconf 88' lang='lat' dir='ltr'>(ut</span> <span class='ocrx_word' id='word_1_767' title='bbox 1101 965 1219 994; x_wconf 89' lang='lat' dir='ltr'>dicitur</span> <span class='ocrx_word' id='word_1_768' title='bbox 1236 965 1266 994; x_wconf 92' lang='lat' dir='ltr'>in</span> <span class='ocrx_word' id='word_1_769' title='bbox 1283 964 1302 994; x_wconf 84' lang='lat' dir='ltr'>l.</span> <span class='ocrx_word' id='word_1_770' title='bbox 1323 973 1352 1004; x_wconf 80' lang='lat'>3.</span> <span class='ocrx_word' id='word_1_771' title='bbox 1374 964 1406 995; x_wconf 90' lang='lat' dir='ltr'>C.</span> <span class='ocrx_word' id='word_1_772' title='bbox 1424 967 1456 996; x_wconf 82' lang='lat' dir='ltr'>de</span> <span class='ocrx_word' id='word_1_773' title='bbox 1474 966 1727 1003; x_wconf 70' lang='lat' dir='ltr'>Senniusconsulto</span> <span class='ocrx_word' id='word_1_774' title='bbox 1746 969 1852 999; x_wconf 84' lang='lat' dir='ltr'>Mace-</span> 
     </span>
     <span class='ocr_line' id='line_1_97' title="bbox 975 1005 1850 1049; baseline 0.007 -14"><span class='ocrx_word' id='word_1_775' title='bbox 975 1006 1117 1045; x_wconf 69' lang='lat' dir='ltr'>damano)</span> <span class='ocrx_word' id='word_1_776' title='bbox 1142 1005 1252 1036; x_wconf 80' lang='lat' dir='ltr'>titulus</span> <span class='ocrx_word' id='word_1_777' title='bbox 1279 1005 1429 1037; x_wconf 71' lang='lat' dir='ltr'>aetionis:</span> <span class='ocrx_word' id='word_1_778' title='bbox 1453 1015 1487 1037; x_wconf 90' lang='lat' dir='ltr'>ut</span> <span class='ocrx_word' id='word_1_779' title='bbox 1505 1016 1600 1047; x_wconf 81' lang='lat' dir='ltr'>puta,</span> <span class='ocrx_word' id='word_1_780' title='bbox 1624 1019 1665 1040; x_wconf 88' lang='lat' dir='ltr'>ex</span> <span class='ocrx_word' id='word_1_781' title='bbox 1684 1009 1850 1049; x_wconf 85' lang='lat' dir='ltr'>stipulatu,</span> 
     </span>
     <span class='ocr_line' id='line_1_98' title="bbox 976 1047 1853 1088; baseline 0.007 -12"><span class='ocrx_word' id='word_1_782' title='bbox 976 1056 1015 1077; x_wconf 86' lang='lat' dir='ltr'>ex</span> <span class='ocrx_word' id='word_1_783' title='bbox 1037 1055 1168 1084; x_wconf 80' lang='lat' dir='ltr'>mutue,</span> <span class='ocrx_word' id='word_1_784' title='bbox 1194 1056 1234 1077; x_wconf 86' lang='lat' dir='ltr'>ex</span> <span class='ocrx_word' id='word_1_785' title='bbox 1253 1047 1389 1085; x_wconf 77' lang='lat' dir='ltr'>empto?</span> <span class='ocrx_word' id='word_1_786' title='bbox 1413 1048 1498 1079; x_wconf 86' lang='lat' dir='ltr'>Mihi</span> <span class='ocrx_word' id='word_1_787' title='bbox 1520 1050 1635 1088; x_wconf 89' lang='lat' dir='ltr'>placet.</span> <span class='ocrx_word' id='word_1_788' title='bbox 1662 1051 1690 1080; x_wconf 69' lang='grc' dir='ltr'>ἃ</span> <span class='ocrx_word' id='word_1_789' title='bbox 1708 1060 1853 1082; x_wconf 89' lang='lat' dir='ltr'>commo-</span> 
     </span>
     <span class='ocr_line' id='line_1_99' title="bbox 977 1088 1852 1130; baseline 0.007 -12"><span class='ocrx_word' id='word_1_790' title='bbox 977 1089 1016 1118; x_wconf 90' lang='lat' dir='ltr'>de</span> <span class='ocrx_word' id='word_1_791' title='bbox 1033 1088 1118 1127; x_wconf 89' lang='lat' dir='ltr'>ajunt</span> <span class='ocrx_word' id='word_1_792' title='bbox 1135 1088 1271 1119; x_wconf 87' lang='lat' dir='ltr'>Severus</span> <span class='ocrx_word' id='word_1_793' title='bbox 1291 1088 1320 1118; x_wconf 68' lang='grc' dir='ltr'>ἅ</span> <span class='ocrx_word' id='word_1_794' title='bbox 1338 1089 1517 1120; x_wconf 84' lang='lat' dir='ltr'>Antoninus</span> <span class='ocrx_word' id='word_1_795' title='bbox 1534 1090 1552 1120; x_wconf 80' lang='lat' dir='ltr'>l.</span> <span class='ocrx_word' id='word_1_796' title='bbox 1571 1101 1597 1130; x_wconf 82' lang='lat'>3.</span> <span class='ocrx_word' id='word_1_797' title='bbox 1617 1091 1649 1121; x_wconf 89' lang='lat' dir='ltr'>C.</span> <span class='ocrx_word' id='word_1_798' title='bbox 1666 1092 1694 1122; x_wconf 80' lang='lat' dir='ltr'>l).</span> <span class='ocrx_word' id='word_1_799' title='bbox 1714 1098 1734 1122; x_wconf 73' lang='lat' dir='ltr'>t.</span> <span class='ocrx_word' id='word_1_800' title='bbox 1759 1092 1852 1125; x_wconf 73' lang='lat' dir='ltr'>Edita</span> 
     </span>
     <span class='ocr_line' id='line_1_100' title="bbox 975 1128 1854 1172; baseline 0.008 -13"><span class='ocrx_word' id='word_1_801' title='bbox 975 1128 1180 1170; x_wconf 64' lang='lat' dir='ltr'>a&amp;zospeciein</span> <span class='ocrx_word' id='word_1_802' title='bbox 1192 1130 1307 1167; x_wconf 66' lang='lat' dir='ltr'>furtim</span> <span class='ocrx_word' id='word_1_803' title='bbox 1324 1129 1384 1159; x_wconf 78' lang='lat' dir='ltr'>lz&#39;iz&#39;s</span> <span class='ocrx_word' id='word_1_804' title='bbox 1399 1128 1582 1171; x_wconf 75' lang='lat' dir='ltr'>‹leiiiovftrat.</span> <span class='ocrx_word' id='word_1_805' title='bbox 1610 1131 1716 1172; x_wconf 83' lang='lat' dir='ltr'>AEque</span> <span class='ocrx_word' id='word_1_806' title='bbox 1734 1133 1854 1166; x_wconf 87' lang='lat' dir='ltr'>Mode-</span> 
     </span>
     <span class='ocr_line' id='line_1_101' title="bbox 975 1170 1852 1216; baseline 0.007 -15"><span class='ocrx_word' id='word_1_807' title='bbox 975 1170 1069 1202; x_wconf 87' lang='lat' dir='ltr'>stinus</span> <span class='ocrx_word' id='word_1_808' title='bbox 1084 1171 1103 1201; x_wconf 74' lang='lat' dir='ltr'>i.</span> <span class='ocrx_word' id='word_1_809' title='bbox 1121 1180 1172 1211; x_wconf 68' lang='lat'>353.</span> <span class='ocrx_word' id='word_1_810' title='bbox 1197 1171 1235 1201; x_wconf 81' lang='lat' dir='ltr'>l).</span> <span class='ocrx_word' id='word_1_811' title='bbox 1254 1171 1287 1201; x_wconf 77' lang='lat' dir='ltr'>de</span> <span class='ocrx_word' id='word_1_812' title='bbox 1306 1170 1447 1216; x_wconf 76' lang='lat' dir='ltr'>judiciis.-</span> <span class='ocrx_word' id='word_1_813' title='bbox 1470 1172 1562 1210; x_wconf 87' lang='lat' dir='ltr'>Non,</span> <span class='ocrx_word' id='word_1_814' title='bbox 1587 1173 1710 1214; x_wconf 86' lang='lat' dir='ltr'>inquit,</span> <span class='ocrx_word' id='word_1_815' title='bbox 1733 1176 1852 1207; x_wconf 78' lang='lat' dir='ltr'>videtur</span> 
     </span>
     <span class='ocr_line' id='line_1_102' title="bbox 973 1210 1852 1255; baseline 0.007 -13"><span class='ocrx_word' id='word_1_816' title='bbox 973 1213 1004 1242; x_wconf 78' lang='lat' dir='ltr'>in</span> <span class='ocrx_word' id='word_1_817' title='bbox 1017 1213 1146 1254; x_wconf 75' lang='lat' dir='ltr'>judicem.</span> <span class='ocrx_word' id='word_1_818' title='bbox 1161 1210 1339 1252; x_wconf 68' lang='lat' dir='ltr'>confienstſje,</span> <span class='ocrx_word' id='word_1_819' title='bbox 1361 1214 1411 1252; x_wconf 76' lang='lat' dir='ltr'>qui</span> <span class='ocrx_word' id='word_1_820' title='bbox 1429 1214 1474 1243; x_wconf 79' lang='lat' dir='ltr'>edi</span> <span class='ocrx_word' id='word_1_821' title='bbox 1485 1213 1542 1251; x_wconf 80' lang='lat' dir='ltr'>sibi</span> <span class='ocrx_word' id='word_1_822' title='bbox 1553 1223 1650 1253; x_wconf 82' lang='lat' dir='ltr'>genus</span> <span class='ocrx_word' id='word_1_823' title='bbox 1671 1217 1749 1255; x_wconf 75' lang='lat' dir='ltr'>apud</span> <span class='ocrx_word' id='word_1_824' title='bbox 1774 1226 1852 1248; x_wconf 78' lang='lat' dir='ltr'>eum-</span> 
     </span>
     <span class='ocr_line' id='line_1_103' title="bbox 972 1252 1851 1297; baseline 0.007 -14"><span class='ocrx_word' id='word_1_825' title='bbox 972 1255 1034 1284; x_wconf 80' lang='lat' dir='ltr'>dem</span> <span class='ocrx_word' id='word_1_826' title='bbox 1044 1254 1170 1294; x_wconf 75' lang='lat' dir='ltr'>judicem</span> <span class='ocrx_word' id='word_1_827' title='bbox 1186 1252 1323 1291; x_wconf 65' lang='lat' dir='ltr'>definierat</span> <span class='ocrx_word' id='word_1_828' title='bbox 1341 1253 1470 1285; x_wconf 66' lang='lat' dir='ltr'>actionis.</span> <span class='ocrx_word' id='word_1_829' title='bbox 1511 1254 1640 1295; x_wconf 83' lang='lat' dir='ltr'>Insuper</span> <span class='ocrx_word' id='word_1_830' title='bbox 1660 1265 1726 1287; x_wconf 84' lang='lat' dir='ltr'>erat</span> <span class='ocrx_word' id='word_1_831' title='bbox 1743 1259 1851 1297; x_wconf 82' lang='lat' dir='ltr'>quoti-</span> 
     </span>
     <span class='ocr_line' id='line_1_104' title="bbox 973 1294 1851 1335; baseline 0.007 -10"><span class='ocrx_word' id='word_1_832' title='bbox 973 1295 1063 1326; x_wconf 87' lang='lat' dir='ltr'>diana</span> <span class='ocrx_word' id='word_1_833' title='bbox 1091 1294 1244 1326; x_wconf 86' lang='lat' dir='ltr'>Veterum</span> <span class='ocrx_word' id='word_1_834' title='bbox 1270 1294 1441 1335; x_wconf 84' lang='lat' dir='ltr'>disputatio</span> <span class='ocrx_word' id='word_1_835' title='bbox 1461 1319 1470 1332; x_wconf 90' lang='lat'>‚</span> <span class='ocrx_word' id='word_1_836' title='bbox 1494 1304 1600 1327; x_wconf 87' lang='lat' dir='ltr'>utrum</span> <span class='ocrx_word' id='word_1_837' title='bbox 1626 1297 1695 1328; x_wconf 81' lang='lat' dir='ltr'>liaec</span> <span class='ocrx_word' id='word_1_838' title='bbox 1719 1299 1771 1329; x_wconf 89' lang='lat' dir='ltr'>vel</span> <span class='ocrx_word' id='word_1_839' title='bbox 1797 1300 1851 1331; x_wconf 84' lang='lat' dir='ltr'>iiia</span> 
     </span>
     <span class='ocr_line' id='line_1_105' title="bbox 972 1336 1848 1378; baseline 0.007 -12"><span class='ocrx_word' id='word_1_840' title='bbox 972 1345 1175 1376; x_wconf 85' lang='lat' dir='ltr'>competeret</span> <span class='ocrx_word' id='word_1_841' title='bbox 1193 1336 1275 1367; x_wconf 66' lang='lat' dir='ltr'>aftio</span> <span class='ocrx_word' id='word_1_842' title='bbox 1295 1337 1312 1366; x_wconf 85' lang='lat' dir='ltr'>l.</span> <span class='ocrx_word' id='word_1_843' title='bbox 1331 1346 1356 1367; x_wconf 92' lang='lat'>1.</span> <span class='ocrx_word' id='word_1_844' title='bbox 1375 1336 1414 1367; x_wconf 92' lang='lat' dir='ltr'>D.</span> <span class='ocrx_word' id='word_1_845' title='bbox 1439 1337 1473 1368; x_wconf 74' lang='lat' dir='ltr'>Si·</span> <span class='ocrx_word' id='word_1_846' title='bbox 1487 1339 1595 1376; x_wconf 63' lang='lat' dir='ltr'>mensur</span> <span class='ocrx_word' id='word_1_847' title='bbox 1605 1338 1676 1378; x_wconf 68' lang='lat' dir='ltr'><em>fals}</em></span> <span class='ocrx_word' id='word_1_848' title='bbox 1695 1340 1769 1370; x_wconf 85' lang='lat' dir='ltr'>mod.</span> <span class='ocrx_word' id='word_1_849' title='bbox 1784 1341 1848 1372; x_wconf 78' lang='lat' dir='ltr'>dix.</span> 
     </span>
     <span class='ocr_line' id='line_1_106' title="bbox 970 1376 1849 1421; baseline 0.006 -14"><span class='ocrx_word' id='word_1_850' title='bbox 970 1377 988 1407; x_wconf 85' lang='lat' dir='ltr'>l.</span> <span class='ocrx_word' id='word_1_851' title='bbox 1010 1387 1032 1409; x_wconf 89' lang='lat'>1.</span> <span class='ocrx_word' id='word_1_852' title='bbox 1053 1376 1095 1408; x_wconf 89' lang='lat' dir='ltr'>D.</span> <span class='ocrx_word' id='word_1_853' title='bbox 1111 1379 1144 1408; x_wconf 74' lang='lat' dir='ltr'>de</span> <span class='ocrx_word' id='word_1_854' title='bbox 1161 1377 1256 1418; x_wconf 74' lang='lat' dir='ltr'>afiz&#39;m.</span> <span class='ocrx_word' id='word_1_855' title='bbox 1278 1377 1333 1408; x_wconf 76' lang='grc' dir='ltr'>αέἶ.</span> <span class='ocrx_word' id='word_1_856' title='bbox 1351 1384 1400 1409; x_wconf 76' lang='lat' dir='ltr'>tot.</span> <span class='ocrx_word' id='word_1_857' title='bbox 1419 1381 1464 1410; x_wconf 78' lang='lat' dir='ltr'>iz‘t.</span> <span class='ocrx_word' id='word_1_858' title='bbox 1484 1379 1525 1409; x_wconf 93' lang='lat' dir='ltr'>D.</span> <span class='ocrx_word' id='word_1_859' title='bbox 1548 1381 1581 1410; x_wconf 81' lang='lat' dir='ltr'>de</span> <span class='ocrx_word' id='word_1_860' title='bbox 1594 1381 1754 1421; x_wconf 58' lang='lat' dir='ltr'>praescript.</span> <span class='ocrx_word' id='word_1_861' title='bbox 1771 1384 1849 1413; x_wconf 81' lang='lat' dir='ltr'>verb.</span> 
     </span>
     <span class='ocr_line' id='line_1_107' title="bbox 970 1418 1849 1459; baseline 0.006 -10"><span class='ocrx_word' id='word_1_862' title='bbox 970 1418 1058 1450; x_wconf 88' lang='lat' dir='ltr'>foret</span> <span class='ocrx_word' id='word_1_863' title='bbox 1077 1429 1154 1450; x_wconf 89' lang='lat' dir='ltr'>vero</span> <span class='ocrx_word' id='word_1_864' title='bbox 1172 1421 1270 1450; x_wconf 82' lang='lat' dir='ltr'>inanis</span> <span class='ocrx_word' id='word_1_865' title='bbox 1289 1429 1325 1450; x_wconf 87' lang='lat' dir='ltr'>ea</span> <span class='ocrx_word' id='word_1_866' title='bbox 1341 1419 1606 1459; x_wconf 42' lang='lat' dir='ltr'>disputatiozfnifi</span> <span class='ocrx_word' id='word_1_867' title='bbox 1629 1422 1756 1453; x_wconf 79' lang='lat' dir='ltr'>necess&#39;e</span> <span class='ocrx_word' id='word_1_868' title='bbox 1771 1423 1849 1454; x_wconf 84' lang='lat' dir='ltr'>fuis-</span> 
     </span>
     <span class='ocr_line' id='line_1_108' title="bbox 971 1460 1849 1502; baseline 0.007 -12"><span class='ocrx_word' id='word_1_869' title='bbox 971 1460 1033 1498; x_wconf 82' lang='lat' dir='ltr'>set,</span> <span class='ocrx_word' id='word_1_870' title='bbox 1059 1460 1190 1492; x_wconf 66' lang='lat' dir='ltr'>aetionis</span> <span class='ocrx_word' id='word_1_871' title='bbox 1214 1460 1352 1502; x_wconf 86' lang='lat' dir='ltr'>speciem</span> <span class='ocrx_word' id='word_1_872' title='bbox 1372 1462 1480 1492; x_wconf 85' lang='lat' dir='ltr'>libello</span> <span class='ocrx_word' id='word_1_873' title='bbox 1499 1462 1644 1502; x_wconf 80' lang='lat' dir='ltr'>exprimi.</span> <span class='ocrx_word' id='word_1_874' title='bbox 1689 1464 1849 1496; x_wconf 78' lang='lat' dir='ltr'>Praeterea</span> 
     </span>
     <span class='ocr_line' id='line_1_109' title="bbox 970 1501 1850 1545; baseline 0.007 -13"><span class='ocrx_word' id='word_1_875' title='bbox 970 1502 1011 1532; x_wconf 85' lang='lat' dir='ltr'>ait</span> <span class='ocrx_word' id='word_1_876' title='bbox 1034 1501 1231 1541; x_wconf 87' lang='lat' dir='ltr'>Pomponius</span> <span class='ocrx_word' id='word_1_877' title='bbox 1255 1502 1274 1532; x_wconf 77' lang='lat' dir='ltr'>l.</span> <span class='ocrx_word' id='word_1_878' title='bbox 1295 1511 1321 1533; x_wconf 82' lang='lat'>2.</span> <span class='ocrx_word' id='word_1_879' title='bbox 1346 1502 1374 1543; x_wconf 81' lang='lat'>§.</span> <span class='ocrx_word' id='word_1_880' title='bbox 1394 1506 1424 1533; x_wconf 89' lang='lat'>6.</span> <span class='ocrx_word' id='word_1_881' title='bbox 1448 1502 1485 1534; x_wconf 91' lang='lat' dir='ltr'>D.</span> <span class='ocrx_word' id='word_1_882' title='bbox 1509 1505 1542 1534; x_wconf 83' lang='lat' dir='ltr'>de</span> <span class='ocrx_word' id='word_1_883' title='bbox 1565 1505 1674 1545; x_wconf 78' lang='lat' dir='ltr'>origine</span> <span class='ocrx_word' id='word_1_884' title='bbox 1687 1506 1786 1545; x_wconf 75' lang='lat' dir='ltr'>juris,</span> <span class='ocrx_word' id='word_1_885' title='bbox 1808 1515 1850 1538; x_wconf 79' lang='lat' dir='ltr'>ex</span> 
     </span>
     <span class='ocr_line' id='line_1_110' title="bbox 974 1542 1851 1586; baseline 0.006 -13"><span class='ocrx_word' id='word_1_886' title='bbox 974 1542 1159 1574; x_wconf 84' lang='lat' dir='ltr'>Duodecim</span> <span class='ocrx_word' id='word_1_887' title='bbox 1184 1542 1318 1575; x_wconf 74' lang='lat' dir='ltr'>Tabulis</span> <span class='ocrx_word' id='word_1_888' title='bbox 1333 1543 1526 1584; x_wconf 78' lang='lat' dir='ltr'>compositas</span> <span class='ocrx_word' id='word_1_889' title='bbox 1543 1544 1606 1575; x_wconf 88' lang='lat' dir='ltr'>esse</span> <span class='ocrx_word' id='word_1_890' title='bbox 1624 1546 1766 1578; x_wconf 69' lang='lat' dir='ltr'>ac‘iiones</span> <span class='ocrx_word' id='word_1_891' title='bbox 1783 1549 1851 1586; x_wconf 82' lang='lat' dir='ltr'>qui-</span> 
     </span>
     <span class='ocr_line' id='line_1_111' title="bbox 971 1584 1853 1627; baseline 0.005 -11"><span class='ocrx_word' id='word_1_892' title='bbox 971 1585 1029 1616; x_wconf 87' lang='lat' dir='ltr'>bus</span> <span class='ocrx_word' id='word_1_893' title='bbox 1048 1585 1131 1615; x_wconf 88' lang='lat' dir='ltr'>inter</span> <span class='ocrx_word' id='word_1_894' title='bbox 1148 1584 1178 1615; x_wconf 79' lang='lat' dir='ltr'>sc</span> <span class='ocrx_word' id='word_1_895' title='bbox 1194 1584 1407 1625; x_wconf 81' lang='lat' dir='ltr'>disceptarent</span> <span class='ocrx_word' id='word_1_896' title='bbox 1426 1586 1592 1617; x_wconf 82' lang='lat' dir='ltr'>homines:</span> <span class='ocrx_word' id='word_1_897' title='bbox 1617 1595 1736 1627; x_wconf 84' lang='lat' dir='ltr'>easque</span> <span class='ocrx_word' id='word_1_898' title='bbox 1752 1588 1853 1620; x_wconf 67' lang='lat' dir='ltr'>aetio·</span> 
     </span>
     <span class='ocr_line' id='line_1_112' title="bbox 970 1627 1851 1667; baseline 0.003 -9"><span class='ocrx_word' id='word_1_899' title='bbox 970 1636 1044 1664; x_wconf 88' lang='lat' dir='ltr'>nes,</span> <span class='ocrx_word' id='word_1_900' title='bbox 1069 1636 1109 1657; x_wconf 85' lang='lat' dir='ltr'>ne</span> <span class='ocrx_word' id='word_1_901' title='bbox 1131 1627 1288 1666; x_wconf 84' lang='lat' dir='ltr'>populus,</span> <span class='ocrx_word' id='word_1_902' title='bbox 1311 1634 1407 1665; x_wconf 87' lang='lat' dir='ltr'>prout</span> <span class='ocrx_word' id='word_1_903' title='bbox 1422 1627 1538 1664; x_wconf 79' lang='lat' dir='ltr'>vellet,</span> <span class='ocrx_word' id='word_1_904' title='bbox 1561 1627 1758 1667; x_wconf 87' lang='lat' dir='ltr'>institueret,</span> <span class='ocrx_word' id='word_1_905' title='bbox 1782 1638 1851 1661; x_wconf 88' lang='lat' dir='ltr'>cer-</span> 
     </span>
     <span class='ocr_line' id='line_1_113' title="bbox 971 1666 1850 1712; baseline 0.006 -14"><span class='ocrx_word' id='word_1_906' title='bbox 971 1676 1016 1699; x_wconf 82' lang='lat' dir='ltr'>tas</span> <span class='ocrx_word' id='word_1_907' title='bbox 1035 1666 1256 1707; x_wconf 82' lang='lat' dir='ltr'>solemnesque</span> <span class='ocrx_word' id='word_1_908' title='bbox 1271 1667 1372 1698; x_wconf 77' lang='lat' dir='ltr'>fuiss&#39;e.</span> <span class='ocrx_word' id='word_1_909' title='bbox 1408 1667 1508 1699; x_wconf 87' lang='lat' dir='ltr'>Dices</span> <span class='ocrx_word' id='word_1_910' title='bbox 1526 1667 1735 1701; x_wconf 82' lang='lat' dir='ltr'>formularum</span> <span class='ocrx_word' id='word_1_911' title='bbox 1753 1675 1850 1712; x_wconf 86' lang='lat' dir='ltr'>angu-</span> 
     </span>
     <span class='ocr_line' id='line_1_114' title="bbox 970 1708 1845 1753; baseline 0.003 -12"><span class='ocrx_word' id='word_1_912' title='bbox 970 1709 1041 1741; x_wconf 81' lang='lat' dir='ltr'>stias</span> <span class='ocrx_word' id='word_1_913' title='bbox 1056 1709 1117 1748; x_wconf 81' lang='lat' dir='ltr'>jam</span> <span class='ocrx_word' id='word_1_914' title='bbox 1134 1709 1229 1740; x_wconf 84' lang='lat' dir='ltr'>laxari</span> <span class='ocrx_word' id='word_1_915' title='bbox 1246 1708 1377 1748; x_wconf 72' lang='lat' dir='ltr'>coepiss&#39;e</span> <span class='ocrx_word' id='word_1_916' title='bbox 1398 1718 1544 1748; x_wconf 82' lang='lat' dir='ltr'>ternpore</span> <span class='ocrx_word' id='word_1_917' title='bbox 1563 1711 1674 1742; x_wconf 81' lang='lat' dir='ltr'>mediae</span> <span class='ocrx_word' id='word_1_918' title='bbox 1690 1711 1845 1753; x_wconf 86' lang='lat' dir='ltr'>jurispru-</span> 
     </span>
     <span class='ocr_line' id='line_1_115' title="bbox 965 1750 1847 1794; baseline 0.005 -12"><span class='ocrx_word' id='word_1_919' title='bbox 965 1751 1099 1788; x_wconf 78' lang='lat' dir='ltr'>dentiae,</span> <span class='ocrx_word' id='word_1_920' title='bbox 1123 1751 1254 1781; x_wconf 87' lang='lat' dir='ltr'>inventa</span> <span class='ocrx_word' id='word_1_921' title='bbox 1277 1750 1404 1782; x_wconf 69' lang='lat' dir='ltr'>afflone</span> <span class='ocrx_word' id='word_1_922' title='bbox 1429 1751 1615 1791; x_wconf 79' lang='lat' dir='ltr'>praesciiptis</span> <span class='ocrx_word' id='word_1_923' title='bbox 1634 1754 1756 1785; x_wconf 89' lang='lat' dir='ltr'>verbis:</span> <span class='ocrx_word' id='word_1_924' title='bbox 1783 1763 1847 1794; x_wconf 78' lang='lat' dir='ltr'>qua</span> 
     </span>
     <span class='ocr_line' id='line_1_116' title="bbox 965 1792 1846 1834; baseline 0.006 -12"><span class='ocrx_word' id='word_1_925' title='bbox 965 1793 1102 1833; x_wconf 88' lang='lat' dir='ltr'>primum</span> <span class='ocrx_word' id='word_1_926' title='bbox 1115 1801 1179 1823; x_wconf 87' lang='lat' dir='ltr'>non</span> <span class='ocrx_word' id='word_1_927' title='bbox 1197 1792 1388 1824; x_wconf 84' lang='lat' dir='ltr'>habentibus</span> <span class='ocrx_word' id='word_1_928' title='bbox 1405 1794 1567 1833; x_wconf 83' lang='lat' dir='ltr'>propi-iam</span> <span class='ocrx_word' id='word_1_929' title='bbox 1585 1801 1682 1834; x_wconf 82' lang='lat' dir='ltr'>atque</span> <span class='ocrx_word' id='word_1_930' title='bbox 1701 1793 1846 1828; x_wconf 75' lang='lat' dir='ltr'>usitatam</span> 
     </span>
     <span class='ocr_line' id='line_1_117' title="bbox 966 1833 1848 1875; baseline 0.005 -11"><span class='ocrx_word' id='word_1_931' title='bbox 966 1833 1124 1864; x_wconf 65' lang='lat' dir='ltr'>astionem</span> <span class='ocrx_word' id='word_1_932' title='bbox 1136 1857 1145 1871; x_wconf 92' lang='lat'>,</span> <span class='ocrx_word' id='word_1_933' title='bbox 1162 1834 1275 1865; x_wconf 87' lang='lat' dir='ltr'>deinde</span> <span class='ocrx_word' id='word_1_934' title='bbox 1292 1835 1415 1865; x_wconf 78' lang='lat' dir='ltr'>caeten&#39;s</span> <span class='ocrx_word' id='word_1_935' title='bbox 1434 1844 1565 1875; x_wconf 86' lang='lat' dir='ltr'>quoque</span> <span class='ocrx_word' id='word_1_936' title='bbox 1583 1835 1623 1866; x_wconf 89' lang='lat' dir='ltr'>de</span> <span class='ocrx_word' id='word_1_937' title='bbox 1636 1835 1762 1867; x_wconf 60' lang='lat' dir='ltr'>actione</span> <span class='ocrx_word' id='word_1_938' title='bbox 1777 1846 1848 1868; x_wconf 82' lang='lat' dir='ltr'>cer-</span> 
     </span>
     <span class='ocr_line' id='line_1_118' title="bbox 969 1875 1846 1916; baseline 0.006 -12"><span class='ocrx_word' id='word_1_939' title='bbox 969 1884 999 1905; x_wconf 87' lang='lat' dir='ltr'>ta</span> <span class='ocrx_word' id='word_1_940' title='bbox 1017 1875 1233 1905; x_wconf 87' lang='lat' dir='ltr'>dubitantibus</span> <span class='ocrx_word' id='word_1_941' title='bbox 1245 1898 1253 1913; x_wconf 88' lang='lat'>,</span> <span class='ocrx_word' id='word_1_942' title='bbox 1274 1884 1339 1915; x_wconf 87' lang='lat' dir='ltr'>quo</span> <span class='ocrx_word' id='word_1_943' title='bbox 1359 1876 1454 1907; x_wconf 87' lang='lat' dir='ltr'>tutius</span> <span class='ocrx_word' id='word_1_944' title='bbox 1466 1883 1630 1916; x_wconf 85' lang='lat' dir='ltr'>ageretur,</span> <span class='ocrx_word' id='word_1_945' title='bbox 1647 1878 1693 1907; x_wconf 86' lang='lat' dir='ltr'>uti</span> <span class='ocrx_word' id='word_1_946' title='bbox 1710 1886 1846 1910; x_wconf 88' lang='lat' dir='ltr'>conces-</span> 
     </span>
     <span class='ocr_line' id='line_1_119' title="bbox 968 1916 1845 1958; baseline 0.006 -12"><span class='ocrx_word' id='word_1_947' title='bbox 968 1916 1032 1947; x_wconf 85' lang='lat' dir='ltr'>sum</span> <span class='ocrx_word' id='word_1_948' title='bbox 1050 1916 1094 1947; x_wconf 85' lang='lat' dir='ltr'>est</span> <span class='ocrx_word' id='word_1_949' title='bbox 1111 1917 1129 1946; x_wconf 90' lang='lat' dir='ltr'>l.</span> <span class='ocrx_word' id='word_1_950' title='bbox 1149 1925 1173 1946; x_wconf 88' lang='lat'>1.</span> <span class='ocrx_word' id='word_1_951' title='bbox 1193 1916 1317 1957; x_wconf 55' lang='lat' dir='ltr'>&amp;seqq</span> <span class='ocrx_word' id='word_1_952' title='bbox 1341 1917 1360 1947; x_wconf 86' lang='lat' dir='ltr'>l.</span> <span class='ocrx_word' id='word_1_953' title='bbox 1383 1926 1426 1957; x_wconf 83' lang='lat'>17.</span> <span class='ocrx_word' id='word_1_954' title='bbox 1445 1917 1485 1948; x_wconf 94' lang='lat' dir='ltr'>D.</span> <span class='ocrx_word' id='word_1_955' title='bbox 1509 1919 1543 1948; x_wconf 77' lang='lat' dir='ltr'>cle</span> <span class='ocrx_word' id='word_1_956' title='bbox 1553 1918 1723 1958; x_wconf 63' lang='lat' dir='ltr'>praescriptis</span> <span class='ocrx_word' id='word_1_957' title='bbox 1738 1921 1845 1951; x_wconf 73' lang='lat' dir='ltr'>verbis.</span> 
     </span>
     <span class='ocr_line' id='line_1_120' title="bbox 968 1957 1845 1999; baseline 0.005 -11"><span class='ocrx_word' id='word_1_958' title='bbox 968 1958 988 1988; x_wconf 75' lang='lat' dir='ltr'>l.</span> <span class='ocrx_word' id='word_1_959' title='bbox 1005 1967 1054 1997; x_wconf 84' lang='lat'>50.</span> <span class='ocrx_word' id='word_1_960' title='bbox 1073 1957 1114 1988; x_wconf 94' lang='lat' dir='ltr'>D.</span> <span class='ocrx_word' id='word_1_961' title='bbox 1132 1959 1165 1988; x_wconf 81' lang='lat' dir='ltr'>cie</span> <span class='ocrx_word' id='word_1_962' title='bbox 1181 1960 1311 1988; x_wconf 70' lang='lat' dir='ltr'>commi).</span> <span class='ocrx_word' id='word_1_963' title='bbox 1329 1964 1410 1998; x_wconf 66' lang='lat' dir='ltr'>ampl.</span> <span class='ocrx_word' id='word_1_964' title='bbox 1428 1958 1465 1992; x_wconf 59' lang='lat'>&amp;2⁹</span> <span class='ocrx_word' id='word_1_965' title='bbox 1481 1959 1560 1990; x_wconf 73' lang='lat' dir='ltr'>alibi.</span> <span class='ocrx_word' id='word_1_966' title='bbox 1578 1959 1653 1999; x_wconf 91' lang='lat' dir='ltr'>quin</span> <span class='ocrx_word' id='word_1_967' title='bbox 1670 1960 1845 1994; x_wconf 83' lang='lat' dir='ltr'>verborum</span> 
     </span>
     <span class='ocr_line' id='line_1_121' title="bbox 967 1998 1845 2039; baseline 0.005 -9"><span class='ocrx_word' id='word_1_968' title='bbox 967 1999 1118 2039; x_wconf 86' lang='lat' dir='ltr'>aucupia,</span> <span class='ocrx_word' id='word_1_969' title='bbox 1141 1998 1358 2038; x_wconf 78' lang='lat' dir='ltr'>foi-mulasque</span> <span class='ocrx_word' id='word_1_970' title='bbox 1376 2001 1505 2032; x_wconf 87' lang='lat' dir='ltr'>tandem</span> <span class='ocrx_word' id='word_1_971' title='bbox 1524 2000 1562 2032; x_wconf 79' lang='lat' dir='ltr'>ab</span> <span class='ocrx_word' id='word_1_972' title='bbox 1580 1999 1633 2031; x_wconf 86' lang='lat' dir='ltr'>usu</span> <span class='ocrx_word' id='word_1_973' title='bbox 1653 2001 1807 2033; x_wconf 82' lang='lat' dir='ltr'>receffiffe</span> <span class='ocrx_word' id='word_1_974' title='bbox 1823 2002 1845 2034; x_wconf 70' lang='grc' dir='ltr'>ἰ.</span> 
     </span>
     <span class='ocr_line' id='line_1_122' title="bbox 968 2040 1843 2083; baseline 0.005 -12"><span class='ocrx_word' id='word_1_975' title='bbox 968 2050 994 2072; x_wconf 87' lang='lat'>2.</span> <span class='ocrx_word' id='word_1_976' title='bbox 1014 2040 1046 2071; x_wconf 91' lang='lat' dir='ltr'>C.</span> <span class='ocrx_word' id='word_1_977' title='bbox 1066 2042 1098 2071; x_wconf 73' lang='lat' dir='ltr'>&lt;Ie</span> <span class='ocrx_word' id='word_1_978' title='bbox 1107 2040 1247 2080; x_wconf 76' lang='lat' dir='ltr'>formulis</span> <span class='ocrx_word' id='word_1_979' title='bbox 1262 2041 1391 2075; x_wconf 61' lang='lat' dir='ltr'>sublatis.</span> <span class='ocrx_word' id='word_1_980' title='bbox 1424 2040 1488 2073; x_wconf 87' lang='lat' dir='ltr'>Sed</span> <span class='ocrx_word' id='word_1_981' title='bbox 1505 2041 1536 2073; x_wconf 90' lang='lat' dir='ltr'>id</span> <span class='ocrx_word' id='word_1_982' title='bbox 1556 2051 1620 2073; x_wconf 86' lang='lat' dir='ltr'>non</span> <span class='ocrx_word' id='word_1_983' title='bbox 1637 2042 1761 2082; x_wconf 89' lang='lat' dir='ltr'>obstat,</span> <span class='ocrx_word' id='word_1_984' title='bbox 1778 2052 1843 2083; x_wconf 90' lang='lat' dir='ltr'>quo</span> 
     </span>
     <span class='ocr_line' id='line_1_123' title="bbox 966 2081 1844 2124; baseline 0.003 -11"><span class='ocrx_word' id='word_1_985' title='bbox 966 2083 1068 2113; x_wconf 84' lang='lat' dir='ltr'>minus</span> <span class='ocrx_word' id='word_1_986' title='bbox 1092 2081 1180 2113; x_wconf 67' lang='lat' dir='ltr'>actor</span> <span class='ocrx_word' id='word_1_987' title='bbox 1204 2083 1236 2112; x_wconf 90' lang='lat' dir='ltr'>in</span> <span class='ocrx_word' id='word_1_988' title='bbox 1259 2081 1385 2113; x_wconf 72' lang='lat' dir='ltr'>afflone</span> <span class='ocrx_word' id='word_1_989' title='bbox 1413 2082 1591 2123; x_wconf 85' lang='lat' dir='ltr'>personali,</span> <span class='ocrx_word' id='word_1_990' title='bbox 1615 2091 1731 2123; x_wconf 83' lang='lat' dir='ltr'>praeter</span> <span class='ocrx_word' id='word_1_991' title='bbox 1752 2094 1844 2124; x_wconf 90' lang='lat' dir='ltr'>rem,</span> 
     </span>
     <span class='ocr_line' id='line_1_124' title="bbox 965 2123 1845 2166; baseline 0.007 -14"><span class='ocrx_word' id='word_1_992' title='bbox 965 2132 1035 2163; x_wconf 78' lang='lat' dir='ltr'>qute</span> <span class='ocrx_word' id='word_1_993' title='bbox 1061 2124 1200 2164; x_wconf 87' lang='lat' dir='ltr'>petitur,</span> <span class='ocrx_word' id='word_1_994' title='bbox 1225 2123 1320 2154; x_wconf 84' lang='lat' dir='ltr'>etiam</span> <span class='ocrx_word' id='word_1_995' title='bbox 1343 2123 1550 2165; x_wconf 86' lang='lat' dir='ltr'>obligationis</span> <span class='ocrx_word' id='word_1_996' title='bbox 1573 2123 1714 2164; x_wconf 87' lang='lat' dir='ltr'>causam,</span> <span class='ocrx_word' id='word_1_997' title='bbox 1739 2127 1845 2166; x_wconf 82' lang='lat' dir='ltr'>expri-</span> 
     </span>
     <span class='ocr_line' id='line_1_125' title="bbox 965 2163 1843 2206; baseline 0.003 -10"><span class='ocrx_word' id='word_1_998' title='bbox 965 2174 1054 2196; x_wconf 87' lang='lat' dir='ltr'>mere</span> <span class='ocrx_word' id='word_1_999' title='bbox 1072 2164 1215 2195; x_wconf 84' lang='lat' dir='ltr'>deberet.</span> <span class='ocrx_word' id='word_1_1000' title='bbox 1239 2174 1312 2196; x_wconf 83' lang='lat' dir='ltr'>nam</span> <span class='ocrx_word' id='word_1_1001' title='bbox 1329 2163 1430 2206; x_wconf 82' lang='lat' dir='ltr'>Impp.</span> <span class='ocrx_word' id='word_1_1002' title='bbox 1452 2163 1657 2198; x_wconf 79' lang='lat' dir='ltr'>Theodosius</span> <span class='ocrx_word' id='word_1_1003' title='bbox 1675 2167 1705 2198; x_wconf 73' lang='lat' dir='ltr'>&lt;St</span> <span class='ocrx_word' id='word_1_1004' title='bbox 1724 2166 1843 2199; x_wconf 84' lang='lat' dir='ltr'>Valeti-</span> 
     </span>
     <span class='ocr_line' id='line_1_126' title="bbox 966 2205 1845 2246; baseline 0.003 -9"><span class='ocrx_word' id='word_1_1005' title='bbox 966 2208 1101 2237; x_wconf 85' lang='lat' dir='ltr'>tinianus</span> <span class='ocrx_word' id='word_1_1006' title='bbox 1120 2206 1151 2235; x_wconf 88' lang='lat' dir='ltr'>in</span> <span class='ocrx_word' id='word_1_1007' title='bbox 1168 2206 1194 2235; x_wconf 78' lang='lat' dir='ltr'>tl.</span> <span class='ocrx_word' id='word_1_1008' title='bbox 1211 2205 1230 2236; x_wconf 80' lang='lat' dir='ltr'>l.</span> <span class='ocrx_word' id='word_1_1009' title='bbox 1251 2215 1278 2237; x_wconf 84' lang='lat'>2.</span> <span class='ocrx_word' id='word_1_1010' title='bbox 1298 2206 1430 2246; x_wconf 86' lang='lat' dir='ltr'>volunt,</span> <span class='ocrx_word' id='word_1_1011' title='bbox 1455 2215 1532 2239; x_wconf 86' lang='lat' dir='ltr'>tunc</span> <span class='ocrx_word' id='word_1_1012' title='bbox 1549 2208 1677 2239; x_wconf 85' lang='lat' dir='ltr'>demum</span> <span class='ocrx_word' id='word_1_1013' title='bbox 1695 2209 1774 2240; x_wconf 89' lang='lat' dir='ltr'>nulli</span> <span class='ocrx_word' id='word_1_1014' title='bbox 1788 2209 1845 2240; x_wconf 92' lang='lat' dir='ltr'>ob·</span> 
     </span>
     <span class='ocr_line' id='line_1_127' title="bbox 963 2247 1847 2288; baseline 0.006 -11"><span class='ocrx_word' id='word_1_1015' title='bbox 963 2248 1016 2288; x_wconf 89' lang='lat' dir='ltr'>jici</span> <span class='ocrx_word' id='word_1_1016' title='bbox 1035 2247 1260 2286; x_wconf 82' lang='lat' dir='ltr'>exceptionem</span> <span class='ocrx_word' id='word_1_1017' title='bbox 1279 2257 1343 2279; x_wconf 91' lang='lat' dir='ltr'>non</span> <span class='ocrx_word' id='word_1_1018' title='bbox 1362 2249 1539 2288; x_wconf 76' lang='lat' dir='ltr'>impetratae</span> <span class='ocrx_word' id='word_1_1019' title='bbox 1558 2249 1711 2281; x_wconf 69' lang='lat' dir='ltr'>astionis:</span> <span class='ocrx_word' id='word_1_1020' title='bbox 1728 2248 1749 2281; x_wconf 87' lang='lat' dir='ltr'><strong>fi</strong></span> <span class='ocrx_word' id='word_1_1021' title='bbox 1769 2259 1847 2282; x_wconf 87' lang='lat' dir='ltr'>con-</span> 
     </span>
     <span class='ocr_line' id='line_1_128' title="bbox 965 2287 1844 2332; baseline 0.002 -12"><span class='ocrx_word' id='word_1_1022' title='bbox 965 2289 1108 2326; x_wconf 75' lang='lat' dir='ltr'>stiterit,</span> <span class='ocrx_word' id='word_1_1023' title='bbox 1120 2297 1189 2319; x_wconf 82' lang='lat' dir='ltr'>eam</span> <span class='ocrx_word' id='word_1_1024' title='bbox 1213 2287 1274 2319; x_wconf 74' lang='lat' dir='ltr'>ess&#39;e</span> <span class='ocrx_word' id='word_1_1025' title='bbox 1294 2290 1337 2320; x_wconf 85' lang='lat' dir='ltr'>rei</span> <span class='ocrx_word' id='word_1_1026' title='bbox 1353 2299 1459 2331; x_wconf 87' lang='lat' dir='ltr'>aptam</span> <span class='ocrx_word' id='word_1_1027' title='bbox 1477 2291 1506 2321; x_wconf 66' lang='grc' dir='ltr'>ἃ</span> <span class='ocrx_word' id='word_1_1028' title='bbox 1526 2290 1692 2331; x_wconf 81' lang='lat' dir='ltr'>propoiito</span> <span class='ocrx_word' id='word_1_1029' title='bbox 1709 2292 1844 2332; x_wconf 88' lang='lat' dir='ltr'>negotio</span> 
     </span>
     <span class='ocr_line' id='line_1_129' title="bbox 966 2331 1844 2372; baseline 0.003 -12"><span class='ocrx_word' id='word_1_1030' title='bbox 966 2331 1227 2361; x_wconf 87' lang='lat' dir='ltr'>convenientem.</span> <span class='ocrx_word' id='word_1_1031' title='bbox 1253 2331 1348 2362; x_wconf 83' lang='lat' dir='ltr'>talem</span> <span class='ocrx_word' id='word_1_1032' title='bbox 1367 2340 1474 2363; x_wconf 89' lang='lat' dir='ltr'>autem</span> <span class='ocrx_word' id='word_1_1033' title='bbox 1498 2333 1565 2372; x_wconf 86' lang='lat' dir='ltr'>quis</span> <span class='ocrx_word' id='word_1_1034' title='bbox 1583 2331 1645 2362; x_wconf 79' lang='lat' dir='ltr'>ess&#39;e</span> <span class='ocrx_word' id='word_1_1035' title='bbox 1661 2332 1764 2371; x_wconf 84' lang='lat' dir='ltr'>dicat3</span> <span class='ocrx_word' id='word_1_1036' title='bbox 1788 2331 1844 2370; x_wconf 73' lang='lat' dir='ltr'>nist</span> 
     </span>
     <span class='ocr_line' id='line_1_130' title="bbox 967 2371 1844 2413; baseline 0.003 -10"><span class='ocrx_word' id='word_1_1037' title='bbox 967 2371 1123 2412; x_wconf 86' lang='lat' dir='ltr'>intelligat</span> <span class='ocrx_word' id='word_1_1038' title='bbox 1148 2371 1270 2402; x_wconf 84' lang='lat' dir='ltr'>causam</span> <span class='ocrx_word' id='word_1_1039' title='bbox 1293 2372 1501 2413; x_wconf 81' lang='lat' dir='ltr'>obligationis</span> <span class='ocrx_word' id='word_1_1040' title='bbox 1524 2382 1565 2404; x_wconf 87' lang='lat' dir='ltr'>ex</span> <span class='ocrx_word' id='word_1_1041' title='bbox 1592 2382 1653 2413; x_wconf 87' lang='lat' dir='ltr'>qua</span> <span class='ocrx_word' id='word_1_1042' title='bbox 1672 2376 1844 2406; x_wconf 84' lang='lat' dir='ltr'>convenia-</span> 
     </span>
     <span class='ocr_line' id='line_1_131' title="bbox 968 2411 1844 2454; baseline 0.003 -10"><span class='ocrx_word' id='word_1_1043' title='bbox 968 2414 1044 2445; x_wconf 80' lang='lat' dir='ltr'>tur?</span> <span class='ocrx_word' id='word_1_1044' title='bbox 1061 2411 1165 2452; x_wconf 88' lang='lat' dir='ltr'>potest</span> <span class='ocrx_word' id='word_1_1045' title='bbox 1182 2415 1267 2444; x_wconf 89' lang='lat' dir='ltr'>enim</span> <span class='ocrx_word' id='word_1_1046' title='bbox 1285 2414 1396 2445; x_wconf 86' lang='lat' dir='ltr'>eadem</span> <span class='ocrx_word' id='word_1_1047' title='bbox 1412 2424 1461 2446; x_wconf 88' lang='lat' dir='ltr'>res</span> <span class='ocrx_word' id='word_1_1048' title='bbox 1479 2414 1588 2454; x_wconf 82' lang='lat' dir='ltr'>saepius</span> <span class='ocrx_word' id='word_1_1049' title='bbox 1606 2415 1712 2446; x_wconf 88' lang='lat' dir='ltr'>deberi</span> <span class='ocrx_word' id='word_1_1050' title='bbox 1731 2415 1771 2446; x_wconf 89' lang='lat' dir='ltr'>ab</span> <span class='ocrx_word' id='word_1_1051' title='bbox 1788 2425 1844 2447; x_wconf 89' lang='lat' dir='ltr'>eo-</span> 
     </span>
     <span class='ocr_line' id='line_1_132' title="bbox 969 2453 1840 2496; baseline 0.003 -10"><span class='ocrx_word' id='word_1_1052' title='bbox 969 2456 1041 2486; x_wconf 87' lang='lat' dir='ltr'>dem</span> <span class='ocrx_word' id='word_1_1053' title='bbox 1058 2455 1076 2485; x_wconf 85' lang='lat' dir='ltr'>l.</span> <span class='ocrx_word' id='word_1_1054' title='bbox 1098 2463 1142 2492; x_wconf 69' lang='lat'>14.</span> <span class='ocrx_word' id='word_1_1055' title='bbox 1159 2453 1186 2496; x_wconf 85' lang='lat'>§.</span> <span class='ocrx_word' id='word_1_1056' title='bbox 1201 2464 1232 2486; x_wconf 86' lang='lat'>2.</span> <span class='ocrx_word' id='word_1_1057' title='bbox 1250 2454 1290 2485; x_wconf 95' lang='lat' dir='ltr'>D.</span> <span class='ocrx_word' id='word_1_1058' title='bbox 1313 2456 1346 2485; x_wconf 82' lang='lat' dir='ltr'>de</span> <span class='ocrx_word' id='word_1_1059' title='bbox 1364 2462 1472 2495; x_wconf 74' lang='lat' dir='ltr'>except.</span> <span class='ocrx_word' id='word_1_1060' title='bbox 1497 2457 1538 2486; x_wconf 79' lang='lat' dir='ltr'>rei</span> <span class='ocrx_word' id='word_1_1061' title='bbox 1550 2457 1643 2496; x_wconf 80' lang='lat' dir='ltr'>judic.</span> <span class='ocrx_word' id='word_1_1062' title='bbox 1669 2465 1775 2496; x_wconf 87' lang='lat' dir='ltr'>neque</span> <span class='ocrx_word' id='word_1_1063' title='bbox 1795 2456 1840 2489; x_wconf 91' lang='lat' dir='ltr'>se-</span> 
     </span>
     <span class='ocr_line' id='line_1_133' title="bbox 968 2495 1840 2538; baseline 0.003 -11"><span class='ocrx_word' id='word_1_1064' title='bbox 968 2497 1093 2537; x_wconf 86' lang='lat' dir='ltr'>quitur,</span> <span class='ocrx_word' id='word_1_1065' title='bbox 1115 2495 1137 2527; x_wconf 85' lang='lat' dir='ltr'>fi</span> <span class='ocrx_word' id='word_1_1066' title='bbox 1161 2497 1230 2535; x_wconf 84' lang='lat' dir='ltr'>quis</span> <span class='ocrx_word' id='word_1_1067' title='bbox 1258 2496 1396 2535; x_wconf 88' lang='lat' dir='ltr'>debere,</span> <span class='ocrx_word' id='word_1_1068' title='bbox 1422 2505 1475 2527; x_wconf 89' lang='lat' dir='ltr'>aut</span> <span class='ocrx_word' id='word_1_1069' title='bbox 1497 2498 1653 2538; x_wconf 73' lang='lat' dir='ltr'>obligatus</span> <span class='ocrx_word' id='word_1_1070' title='bbox 1677 2497 1739 2529; x_wconf 81' lang='lat' dir='ltr'>ess&#39;e</span> <span class='ocrx_word' id='word_1_1071' title='bbox 1757 2499 1840 2530; x_wconf 90' lang='lat' dir='ltr'>dica-</span> 
     </span>
     <span class='ocr_line' id='line_1_134' title="bbox 966 2536 1839 2580; baseline 0.002 -11"><span class='ocrx_word' id='word_1_1072' title='bbox 966 2546 1034 2576; x_wconf 82' lang='lat' dir='ltr'>tur·,</span> <span class='ocrx_word' id='word_1_1073' title='bbox 1059 2546 1131 2568; x_wconf 89' lang='lat' dir='ltr'>eum</span> <span class='ocrx_word' id='word_1_1074' title='bbox 1158 2537 1280 2568; x_wconf 84' lang='lat' dir='ltr'>idcirco</span> <span class='ocrx_word' id='word_1_1075' title='bbox 1306 2536 1368 2568; x_wconf 81' lang='lat' dir='ltr'>effe</span> <span class='ocrx_word' id='word_1_1076' title='bbox 1395 2548 1436 2568; x_wconf 83' lang='lat' dir='ltr'>ex</span> <span class='ocrx_word' id='word_1_1077' title='bbox 1458 2546 1588 2579; x_wconf 87' lang='lat' dir='ltr'>empto,</span> <span class='ocrx_word' id='word_1_1078' title='bbox 1613 2539 1701 2570; x_wconf 78' lang='lat' dir='ltr'>verbi</span> <span class='ocrx_word' id='word_1_1079' title='bbox 1719 2541 1839 2580; x_wconf 86' lang='lat' dir='ltr'>gratia,</span> 
     </span>
     <span class='ocr_line' id='line_1_135' title="bbox 965 2579 1842 2619; baseline 0.003 -9"><span class='ocrx_word' id='word_1_1080' title='bbox 965 2579 1243 2610; x_wconf 87' lang='lat' dir='ltr'>conveniendum:</span> <span class='ocrx_word' id='word_1_1081' title='bbox 1267 2587 1339 2610; x_wconf 88' lang='lat' dir='ltr'>cum</span> <span class='ocrx_word' id='word_1_1082' title='bbox 1357 2579 1451 2618; x_wconf 83' lang='lat' dir='ltr'>poffit</span> <span class='ocrx_word' id='word_1_1083' title='bbox 1470 2590 1510 2611; x_wconf 87' lang='lat' dir='ltr'>ex</span> <span class='ocrx_word' id='word_1_1084' title='bbox 1528 2580 1700 2619; x_wconf 87' lang='lat' dir='ltr'>societate,</span> <span class='ocrx_word' id='word_1_1085' title='bbox 1716 2590 1769 2612; x_wconf 87' lang='lat' dir='ltr'>aut</span> <span class='ocrx_word' id='word_1_1086' title='bbox 1786 2583 1842 2614; x_wconf 88' lang='lat' dir='ltr'>ali-</span> 
     </span>
     <span class='ocr_line' id='line_1_136' title="bbox 967 2620 1842 2663; baseline 0.003 -12"><span class='ocrx_word' id='word_1_1087' title='bbox 967 2628 1015 2652; x_wconf 86' lang='lat' dir='ltr'>ter</span> <span class='ocrx_word' id='word_1_1088' title='bbox 1033 2621 1145 2652; x_wconf 88' lang='lat' dir='ltr'>teneri.</span> <span class='ocrx_word' id='word_1_1089' title='bbox 1190 2620 1322 2651; x_wconf 83' lang='lat' dir='ltr'>Edenda</span> <span class='ocrx_word' id='word_1_1090' title='bbox 1345 2620 1438 2660; x_wconf 86' lang='lat' dir='ltr'>igitur</span> <span class='ocrx_word' id='word_1_1091' title='bbox 1456 2621 1501 2653; x_wconf 92' lang='lat' dir='ltr'>est</span> <span class='ocrx_word' id='word_1_1092' title='bbox 1526 2621 1556 2653; x_wconf 83' lang='lat'>&amp;</span> <span class='ocrx_word' id='word_1_1093' title='bbox 1573 2631 1640 2660; x_wconf 88' lang='lat' dir='ltr'>res,</span> <span class='ocrx_word' id='word_1_1094' title='bbox 1666 2631 1735 2663; x_wconf 78' lang='lat' dir='ltr'>quae</span> <span class='ocrx_word' id='word_1_1095' title='bbox 1761 2624 1842 2663; x_wconf 87' lang='lat' dir='ltr'>peti-</span> 
     </span>
     <span class='ocr_line' id='line_1_137' title="bbox 966 2660 1840 2701; baseline 0.003 -8"><span class='ocrx_word' id='word_1_1096' title='bbox 966 2670 1035 2700; x_wconf 84' lang='lat' dir='ltr'>tur,</span> <span class='ocrx_word' id='word_1_1097' title='bbox 1052 2662 1082 2693; x_wconf 69' lang='grc' dir='ltr'>ὅ(</span> <span class='ocrx_word' id='word_1_1098' title='bbox 1099 2660 1187 2692; x_wconf 87' lang='lat' dir='ltr'>causa</span> <span class='ocrx_word' id='word_1_1099' title='bbox 1198 2670 1238 2692; x_wconf 81' lang='lat' dir='ltr'>cx</span> <span class='ocrx_word' id='word_1_1100' title='bbox 1255 2670 1315 2701; x_wconf 85' lang='lat' dir='ltr'>qua</span> <span class='ocrx_word' id='word_1_1101' title='bbox 1333 2663 1470 2701; x_wconf 85' lang='lat' dir='ltr'>petitur:</span> <span class='ocrx_word' id='word_1_1102' title='bbox 1487 2670 1521 2694; x_wconf 90' lang='lat' dir='ltr'>ut</span> <span class='ocrx_word' id='word_1_1103' title='bbox 1539 2663 1613 2695; x_wconf 89' lang='lat' dir='ltr'>sciat</span> <span class='ocrx_word' id='word_1_1104' title='bbox 1629 2673 1718 2700; x_wconf 85' lang='lat' dir='ltr'>reus,</span> <span class='ocrx_word' id='word_1_1105' title='bbox 1735 2673 1840 2696; x_wconf 87' lang='lat' dir='ltr'>utrum</span> 
     </span>
     <span class='ocr_line' id='line_1_138' title="bbox 965 2703 1838 2745; baseline 0.002 -11"><span class='ocrx_word' id='word_1_1106' title='bbox 965 2705 1100 2741; x_wconf 86' lang='lat' dir='ltr'>cedere,</span> <span class='ocrx_word' id='word_1_1107' title='bbox 1124 2712 1162 2733; x_wconf 92' lang='lat' dir='ltr'>an</span> <span class='ocrx_word' id='word_1_1108' title='bbox 1180 2703 1258 2733; x_wconf 86' lang='lat' dir='ltr'>ultra</span> <span class='ocrx_word' id='word_1_1109' title='bbox 1277 2704 1475 2736; x_wconf 88' lang='lat' dir='ltr'>contendere</span> <span class='ocrx_word' id='word_1_1110' title='bbox 1492 2704 1618 2736; x_wconf 86' lang='lat' dir='ltr'>debeat.</span> <span class='ocrx_word' id='word_1_1111' title='bbox 1666 2705 1784 2745; x_wconf 88' lang='lat' dir='ltr'>Neque</span> <span class='ocrx_word' id='word_1_1112' title='bbox 1805 2706 1838 2736; x_wconf 89' lang='lat' dir='ltr'>id</span> 
     </span>
     <span class='ocr_line' id='line_1_139' title="bbox 966 2743 1838 2786; baseline -0.001 -10"><span class='ocrx_word' id='word_1_1113' title='bbox 966 2745 1266 2776; x_wconf 84' lang='lat' dir='ltr'>niutatumomnino</span> <span class='ocrx_word' id='word_1_1114' title='bbox 1282 2743 1343 2782; x_wconf 84' lang='lat' dir='ltr'>est,</span> <span class='ocrx_word' id='word_1_1115' title='bbox 1361 2746 1490 2777; x_wconf 83' lang='lat' dir='ltr'>inventa</span> <span class='ocrx_word' id='word_1_1116' title='bbox 1507 2746 1632 2778; x_wconf 71' lang='lat' dir='ltr'>aCtione</span> <span class='ocrx_word' id='word_1_1117' title='bbox 1651 2746 1838 2786; x_wconf 71' lang='lat' dir='ltr'>praescriptis</span> 
     </span>
     <span class='ocr_line' id='line_1_140' title="bbox 965 2784 1837 2820; baseline 0 -4"><span class='ocrx_word' id='word_1_1118' title='bbox 965 2786 1084 2816; x_wconf 87' lang='lat' dir='ltr'>verbis.</span> <span class='ocrx_word' id='word_1_1119' title='bbox 1100 2794 1172 2816; x_wconf 85' lang='lat' dir='ltr'>naiii</span> <span class='ocrx_word' id='word_1_1120' title='bbox 1192 2794 1227 2815; x_wconf 89' lang='lat' dir='ltr'>ea</span> <span class='ocrx_word' id='word_1_1121' title='bbox 1244 2784 1288 2816; x_wconf 90' lang='lat' dir='ltr'>est</span> <span class='ocrx_word' id='word_1_1122' title='bbox 1305 2793 1426 2818; x_wconf 84' lang='lat' dir='ltr'>tantum</span> <span class='ocrx_word' id='word_1_1123' title='bbox 1445 2787 1611 2820; x_wconf 67' lang='lat' dir='ltr'>effectum:</span> <span class='ocrx_word' id='word_1_1124' title='bbox 1629 2797 1668 2819; x_wconf 87' lang='lat' dir='ltr'>ne</span> <span class='ocrx_word' id='word_1_1125' title='bbox 1685 2788 1772 2818; x_wconf 66' lang='lat' dir='ltr'>actor</span> <span class='ocrx_word' id='word_1_1126' title='bbox 1790 2794 1837 2816; x_wconf 84' lang='lat' dir='ltr'>te-</span> 
     </span>
     <span class='ocr_line' id='line_1_141' title="bbox 964 2825 1837 2863; baseline 0 -7"><span class='ocrx_word' id='word_1_1127' title='bbox 964 2835 1093 2857; x_wconf 84' lang='lat' dir='ltr'>neretur</span> <span class='ocrx_word' id='word_1_1128' title='bbox 1111 2826 1232 2857; x_wconf 81' lang='lat' dir='ltr'>servare</span> <span class='ocrx_word' id='word_1_1129' title='bbox 1251 2825 1400 2859; x_wconf 87' lang='lat' dir='ltr'>solemnia</span> <span class='ocrx_word' id='word_1_1130' title='bbox 1419 2828 1625 2861; x_wconf 87' lang='lat' dir='ltr'>formularum</span> <span class='ocrx_word' id='word_1_1131' title='bbox 1645 2828 1758 2863; x_wconf 89' lang='lat' dir='ltr'>verba,</span> <span class='ocrx_word' id='word_1_1132' title='bbox 1782 2834 1837 2857; x_wconf 79' lang='lat' dir='ltr'>aut</span> 
     </span>
     <span class='ocr_line' id='line_1_142' title="bbox 964 2867 1834 2907; baseline 0 -9"><span class='ocrx_word' id='word_1_1133' title='bbox 964 2869 1106 2907; x_wconf 83' lang='lat' dir='ltr'>alioquin</span> <span class='ocrx_word' id='word_1_1134' title='bbox 1126 2867 1291 2899; x_wconf 74' lang='lat' dir='ltr'>commiss&#39;o</span> <span class='ocrx_word' id='word_1_1135' title='bbox 1301 2868 1331 2900; x_wconf 86' lang='lat' dir='ltr'>in</span> <span class='ocrx_word' id='word_1_1136' title='bbox 1351 2869 1396 2902; x_wconf 87' lang='lat' dir='ltr'>his</span> <span class='ocrx_word' id='word_1_1137' title='bbox 1413 2880 1521 2902; x_wconf 84' lang='lat' dir='ltr'>errore</span> <span class='ocrx_word' id='word_1_1138' title='bbox 1539 2872 1588 2901; x_wconf 85' lang='lat' dir='ltr'>vei</span> <span class='ocrx_word' id='word_1_1139' title='bbox 1610 2869 1746 2900; x_wconf 87' lang='lat' dir='ltr'>leviculo</span> <span class='ocrx_word' id='word_1_1140' title='bbox 1762 2876 1834 2898; x_wconf 83' lang='lat' dir='ltr'>cau-</span> 
     </span>
     <span class='ocr_line' id='line_1_143' title="bbox 964 2907 1837 2953; baseline -0.002 -14"><span class='ocrx_word' id='word_1_1141' title='bbox 964 2908 992 2939; x_wconf 85' lang='lat' dir='ltr'>sa</span> <span class='ocrx_word' id='word_1_1142' title='bbox 1009 2910 1147 2941; x_wconf 88' lang='lat' dir='ltr'>caderet.</span> <span class='ocrx_word' id='word_1_1143' title='bbox 1170 2911 1256 2949; x_wconf 86' lang='lat' dir='ltr'>quod</span> <span class='ocrx_word' id='word_1_1144' title='bbox 1268 2909 1344 2942; x_wconf 88' lang='lat' dir='ltr'>olim</span> <span class='ocrx_word' id='word_1_1145' title='bbox 1356 2912 1522 2953; x_wconf 80' lang='lat' dir='ltr'>contigiffe</span> <span class='ocrx_word' id='word_1_1146' title='bbox 1533 2936 1542 2950; x_wconf 91' lang='lat'>,</span> <span class='ocrx_word' id='word_1_1147' title='bbox 1559 2912 1677 2942; x_wconf 86' lang='lat' dir='ltr'>Cicero</span> <span class='ocrx_word' id='word_1_1148' title='bbox 1694 2909 1751 2939; x_wconf 86' lang='lat' dir='ltr'>Pro</span> <span class='ocrx_word' id='word_1_1149' title='bbox 1762 2907 1837 2938; x_wconf 67' lang='grc' dir='ltr'>Μα-</span> 
     </span>
     <span class='ocr_line' id='line_1_144' title="bbox 963 2950 1834 2993; baseline 0.009 -13"><span class='ocrx_word' id='word_1_1150' title='bbox 963 2960 1034 2981; x_wconf 80' lang='lat' dir='ltr'>rena</span> <span class='ocrx_word' id='word_1_1151' title='bbox 1054 2950 1162 2981; x_wconf 84' lang='lat' dir='ltr'>refert.</span> <span class='ocrx_word' id='word_1_1152' title='bbox 1207 2950 1284 2982; x_wconf 81' lang='lat' dir='ltr'>Sunt</span> <span class='ocrx_word' id='word_1_1153' title='bbox 1310 2960 1416 2984; x_wconf 89' lang='lat' dir='ltr'>tamen</span> <span class='ocrx_word' id='word_1_1154' title='bbox 1440 2955 1493 2993; x_wconf 84' lang='lat' dir='ltr'>qui</span> <span class='ocrx_word' id='word_1_1155' title='bbox 1522 2959 1653 2991; x_wconf 63' lang='lat' dir='ltr'>putent,</span> <span class='ocrx_word' id='word_1_1156' title='bbox 1678 2958 1834 2988; x_wconf 67' lang='grc' dir='ltr'>ΟΡΟΠΕΥΕ</span> 
     </span>
     <span class='ocr_line' id='line_1_145' title="bbox 963 2990 1835 3035; baseline 0.001 -13"><span class='ocrx_word' id='word_1_1157' title='bbox 963 2992 1091 3030; x_wconf 83' lang='lat' dir='ltr'>quidem</span> <span class='ocrx_word' id='word_1_1158' title='bbox 1109 2991 1229 3024; x_wconf 85' lang='lat' dir='ltr'>causam</span> <span class='ocrx_word' id='word_1_1159' title='bbox 1247 2993 1453 3035; x_wconf 85' lang='lat' dir='ltr'>obligationis</span> <span class='ocrx_word' id='word_1_1160' title='bbox 1473 2995 1544 3031; x_wconf 83' lang='lat' dir='ltr'>edi3</span> <span class='ocrx_word' id='word_1_1161' title='bbox 1560 2993 1611 3022; x_wconf 86' lang='lat' dir='ltr'>sed</span> <span class='ocrx_word' id='word_1_1162' title='bbox 1629 2990 1761 3020; x_wconf 65' lang='lat' dir='ltr'>astionis</span> <span class='ocrx_word' id='word_1_1163' title='bbox 1776 2999 1835 3021; x_wconf 89' lang='lat' dir='ltr'>no-</span> 
     </span>
     <span class='ocr_line' id='line_1_146' title="bbox 963 3033 1833 3075; baseline 0 -12"><span class='ocrx_word' id='word_1_1164' title='bbox 963 3042 1034 3064; x_wconf 87' lang='lat' dir='ltr'>meti</span> <span class='ocrx_word' id='word_1_1165' title='bbox 1055 3034 1105 3064; x_wconf 92' lang='lat' dir='ltr'>edi</span> <span class='ocrx_word' id='word_1_1166' title='bbox 1122 3043 1186 3065; x_wconf 87' lang='lat' dir='ltr'>non</span> <span class='ocrx_word' id='word_1_1167' title='bbox 1205 3044 1368 3075; x_wconf 86' lang='lat' dir='ltr'>oportere.</span> <span class='ocrx_word' id='word_1_1168' title='bbox 1415 3038 1455 3067; x_wconf 83' lang='lat' dir='ltr'>At</span> <span class='ocrx_word' id='word_1_1169' title='bbox 1474 3035 1548 3066; x_wconf 87' lang='lat' dir='ltr'>inibi</span> <span class='ocrx_word' id='word_1_1170' title='bbox 1567 3033 1692 3062; x_wconf 80' lang='lat' dir='ltr'>videtur</span> <span class='ocrx_word' id='word_1_1171' title='bbox 1710 3040 1758 3063; x_wconf 88' lang='lat' dir='ltr'>res</span> <span class='ocrx_word' id='word_1_1172' title='bbox 1776 3040 1833 3062; x_wconf 85' lang='lat' dir='ltr'>eo·</span> 
     </span>
     <span class='ocr_line' id='line_1_147' title="bbox 961 3071 1831 3114; baseline 0 -9"><span class='ocrx_word' id='word_1_1173' title='bbox 961 3075 1032 3106; x_wconf 86' lang='lat' dir='ltr'>dem</span> <span class='ocrx_word' id='word_1_1174' title='bbox 1058 3077 1179 3114; x_wconf 89' lang='lat' dir='ltr'>redire,</span> <span class='ocrx_word' id='word_1_1175' title='bbox 1205 3076 1268 3107; x_wconf 88' lang='lat' dir='ltr'>sive</span> <span class='ocrx_word' id='word_1_1176' title='bbox 1292 3078 1426 3109; x_wconf 69' lang='lat' dir='ltr'>astionis</span> <span class='ocrx_word' id='word_1_1177' title='bbox 1450 3083 1567 3107; x_wconf 85' lang='lat' dir='ltr'>nomen</span> <span class='ocrx_word' id='word_1_1178' title='bbox 1594 3073 1704 3103; x_wconf 88' lang='lat' dir='ltr'>edatur</span> <span class='ocrx_word' id='word_1_1179' title='bbox 1723 3096 1732 3110; x_wconf 92' lang='lat'>,</span> <span class='ocrx_word' id='word_1_1180' title='bbox 1765 3071 1831 3105; x_wconf 83' lang='lat' dir='ltr'>five</span> 
     </span>
     <span class='ocr_line' id='line_1_148' title="bbox 959 3113 1832 3158; baseline -0.001 -12"><span class='ocrx_word' id='word_1_1181' title='bbox 959 3115 1046 3146; x_wconf 88' lang='lat' dir='ltr'>causa</span> <span class='ocrx_word' id='word_1_1182' title='bbox 1063 3117 1279 3158; x_wconf 82' lang='lat' dir='ltr'>obligationis.</span> <span class='ocrx_word' id='word_1_1183' title='bbox 1304 3128 1375 3149; x_wconf 92' lang='lat' dir='ltr'>cum</span> <span class='ocrx_word' id='word_1_1184' title='bbox 1392 3118 1474 3148; x_wconf 90' lang='lat' dir='ltr'>enim</span> <span class='ocrx_word' id='word_1_1185' title='bbox 1494 3117 1597 3146; x_wconf 81' lang='lat' dir='ltr'>editur</span> <span class='ocrx_word' id='word_1_1186' title='bbox 1613 3113 1746 3144; x_wconf 62' lang='lat' dir='ltr'>actionis</span> <span class='ocrx_word' id='word_1_1187' title='bbox 1757 3123 1832 3145; x_wconf 86' lang='lat' dir='ltr'>cau-</span> 
     </span>
     <span class='ocr_line' id='line_1_149' title="bbox 958 3156 1832 3195; baseline -0.001 -8"><span class='ocrx_word' id='word_1_1188' title='bbox 958 3157 1004 3195; x_wconf 88' lang='lat' dir='ltr'>sa,</span> <span class='ocrx_word' id='word_1_1189' title='bbox 1025 3158 1129 3189; x_wconf 89' lang='lat' dir='ltr'>editur</span> <span class='ocrx_word' id='word_1_1190' title='bbox 1147 3158 1277 3191; x_wconf 66' lang='lat' dir='ltr'>astionis</span> <span class='ocrx_word' id='word_1_1191' title='bbox 1295 3169 1431 3195; x_wconf 86' lang='lat' dir='ltr'>nomen,</span> <span class='ocrx_word' id='word_1_1192' title='bbox 1447 3158 1466 3188; x_wconf 93' lang='lat' dir='ltr'>si</span> <span class='ocrx_word' id='word_1_1193' title='bbox 1485 3166 1548 3186; x_wconf 91' lang='lat' dir='ltr'>non</span> <span class='ocrx_word' id='word_1_1194' title='bbox 1567 3165 1631 3186; x_wconf 87' lang='lat' dir='ltr'>uno</span> <span class='ocrx_word' id='word_1_1195' title='bbox 1649 3156 1832 3194; x_wconf 83' lang='lat' dir='ltr'>vocabulo,</span> 
     </span>
     <span class='ocr_line' id='line_1_150' title="bbox 955 3197 1828 3238; baseline 0.001 -10"><span class='ocrx_word' id='word_1_1196' title='bbox 955 3206 987 3228; x_wconf 91' lang='lat' dir='ltr'>at</span> <span class='ocrx_word' id='word_1_1197' title='bbox 1012 3200 1182 3231; x_wconf 89' lang='lat' dir='ltr'>verborum</span> <span class='ocrx_word' id='word_1_1198' title='bbox 1209 3201 1330 3232; x_wconf 85' lang='lat' dir='ltr'>ambitu</span> <span class='ocrx_word' id='word_1_1199' title='bbox 1354 3201 1405 3238; x_wconf 80' lang='lat' dir='ltr'>qui</span> <span class='ocrx_word' id='word_1_1200' title='bbox 1429 3197 1572 3237; x_wconf 83' lang='lat' dir='ltr'>fungitur</span> <span class='ocrx_word' id='word_1_1201' title='bbox 1588 3198 1725 3227; x_wconf 84' lang='lat' dir='ltr'>nominis</span> <span class='ocrx_word' id='word_1_1202' title='bbox 1745 3206 1828 3228; x_wconf 77' lang='lat' dir='ltr'>Vice-</span> 
     </span>
    </p>
   </div>
   <div class='ocr_carea' id='block_1_7' title="bbox 956 3238 1831 3314">
    <p class='ocr_par' dir='ltr' id='par_1_10' title="bbox 956 3238 1831 3314">
     <span class='ocr_line' id='line_1_151' title="bbox 956 3238 1831 3314; baseline -0.002 -42"><span class='ocrx_word' id='word_1_1203' title='bbox 956 3238 1107 3314; x_wconf 50' lang='lat' dir='ltr'>Omitto&amp;</span> <span class='ocrx_word' id='word_1_1204' title='bbox 1129 3242 1216 3279; x_wconf 84' lang='lat' dir='ltr'>quod</span> <span class='ocrx_word' id='word_1_1205' title='bbox 1234 3241 1377 3275; x_wconf 82' lang='lat' dir='ltr'>Clericus</span> <span class='ocrx_word' id='word_1_1206' title='bbox 1393 3239 1508 3272; x_wconf 82' lang='lat' dir='ltr'>dicitur</span> <span class='ocrx_word' id='word_1_1207' title='bbox 1525 3239 1692 3273; x_wconf 80' lang='lat' dir='ltr'>conveniri</span> <span class='ocrx_word' id='word_1_1208' title='bbox 1708 3247 1831 3311; x_wconf 51' lang='lat' dir='ltr'>propit)-</span> 
     </span>
     <span class='ocr_line' id='line_1_152' title="bbox 1133 3288 1830 3314; baseline -0.004 0"><span class='ocrx_word' id='word_1_1209' title='bbox 1133 3291 1150 3314; x_wconf 87' lang='lat'><strong>2</strong></span> <span class='ocrx_word' id='word_1_1210' title='bbox 1786 3289 1795 3311; x_wconf 87' lang='lat'>1</span> <span class='ocrx_word' id='word_1_1211' title='bbox 1812 3288 1830 3311; x_wconf 80' lang='lat' dir='ltr'>a</span> 
     </span>
    </p>
   </div>
  </div>
 </body>
</html>
