2036 3495
128 97 201 133 454

131 176 177 207 ita
192 183 258 206 non
275 177 403 205 tenetur
425 174 525 201 mater
542 176 611 199 eam
629 165 793 198 restituere
810 173 851 195 ex
867 162 956 194 causa
975 161 1008 193 fi-

137 213 367 248 deicommiffi:
387 211 457 250 quia
474 215 624 249 apparet,
635 208 674 237 de
690 215 725 236 ea
735 212 877 245 rogatam
888 213 952 234 non
963 212 1010 234 es-

138 257 180 289 se.
206 256 282 288 Non
301 254 395 294 igitur
411 251 493 281 valet
510 249 634 288 paetum
653 256 669 277 a
686 245 748 277 filia
765 245 856 276 matri
875 244 1012 282 faelum3

137 306 243 338 neque
260 304 300 326 ex
319 303 359 324 eo
378 291 467 323 matri
485 289 568 320 actio
586 288 761 328 competit,
778 289 915 317 maxime
931 286 1010 316 dire-

141 339 206 370 Cta:
234 338 301 368 imo
318 342 378 365 nec
397 332 493 363 utilis.
517 331 571 361 Ait
586 329 671 360 enim
687 327 819 365 Paulus,
835 325 946 358 errass'e
962 325 1014 364 Ju-

737 78 1042 112 GanAnn1
1092 73 1318 110 Noonr

1053 163 1144 202 neptis
1167 162 1260 194 videri
1281 162 1424 194 inutiliter
1440 160 1657 203 stipulationem
1679 166 1730 207 effe
1745 175 1920 210 conceptam:

1054 204 1188 245 quoniam
1196 214 1270 235 avus
1287 209 1434 235 maternus
1444 205 1470 234 ei
1478 202 1638 245 stipulatus
1648 201 1826 248 proponitur.
1847 213 1922 251 quod

1055 254 1120 275 cuin
1135 246 1177 276 ita
1194 243 1250 284 est,
1268 245 1363 276 heredi
1372 243 1571 285 stipulatorz's,
1590 249 1758 289 quandoque
1774 253 1924 282 diverterit

1055 285 1173 324 mulier,
1196 285 1268 316 attio
1289 292 1441 327 competere
1455 287 1580 320 videtur.
1625 288 1681 319 Sed
1698 290 1849 322 dicendum
1864 291 1922 332 eft,

1058 326 1128 368 Sejae
1138 326 1212 367 poffe
1227 328 1317 358 dotem
1330 327 1422 365 sol-vi,
1448 329 1582 367 quamvis
1605 328 1678 360 aetio
1694 331 1719 360 ei
1743 331 1844 362 arrecto
1865 342 1923 363 non

141 380 245 410 dicem
262 375 315 421 qui
327 374 416 405 matri
435 378 557 412 partem
576 370 661 402 dotis
677 369 816 414 qtiasiex
836 368 902 399 utili
920 367 1014 414 pasto
1058 374 1213 414 competat?
1228 367 1366 406 acsifihz'
1380 375 1430 398 aut
1447 368 1566 400 illiciarz‘
1583 379 1658 401 avus
1667 368 1829 412 stipulatus
1843 372 1925 412 effet:

141 418 340 458 adjudicavit.
366 414 532 454 quomodo
547 420 652 443 autem
670 417 806 446 el'raVlt;
821 408 842 440 si
854 418 894 440 ex
912 409 1015 448 hujus·
1049 408 1103 448 sed
1115 410 1338 448 permittendum
1353 407 1391 450 est
1409 411 1488 449 nepti
1502 420 1539 441 ex
1555 411 1607 443 hac
1624 415 1707 443 avita
1724 416 1923 452 conventione,

143 459 232 492 modi
262 457 354 497 patto
375 455 463 486 matri
482 453 652 493 competiit
669 451 754 483 utilis
770 450 863 481 aetio.
894 450 1014 490 potuis·

141 501 187 532 set
203 499 288 530 enim
307 505 408 529 mater
423 495 534 527 utilem
559 494 679 525 habens
696 502 736 524 ex
755 491 900 532 stipulatu
918 491 1014 522 actio-

142 550 235 578 nem,
261 549 278 571 a
293 538 454 570 coherede
471 545 580 577 petere
598 535 683 566 dotis
700 540 832 574 partein.
857 533 899 564 nil
918 532 1015 572 impe-

144 583 227 616 diret
254 589 384 621 quoque
410 579 573 618 Judioem,
597 585 666 607 eam
688 575 778 606 matri
804 574 834 605 in
862 573 1016 605 divisione

143 622 331 655 hereditatis
349 619 431 662 quali
449 619 637 660 praecipuam
655 617 803 648 addicere
819 623 860 646 ex
878 613 950 646 filiae
967 622 1018 654 pa-

146 666 208 697 ἑὶο.
251 663 332 696 Satis
351 665 391 694 de
409 661 544 692 actione.
577 658 689 696 restat,
714 664 748 688 ut
768 658 807 688 de
825 656 1019 696 exceptione

144 707 327 738 videamus:
350 701 472 735 constat
495 702 598 739 enim,
622 709 660 731 ex
688 698 802 739 pasto,
826 698 919 728 etiam
945 705 1019 727 cum

146 746 242 780 cess'at
258 747 340 778 ac‘tio
351 768 360 784 ,
376 742 604 783 exceptionem
622 740 697 772 dari.
723 740 752 770 ὅ(
770 740 809 770 de
825 738 1020 778 exceptione

146 789 215 822 filet
233 788 345 820 Paulus
363 788 391 816 d.
404 785 423 816 l.
441 784 513 824 quia
531 784 569 815 de
586 791 621 814 ea
638 791 702 813 non
721 780 781 811 fuit
793 781 1018 819 interrogatus.

147 830 202 862 sed
214 829 308 861 finon
326 828 409 859 valet
427 824 551 866 paetum
570 833 635 864 quo
652 822 742 854 matri
758 821 843 866 cavit
860 820 941 852 filia:
959 828 1020 859 qua

147 874 274 903 ratione
292 879 332 902 ex
349 878 389 900 eo
406 868 456 898 vel
474 867 627 905 exceptio
643 865 733 896 matri
750 863 870 902 adquiri
889 860 1019 901 potest?

149 921 181 945 at
198 912 282 943 enim
302 909 488 951 Papinianus
504 907 524 939 l.
543 910 591 938 26.
610 906 638 948 §.
655 915 685 943 4.
705 904 745 936 D.
767 902 902 944 depactis
918 902 1019 933 dotali-

150 956 203 985 bus
221 954 311 984 matri
329 961 393 984 non
418 951 555 990 denegat
572 946 815 987 exceptionem:
841 943 896 975 etii
916 952 975 975 nce
991 953 1020 989 ³:

152 995 290 1027 &ionem
317 995 347 1025 ei
372 991 532 1023 concedat
557 987 644 1021 simili
664 988 694 1019 in
713 985 827 1027 specie.
861 985 1020 1024 Papiniani

150 1035 249 1067 verba
266 1035 344 1066 sunt.
380 1032 455 1065 Filia
470 1041 534 1063 cum
549 1037 600 1071 pro
617 1031 643 1066 fe
659 1030 748 1060 dotem
761 1028 952 1067 promitteret,
972 1031 1020 1065 pe-

147 1078 241 1119 pigit,
266 1075 330 1115 Ut,
354 1075 375 1107 fi
401 1076 430 1106 in
456 1072 659 1105 matrimonio
677 1070 740 1101 fine
759 1069 864 1100 liberis
880 1066 1020 1099 deceffis-

148 1119 195 1150 set
207 1142 216 1157 ‚
239 1118 329 1149 matri
348 1116 406 1148 suae
423 1116 483 1147 dos
500 1113 647 1145 solvatur.
679 1109 767 1143 Paeto
777 1108 848 1150 filice
864 1108 946 1139 nulla
961 1117 1021 1138 ma-

151 1161 191 1192 trz'
207 1160 348 1200 quaerz'tur
362 1157 435 1189 attio
449 1167 457 1187 .·
473 1155 502 1194 fi
517 1161 610 1186 tomen
629 1154 706 1184 heres
726 1151 823 1193 puella>
838 1151 924 1181 matri
933 1156 1021 1191 pecu-

151 1202 232 1233 niam
247 1202 319 1231 [lotis
327 1199 448 1239 solverit
465 1221 474 1235 ‚
496 1197 560 1228 viro
577 1201 676 1226 contra
690 1193 798 1234 placita
808 1192 917 1237 petenti
932 1193 1022 1222 dotem

151 1240 273 1283 obstabit
290 1241 424 1281 exceptio.
465 1237 595 1279 Species
614 1234 786 1276 Papiniani.
815 1233 944 1279 „Mulier
963 1241 1021 1277 pro

152 1284 183 1316 se
207 1285 321 1314 marito
347 1279 487 1322 promisit
515 1280 645 1316 dotem,
670 1277 698 1307 ἅ
715 1275 855 1317 pepigit:
880 1282 931 1319 ut,
955 1272 1022 1304 fiin

154 1325 360 1357 matrimonio
384 1322 448 1354 sine
465 1320 569 1353 liberis
590 1326 786 1356 moreretur,
809 1326 826 1347 a
841 1323 1024 1360 maritohcu-

154 1367 202 1407 jus
221 1366 362 1405 alioquin
388 1363 475 1395 foret
493 1363 551 1394 dos
569 1360 760 1398 adventitia,
785 1365 819 1391 ut
834 1357 921 1398 supra
939 1356 1023 1394 dixi,

155 1408 247 1439 matri
265 1407 322 1438 suae
335 1407 392 1438 dos
408 1404 634 1436 restitueretur.
651 1410 775 1434 mortua
791 1399 945 1432 deindein
963 1405 1024 1430 ma-

155 1449 308 1480 trimonio
328 1447 451 1488 puella,
474 1445 536 1476 five
554 1445 685 1476 muliere
704 1441 890 1483 juvencula,
913 1439 976 1471 fine
992 1439 1026 1470 li·

153 1490 257 1527 beris,
284 1490 313 1520 δι
336 1496 488 1519 extraneo
514 1484 627 1523 Titio,
651 1484 739 1515 verbi
763 1483 883 1521 gratia,
907 1481 1026 1512 herede

154 1530 318 1562 instituto:
344 1527 504 1567 quaelitum
531 1526 594 1564 est,
619 1534 656 1556 an
676 1526 764 1556 matri
788 1533 827 1555 ex
845 1522 916 1555 filiae
934 1522 1026 1562 pasto

156 1577 322 1610 competat
338 1569 420 1600 aftio
438 1575 491 1599 aut
511 1567 673 1607 exceptio.
705 1566 792 1606 quod
814 1565 851 1596 ad
869 1563 1026 1595 actionem

153 1613 290 1649 attinet3
315 1617 409 1650 negat
426 1609 634 1650 Papinianus,
659 1607 749 1639 matri
775 1616 815 1638 ex
838 1605 908 1637 filiae
934 1605 1026 1645 pacto

153 1660 340 1692 competere
356 1650 512 1683 astionem
523 1673 533 1689 ,
547 1649 568 1681 ii
584 1649 662 1681 velit
677 1655 823 1689 repetere
839 1647 950 1679 dotem
968 1654 1028 1678 tra·

152 1695 263 1727 ditam.
286 1693 362 1732 hac,
388 1693 524 1733 opinor,
541 1691 647 1722 causa:
672 1690 758 1731 quod
777 1695 877 1720 mater
894 1687 956 1728 ipsa
972 1688 1027 1720 do-

156 1744 222 1768 tem
246 1734 301 1767 fibi
326 1734 415 1766 reddi
437 1732 581 1773 stipulata
597 1741 661 1763 non
679 1730 740 1763 est:
762 1729 824 1761 filia
841 1737 944 1761 autem
961 1738 1027 1761 non

153 1775 262 1819 potest
280 1783 439 1808 extraneae
451 1799 460 1814 ‚
477 1774 574 1815 qualis
591 1773 619 1804 ei
635 1780 735 1805 mater
753 1771 817 1810 est,
837 1770 1026 1812 paciscendo

153 1818 376 1859 stipulandove
401 1816 560 1848 astionem
584 1814 760 1855 adquirere.
796 1813 1027 1853 exceptionem

155 1868 261 1892 tamen
285 1860 339 1900 (ut
355 1858 439 1897 dixi)
462 1859 491 1889 ei
508 1865 572 1889 non
592 1863 686 1897 negat
703 1854 900 1894 Papinianus.
923 1863 1025 1894 pone:

156 1901 265 1933 Titius
290 1903 383 1932 heres
410 1899 500 1938 filiae,
523 1898 633 1930 dotem
651 1896 765 1928 marito
779 1896 920 1927 nondum
938 1894 1029 1927 tradi·

156 1951 239 1981 tam,
255 1942 347 1974 matri
365 1941 457 1973 solvit
475 1941 526 1972 sua
546 1939 679 1980 sponte:
697 1946 793 1978 quum
812 1936 893 1968 hanc
912 1938 1030 1968 invitus

158 1987 188 2016 ei
206 1984 327 2015 solvere
345 1993 408 2015 non
423 1988 604 2022 cogeretur.
627 1989 704 2012 mox
720 1979 849 2010 maritus
869 1979 978 2010 dotem
995 1977 1029 2009 fl-

158 2026 190 2056 bi
209 2024 387 2065 promissam
407 2025 445 2055 ab
471 2023 590 2055 herede
609 2022 691 2062 petit
706 2020 831 2051 actione
852 2029 891 2050 ex
907 2019 1030 2060 stipula-

159 2073 205 2097 tu.
223 2076 261 2097 an
273 2066 403 2106 potest?
420 2074 484 2097 non
503 2063 612 2096 resistit
627 2062 707 2102 Juris
723 2060 891 2093 subtilitas:
910 2059 960 2091 sed
976 2061 1031 2099 (ut

157 2106 349 2148 Papinianus
367 2107 429 2145 ait)
446 2108 474 2138 ei
488 2113 600 2137 contra
617 2104 732 2144 placita
749 2102 872 2142 petenti
893 2101 1031 2133 obstabit

157 2149 321 2189 exceptio.
340 2149 426 2188 quod
439 2146 648 2188 superioribus
658 2142 811 2176 adversari
828 2144 960 2174 videtur.
979 2141 1030 2173 sed

157 2199 225 2221 non
242 2189 287 2220 est
315 2189 378 2228 ita;
402 2198 470 2220 nam
487 2198 523 2219 ea
540 2188 692 2227 exceptio
708 2194 771 2216 non
790 2183 834 2216 est
853 2184 933 2225 paen
953 2193 1029 2214 con-

155 2231 245 2262 venti
269 2239 361 2270 quam
388 2229 451 2260 hoc
466 2229 580 2260 Edicto
598 2228 760 2268 promittit
781 2225 921 2257 Praetor:
945 2226 1030 2266 (non

160 2272 246 2304 enim
263 2272 348 2303 valet
364 2271 427 2302 hoc
443 2268 588 2311 pactum)
605 2268 657 2300 sed
666 2268 710 2300 est
726 2267 876 2307 exceptio
887 2267 952 2298 doli
967 2276 1029 2298 ma-

159 2313 183 2345 li
206 2322 300 2352 quam
325 2313 413 2352 supra
439 2312 531 2350 dixi,
556 2309 618 2341 esse
643 2309 806 2341 subsidium
830 2308 1031 2349 exceptionis

162 2355 265 2395 paffi3
282 2354 310 2385 &
330 2354 457 2384 videtur
472 2361 562 2392 aeque
576 2351 635 2382 hac
653 2351 683 2382 in
700 2350 805 2390 speeie
822 2357 918 2390 atque
934 2349 1007 2380 alibi
1021 2371 1031 2388 ,

158 2395 225 2434 Juri
242 2393 402 2426 extorsisse
421 2396 570 2434 aequitas:
588 2400 719 2432 propter
736 2390 936 2431 personarum
956 2399 1032 2421 con-

158 2436 376 2476 junctionem
392 2436 445 2467 etii
457 2436 494 2466 ad
510 2433 735 2474 exceptionem
753 2432 834 2473 paen
845 2456 854 2471 ‚
871 2439 924 2463 aut
938 2432 1032 2464 etiam

160 2477 199 2508 ad
215 2477 371 2509 aaronem
391 2478 500 2509 utilem
530 2474 686 2516 adspirare
705 2483 770 2505 non
789 2474 904 2514 potuit.

206 2518 267 2549 Sed
297 2519 400 2549 turbat
425 2517 536 2549 Paulus
553 2517 573 2548 l.
591 2527 642 2555 45.
662 2516 703 2546 D.
729 2515 825 2546 Soluto
841 2515 1031 2545 matrimonio.

162 2558 336 2595 Videamus
353 2569 455 2590 tamen
466 2583 475 2594 ,
492 2567 531 2589 ne
547 2558 659 2589 tra6tet
675 2556 782 2588 thema
798 2556 968 2588 admodum
979 2555 1034 2587 sin-

163 2601 270 2641 gulare
282 2623 290 2636 ,
308 2601 336 2631 ἃ
354 2602 391 2631 ad
411 2599 669 2640 consequentiam
686 2598 815 2636 minime
832 2597 1032 2628 trahendum.

164 2641 283 2672 Uthoc
300 2641 530 2678 demonstrem,
547 2639 718 2671 adscribam
731 2639 938 2670 Pauliveiba:
957 2647 1034 2669 mox

160 2683 299 2724 speciem
317 2682 523 2721 appositurus.
550 2681 635 2712 Pauli
653 2681 758 2711 vei-ba.
791 2680 886 2720 Gojus
903 2680 986 2720 Sejus
1003 2689 1033 2709 a·

163 2734 220 2755 vus
237 2728 381 2753 maternus
399 2724 468 2763 Sejae
485 2724 562 2762 nepti·
577 2732 638 2763 quea
656 2727 716 2752 erat
730 2724 762 2752 in
773 2722 868 2761 patris
880 2719 1033 2760 potestate,

164 2770 273 2797 certam
284 2763 412 2804 pecunia:
428 2767 620 2803 quantitatem
637 2765 707 2793 dotis
724 2764 836 2793 nomine
850 2761 939 2792 Lucio
959 2761 1034 2791 Titio

166 2807 270 2838 marito
286 2806 381 2836 dedit:
398 2803 433 2837 &²
444 2803 628 2842 instrumento
646 2804 734 2834 dotali
748 2801 1035 2844 hujusmodipablum

162 2846 424 2888 &stipulationem
441 2845 601 2883 coiizplexiis
616 2844 673 2884 est,
697 2845 730 2875 Si
746 2847 821 2876 inter
839 2844 966 2874 Lucium
986 2843 1035 2874 Ti-

162 2891 237 2921 tium
260 2889 395 2918 maritum
421 2884 457 2919 ἐξ)
478 2885 571 2924 Sejam
590 2887 747 2916 divortium
757 2885 821 2922 fine
836 2885 920 2924 culpa
938 2885 1035 2915 mulie·

161 2933 204 2963 ris
221 2929 336 2969 faftiim
351 2926 432 2967 effet,
448 2927 495 2956 dos
512 2928 599 2955 omnis
617 2927 685 2965 Sejae
705 2928 806 2964 uxori,
830 2926 876 2957 vel
893 2926 968 2965 Gajo
987 2927 1034 2956 Se·

158 2975 190 3015 jo
208 2982 263 3003 avo
279 2976 407 3002 materno
424 2967 588 2998 redderetur
603 2966 864 3009 rellitiieretzirque.
910 2966 1033 3010 Quaero,

162 3024 229 3046 cum
247 3013 330 3051 Sejus
348 3019 422 3041 avus
446 3013 592 3039 maternus
604 3006 706 3045 *llatz'ui
723 3010 788 3039 vita
807 3009 962 3047 destinetur
972 3007 1033 3046 fit,

162 3056 200 3091 ὅ)
219 3054 285 3096 Seja
296 3050 392 3093 postea
408 3048 464 3084 line
481 3049 563 3088 culpa
571 3049 790 3087 suadivorierit
807 3052 876 3079 vivo
888 3056 971 3090 patre
984 3050 1033 3086 suo

161 3099 194 3128 in
220 3096 304 3136 cujus
326 3090 460 3133 potestate
487 3088 543 3130 eft,
566 3099 606 3120 an
632 3088 667 3122 &³
685 3090 732 3118 cui
747 3089 818 3119 αὲἶὶο
836 3099 871 3120 ex
887 3094 936 3120 hoc
950 3090 1033 3130 patto

162 3148 199 3169 ex
210 3136 399 3176 stipulatione
415 3136 567 3170 competat:
584 3128 619 3164 &³
630 3135 729 3160 utrum
740 3129 831 3159 hereat
847 3133 898 3160 avi
913 3131 1035 3162 materni

1060 451 1241 497 rie-commodo
1252 451 1324 481 dotis
1333 446 1519 490 defraudetur
1531 475 1539 490 ,
1550 452 1647 483 utilem
1658 452 1811 485 ostionem.-
1821 455 1927 494 favore

1058 499 1133 521 enim
1148 498 1336 531 nuptiarum,
1356 491 1392 526 ὃ)
1407 493 1530 523 maxime
1544 500 1655 534 propter
1672 493 1848 534 affeffti'onem
1858 503 1922 536 per-

1050 534 1209 571 sonarum,
1233 533 1270 562 ad
1285 533 1334 563 hoc
1349 534 1556 565 decurrendum
1572 533 1621 576 eft.
1653 534 1734 567 Haec
1754 535 1837 567 Pauli
1856 546 1924 568 ver-

1061 573 1111 619 ba.
1139 581 1223 603 nunc
1240 572 1375 613 speciem
1392 574 1518 616 accipe:
1542 586 1577 607 ea
1597 576 1717 617 species
1733 577 1787 609 est.
1829 576 1926 617 Gajus

1062 612 1149 653 SeJus
1165 622 1240 658 avus
1256 622 1415 646 maternus
1434 624 1491 656 pro
1505 624 1600 658 nepte
1618 620 1648 648 in
1667 619 1762 658 patris
1781 617 1823 649 sui
1839 627 1928 658 pote·

1062 654 1140 700 state
1158 653 1328 693 existente,
1345 654 1448 687 Lucio
1458 656 1549 688 Titio
1566 659 1630 699 ejus
1641 659 1754 690 marito
1769 660 1799 691 in
1817 661 1929 691 dotem

1062 696 1150 742 dedit
1166 703 1285 741 certam
1302 698 1444 736 pecuniae
1455 699 1680 739 quantitatem:
1697 701 1819 739 adjesto
1835 701 1929 741 pano

1063 736 1092 768 dt
1109 737 1327 784 stipulatione:
1345 745 1378 769 ut
1390 738 1530 772 divortio
1545 740 1630 772 facto
1645 740 1709 773 fine
1724 741 1800 782 Sejae
1816 743 1908 782 culpa
1919 764 1929 780 ‚

1063 787 1166 809 omnis
1183 778 1241 809 dos
1259 777 1355 818 Sem,
1371 780 1422 810 vel
1442 780 1507 820 ejus
1523 791 1584 813 avo
1604 781 1686 821 Gajo
1701 782 1774 822 Sejo
1790 783 1931 815 restitne-

1063 826 1160 865 retur.
1177 827 1306 865 mortuo
1318 818 1423 866 ’statim
1434 820 1516 861 Gaj0
1531 822 1623 864 Sejo,
1639 823 1706 863 Seja
1723 823 1785 854 fine
1802 823 1851 855 sua
1867 825 1931 855 cnl-

1062 870 1102 901 pa
1120 861 1271 908 divortit,
1295 869 1369 908 vivo
1384 868 1471 901 patre
1488 863 1542 895 suo
1561 865 1591 896 in
1609 865 1695 905 cujus
1711 872 1778 895 erat
1795 865 1930 904 potesta-

1063 910 1104 933 te.
1129 909 1297 948 quaeritui·‚
1314 911 1364 947 cui
1382 911 1544 943 competat
1560 915 1599 936 ex
1615 906 1760 946 stipulatu
1776 906 1873 938 aeno:
1897 916 1930 938 u-

1065 950 1148 974 trum
1167 943 1276 974 heredi
1292 952 1340 974 aV1
1363 946 1515 984 materni,
1538 955 1576 977 an
1592 946 1696 987 Sejae‘?
1719 948 1806 987 quod
1823 949 1861 978 ad
1879 947 1931 979 he·

1064 985 1172 1016 redem
1191 984 1325 1016 attinet:
1348 985 1500 1024 expedita
1521 987 1646 1019 videtur
1663 989 1763 1020 ratio:
1787 997 1826 1019 eo
1844 989 1931 1029 quod

1065 1025 1157 1057 heres
1174 1024 1358 1058 defunstum
1375 1026 1589 1066 stipulatorem
1601 1052 1612 1069 ,
1634 1038 1788 1069 quatenus
1809 1029 1864 1061 fibi
1880 1029 1929 1061 sti-

1064 1067 1189 1113 pulatus
1213 1065 1275 1106 est,
1300 1067 1502 1106 repraesentat
1525 1069 1595 1110 post
1620 1071 1684 1110 ejus
1703 1079 1850 1102 mortem.
1878 1071 1932 1103 sed

1065 1117 1149 1139 eirca
1165 1108 1266 1147 Sejam
1284 1109 1369 1139 cadit
1393 1109 1578 1142 difficultas:
1602 1120 1674 1143 cum
1693 1119 1796 1144 metus
1811 1111 1868 1151 fit;
1888 1121 1929 1144 ne

1064 1150 1095 1181 in
1115 1149 1179 1189 ejus
1198 1148 1330 1189 persona
1344 1150 1496 1182 inutiliter
1522 1161 1680 1194 concepta
1698 1153 1733 1185 fit
1753 1153 1930 1194 stipulatio:

1066 1191 1192 1236 quando
1217 1199 1282 1221 non
1307 1191 1412 1230 potest
1436 1201 1512 1223 avus
1536 1202 1693 1226 maternus
1709 1217 1719 1234 ,
1743 1202 1776 1225 ut
1796 1195 1930 1226 maxime

1066 1232 1162 1278 velit,
1185 1233 1273 1278 nepti
1292 1241 1332 1262 ex
1349 1230 1410 1263 filia
1425 1242 1495 1273 quae
1512 1234 1566 1274 ipsi
1585 1243 1734 1267 extranea
1752 1235 1816 1274 est,
1839 1236 1932 1277 stipu-

1065 1273 1130 1318 lari.
1155 1273 1248 1319 quid,
1273 1271 1294 1304 si
1310 1282 1350 1320 ne
1367 1273 1468 1305 voluit
1485 1276 1612 1315 quidem
1638 1277 1664 1307 ei
1683 1276 1844 1317 stipulari?
1866 1286 1932 1308 non

1066 1322 1149 1345 enim
1160 1316 1241 1360 dixit
1251 1337 1260 1352 ,
1271 1314 1349 1354 SeJae
1360 1317 1469 1352 uxori,
1480 1317 1509 1347 dt
1520 1315 1601 1355 Gajo
1612 1317 1684 1357 Sejo
1695 1327 1756 1348 avo
1767 1326 1910 1350 materno
1919 1328 1931 1350 ;

1067 1354 1120 1403 sed
1140 1354 1217 1403 SeJee
1234 1365 1345 1395 uxori,
1362 1364 1414 1387 aut
1430 1355 1513 1398 Gajo
1528 1358 1599 1398 Sejo
1615 1368 1676 1389 avo
1692 1367 1846 1391 materno.
1865 1369 1930 1390 non

1067 1405 1161 1439 igitur
1185 1398 1304 1444 directo
1329 1399 1486 1439 competit
1509 1399 1588 1440 Sejae
1605 1410 1645 1432 ex
1661 1399 1806 1441 stipulatu
1829 1401 1931 1439 actio,

1068 1439 1120 1470 sed
1139 1439 1248 1470 heredi
1266 1438 1465 1480 stipulatoris.
1497 1447 1618 1473 tantum
1635 1442 1738 1482 potest
1755 1441 1832 1482 Sejae
1853 1440 1932 1473 solvi

1068 1479 1151 1519 quafi
1167 1480 1293 1520 adieftae
1311 1480 1474 1512 solutionis
1490 1483 1603 1522 gratia:
1620 1483 1750 1522 perinde
1765 1492 1800 1513 ac
1818 1482 1837 1514 fi
1855 1492 1932 1514 avus

1062 1521 1119 1560 fibi
1134 1527 1185 1552 aut
1200 1521 1243 1552 illi
1260 1521 1422 1561 stipulatus
1437 1521 1523 1554 esset.
1555 1522 1595 1554 fic
1611 1524 1738 1564 quidem
1756 1523 1885 1555 Paulus:
1910 1523 1933 1555 fi

1069 1562 1232 1603 sequamur
1250 1562 1329 1602 Juris
1351 1563 1499 1604 rigorem.
1530 1571 1561 1595 at
1578 1563 1597 1596 fi
1615 1565 1795 1605 aequitatem
1813 1564 1932 1605 specte-

1069 1614 1157 1636 mus:
1182 1604 1407 1635 Permittendum
1425 1601 1482 1645 efl,
1504 1605 1625 1644 inquit,
1640 1607 1717 1646 nepti
1723 1615 1767 1643 sex
1784 1606 1837 1636 bac
1852 1607 1936 1637 avita

1068 1646 1253 1677 conventione
1264 1645 1362 1676 utilem
1375 1645 1522 1678 astionem.
1546 1646 1632 1678 Pauli
1649 1647 1725 1678 dura
1735 1647 1855 1679 locutio
1871 1646 1933 1678 est:

1069 1696 1134 1719 non
1150 1686 1303 1718 inusitata.
1329 1686 1358 1718 ὅ(
1375 1688 1559 1727 exemplum
1574 1687 1670 1720 (imile
1687 1689 1717 1720 in
1735 1688 1798 1719 hoc
1820 1687 1935 1719 Varro-

1070 1729 1117 1760 nis
1134 1728 1181 1759 lz'b.
1201 1732 1229 1763 8.
1250 1727 1297 1759 De
1313 1728 1416 1769 lingua
1433 1728 1561 1768 Latina,
1581 1735 1649 1771 pag,
1665 1738 1713 1766 92.
1732 1729 1783 1760 lin.
1803 1739 1854 1770 52.
1885 1729 1936 1760 Sic

1069 1770 1145 1801 enim
1160 1770 1263 1800 omneis
1272 1771 1481 1810 repudiandum
1494 1768 1533 1811 esi}
1549 1773 1644 1802 artez's.
1666 1770 1745 1802 Item
1764 1771 1793 1802 in
1810 1771 1865 1802 illo
1880 1769 1936 1802 Ul·

1072 1811 1154 1852 piani
1172 1811 1191 1842 l.
1208 1811 1290 1852 ult.§
1315 1821 1341 1842 1.
1354 1810 1394 1842 D.
1413 1812 1445 1842 de
1460 1811 1662 1851 senatoribus,
1677 1811 1826 1842 Senatores
1840 1817 1935 1842 autem

1071 1853 1266 1893 accipiendum
1289 1849 1328 1893 est
1344 1862 1386 1883 eos
1401 1853 1452 1894 qui
1466 1863 1483 1884 a
1503 1853 1639 1884 Patriciis
1656 1852 1692 1888 &³
1707 1853 1874 1894 Consulibus
1890 1862 1936 1884 us-

1072 1903 1126 1936 que
1136 1895 1174 1924 ad
1195 1903 1288 1924 omnes
1306 1892 1429 1934 illustres
1444 1895 1519 1925 viros
1536 1895 1716 1933 descendunt.
1759 1893 1935 1926 Annotavit

1072 1936 1131 1967 alia
1143 1936 1285 1976 quaedam
1301 1934 1462 1973 Sanffius,
1482 1935 1622 1967 Minerva
1640 1936 1687 1967 lib.
1705 1942 1809 1977 3.'cap.
1826 1940 1852 1970 8.
1867 1942 1936 1976 paga

1072 1981 1142 2017 485.
1161 1976 1197 2011 &⁸
1210 1977 1285 2018 seqq.
1303 1977 1331 2008 ὅ(
1348 1978 1377 2007 in
1394 1976 1700 2016 Aiiimodverfionz'bus
1715 1978 1832 2012 ibidem,
1849 1976 1884 2011 &³
1898 1977 1934 2007 ad

1072 2019 1119 2049 lib.
1141 2027 1165 2048 1.
1183 2025 1245 2058 cap.
1266 2027 1309 2056 15.
1327 2024 1395 2059 pag.
1418 2027 1482 2059 ¹39*
1508 2017 1639 2057 Collega
1656 2027 1743 2050 meus
1764 2017 1804 2049 V.
1823 2018 1870 2050 CL
1888 2017 1937 2057 Ja-

1072 2059 1173 2091 cobus
1189 2058 1387 2096 Perizonius,
1425 2061 1477 2089 Ait
1494 2058 1588 2099 igitur
1605 2059 1733 2098 Paulus,
1751 2061 1935 2100 permitten-

1073 2102 1144 2132 dam
1171 2101 1257 2140 nepti
1283 2109 1324 2130 ex
1345 2100 1403 2130 bac
1421 2100 1503 2130 avita
1521 2101 1740 2132 conventione
1757 2100 1819 2132 esse
1840 2100 1936 2131 astio-

1073 2150 1145 2173 nem
1163 2141 1282 2172 utilem.
1306 2140 1336 2171 ἃ
1352 2141 1510 2180 duplicem
1528 2141 1632 2172 adfert
1649 2141 1779 2173 causam.
1798 2150 1858 2172 una
1875 2140 1938 2180 est,

1070 2182 1163 2214 favor
1179 2182 1387 2213 matrimonii:
1405 2181 1620 2222 prohibentis,
1637 2192 1676 2213 ne
1692 2183 1867 2214 commodo
1884 2182 1938 2213 do·

1072 2225 1111 2255 tis
1126 2222 1331 2255 defraudetur
1355 2224 1476 2254 mulier.
1510 2223 1605 2255 altera
1628 2224 1709 2254 ratio
1728 2223 1790 2263 est,
1812 2223 1939 2255 affectio

1073 2263 1285 2306 personarum.
1317 2264 1386 2295 haec
1404 2274 1481 2295 vero
1502 2274 1565 2295 non
1591 2264 1707 2297 efficit:
1731 2273 1764 2296 ut
1787 2275 1862 2296 avus
1878 2273 1940 2296 ma-

1074 2315 1182 2338 ternus
1198 2305 1247 2337 sua
1265 2305 1465 2346 stipulatione
1484 2306 1576 2347 poffit
1601 2307 1688 2347 nepti
1709 2305 1767 2338 suae
1783 2306 1938 2338 aetionem

1073 2348 1182 2379 utilem
1202 2348 1377 2387 adquirere.
1402 2347 1506 2387 paffim
1526 2348 1654 2388 quidem
1669 2349 1700 2379 id
1716 2348 1868 2379 creditur:
1886 2346 1937 2378 sed

1075 2389 1137 2420 alio
1153 2390 1241 2420 ducit
1258 2389 1308 2420 illa
1325 2389 1425 2427 ratio,
1443 2389 1472 2420 ἀ
1491 2390 1617 2429 quidem
1635 2397 1692 2420 eo:
1708 2398 1742 2420 ut
1758 2389 1896 2420 videatur
1907 2396 1937 2417 a·

1075 2440 1132 2461 vus
1149 2430 1229 2461 hanc
1246 2430 1402 2461 actionem
1419 2431 1506 2470 nepti
1525 2431 1689 2469 adquirere
1706 2428 1844 2461 voluisse.
1867 2427 1937 2459 sane

1075 2472 1195 2510 absque
1214 2471 1264 2502 ilia
1281 2470 1483 2509 personarum
1500 2471 1669 2502 affectione
1692 2470 1783 2503 esset:
1806 2478 1868 2501 non
1886 2470 1939 2499 ad-

1076 2511 1244 2553 quifiviffet
1260 2512 1429 2543 aflionem.
1454 2521 1520 2543 erat
1537 2514 1621 2544 enim
1638 2512 1814 2553 stipulatus,
1829 2511 1940 2542 dotem

1077 2554 1164 2593 nepti
1184 2554 1234 2584 vel
1247 2553 1299 2584 fibi
1320 2554 1406 2584 reddi
1424 2554 1552 2585 restitui.
1578 2562 1643 2593 quo
1661 2554 1691 2585 in
1709 2553 1776 2585 casu
1792 2559 1857 2583 erat
1874 2552 1941 2592 qui-

1077 2596 1150 2626 dem
1162 2595 1212 2626 illa
1228 2595 1346 2634 adjecta
1363 2594 1526 2626 solutionis
1535 2596 1648 2634 gratia:
1666 2594 1716 2626 sed
1734 2594 1815 2626 nulla
1831 2601 1896 2624 erat
1910 2592 1941 2623 ei

1077 2635 1227 2677 adquisita
1244 2636 1408 2676 obligatio.
1426 2637 1458 2667 id
1475 2637 1570 2677 igitur
1587 2646 1626 2667 ne
1636 2637 1798 2673 credatur3
1814 2636 1855 2666 ait
1866 2633 1940 2665 Pau-

1077 2678 1143 2715 lus,
1161 2677 1241 2708 hanc
1255 2676 1317 2708 effe
1333 2677 1382 2707 avi
1395 2684 1534 2709 mentem
1547 2700 1555 2714 ‚
1573 2686 1606 2708 ut
1622 2686 1687 2708 uon
1703 2676 1865 2708 solutionis
1876 2684 1942 2716 gra-

1078 2720 1121 2750 tia
1137 2718 1171 2750 fit
1187 2718 1303 2758 adjecta
1322 2718 1425 2757 neptis
1437 2741 1446 2756 ‚
1462 2718 1512 2750 sed
1526 2719 1668 2750 videatur
1679 2718 1722 2750 illi
1738 2715 1884 2755 adquisita
1900 2724 1941 2746 ex

1078 2759 1224 2800 stipulatu
1240 2760 1405 2799 obligatio.
1427 2768 1496 2790 nam
1512 2759 1576 2790 hoc
1592 2761 1765 2791 convenire
1783 2758 1942 2797 stipulato-

1076 2802 1118 2832 ris
1134 2800 1271 2832 affectui.
1296 2801 1340 2831 eit
1358 2801 1452 2840 igitur
1465 2801 1582 2841 duplex
1594 2801 1678 2832 Pauli
1696 2799 1863 2839 inspectio:
1880 2806 1941 2829 una

1078 2842 1117 2874 de
1134 2842 1300 2873 voluntate
1315 2842 1362 2872 avi
1379 2843 1532 2881 materni,
1548 2843 1645 2874 aitera
1656 2843 1694 2873 de
1712 2842 1776 2881 ejus
1789 2842 1865 2880 Jure.
1882 2839 1942 2879 pri-

1077 2893 1113 2914 or
1131 2882 1192 2920 est,
1218 2892 1254 2913 an
1273 2892 1348 2914 avus
1366 2891 1523 2914 maternus
1542 2883 1705 2923 stipulatus
1724 2884 1831 2913 dotem
1853 2879 1940 2911 reddi

1077 2924 1166 2963 nepti
1182 2924 1232 2955 vel
1251 2922 1323 2962 fibi,
1349 2924 1485 2955 voluerit
1503 2933 1539 2955 ea
1554 2924 1706 2962 formula,
1730 2923 1815 2962 nepti
1835 2919 1940 2959 adqui·

1076 2975 1146 2996 rere
1164 2965 1412 3005 obligationem:
1437 2974 1474 2995 an
1491 2966 1655 3004 maluerit,
1671 2971 1796 3004 neptem
1815 2959 1942 3004 stipula-

1078 3006 1157 3038 tioni
1174 3006 1309 3046 adjicere
1327 3005 1491 3037 solutionis
1507 3006 1631 3047 gratia?
1651 3006 1713 3036 hoc
1728 3001 1939 3034 conveniebat

1077 3048 1171 3089 rigori
1189 3046 1319 3086 juris3si
1338 3047 1421 3078 nulla
1440 3046 1515 3078 effet
1532 3047 1731 3088 personarum
1744 3040 1936 3087 conjundtio.

1077 3097 1161 3120 nunc
1180 3090 1251 3129 quia
1269 3088 1312 3119 est
1330 3097 1406 3119 avus
1422 3096 1580 3119 maternus
1596 3086 1680 3126 nepti
1698 3093 1736 3114 ex
1754 3082 1815 3113 filia
1831 3082 1870 3113 iic
1888 3080 1940 3112 sti·

1077 3130 1223 3170 pulatus·‚
1239 3128 1344 3161 suadet
1361 3130 1459 3170 pietas
1472 3128 1636 3160 &affectio
1646 3127 1708 3164 ejus
1725 3132 1797 3163 erga
1809 3130 1938 3162 neptem

158 3176 352 3219 exstil’ulaffl
368 3199 378 3216 2
397 3184 436 3208 ⁰72
453 3171 557 3216 nepti-⁹
579 3170 724 3213 Resp0⁷²di
740 3171 771 3202 in
782 3169 903 3210 perfinia
922 3174 1035 3212 quidem
1073 3171 1249 3212 justiffima:
1266 3178 1300 3204 ut
1316 3179 1384 3203 eam
1401 3179 1466 3202 non
1482 3169 1644 3202 solutionis
1658 3164 1755 3206 gratia
1770 3163 1941 3205 stipulatio-⁴

1909 3208 1939 3232 ni
