2036 3495
158 158 231 196 ,μω
575 144 610 182 G
640 154 661 180 z
691 155 714 180 n
747 155 768 180 A
795 157 817 181 R
849 156 873 181 D
906 157 919 181 1

165 241 261 272 iliata.
307 233 402 271 Hanc
426 231 624 269 Constantini
650 229 769 275 Legem
789 255 800 274 ,
840 234 1038 275 procedente

169 289 337 321 tempore,
370 279 497 318 excepit
522 275 719 308 Constitutio
743 275 904 315 Honorii,
927 274 1037 308 Theo-

171 321 266 356 dofii.
291 322 321 353 δι
349 317 523 352 Constantii
547 317 566 348 l.
595 326 622 348 2.
657 317 725 348 Cod.
753 316 856 348 Theod.
876 319 904 348 d.
924 324 944 348 t.
968 326 1038 358 quae

168 362 274 403 potest
292 361 409 392 videri:
433 359 520 400 plura
544 358 628 391 enim
655 358 769 397 habet,
793 368 887 399 quam
914 367 947 389 ut
973 359 1039 399 ejus

169 404 284 434 summa
303 402 354 432 hic
371 399 462 431 inseri
477 399 581 439 poffit.
628 399 732 432 Potius
757 400 879 432 dicam:
911 404 997 438 quod
1022 411 1039 432 a

166 442 376 483 superioribus
392 440 663 482 posteareceffere
672 440 875 486 Theodosius
885 442 912 473 ἂ
926 442 1040 474 Valeri·-

168 485 302 515 tinianus
318 484 336 513 l.
354 488 382 518 8.
408 482 441 514 C.
465 483 493 515 h.
513 488 534 513 t.
559 482 667 523 pofitis
685 492 777 514 nows
794 483 889 514 causis
903 506 912 520 ,
934 483 964 515 ἃ
981 493 1037 515 no-

167 530 217 556 vis
234 525 345 565 poenis
373 524 476 555 causas
499 533 516 554 a
545 532 637 564 parte
660 525 801 555 mulieris
824 524 982 564 figiiarunt
1006 527 1036 557 in

167 565 195 607 §.
215 576 241 596 2,
269 566 298 597 ἃ
316 575 333 597 a
350 573 439 606 parte
462 565 565 597 mai-iti
589 564 619 596 in
637 565 666 606 §.
690 574 720 604 3.
745 565 858 604 quibus
886 568 917 596 in
948 567 965 596 l.
987 575 1034 599 10.

166 606 353 647 justinianus
371 615 464 638 unam
481 606 597 647 adjecit
620 615 637 637 a
665 614 754 645 parre
777 606 933 640 mulieris:
965 608 994 639 &
1019 619 1036 639 a

164 656 254 689 parte
278 648 381 679 mariti
407 656 471 679 tres
491 647 522 679 iri
541 648 564 678 ’ὶ-
588 655 633 679 11.
655 647 685 689 §.
710 655 737 679 2.
767 649 909 689 quamvis
927 649 1036 688 postea

166 699 279 721 omnes
297 691 474 727 contraxit,
498 687 649 727 absciffis,
673 696 708 720 ut
724 691 783 727 ait,
796 689 953 721 nonnullis
965 699 1035 730 quae

167 731 205 762 a'd
223 729 391 762 solvendas
406 730 530 771 nuptias
546 730 684 770 indigna:
705 731 896 761 videbantur
912 731 1034 764 Novell.

168 781 235 812 ¹¹7·
260 782 284 803 c.
301 776 330 806 8.
347 772 384 806 ὅ)
400 782 428 808 9.
474 770 572 813 Quod
591 770 706 801 attinet
723 772 760 802 ad
782 781 891 811 poenas
916 782 1033 806 novasz

163 811 369 845 Trieodofius
387 813 415 844 &
431 812 669 844 Valentinianus
685 814 712 842 d.
729 814 747 843 l.
759 819 787 846 23.
813 812 840 854 ᾗ.
853 823 882 852 4.
906 812 962 845 has
982 824 1036 855 po·

165 863 245 885 nunt
261 855 403 892 mulieri;
427 860 461 884 ut
479 852 542 893 ipsa
567 853 644 884 dans
669 853 808 885 divortio
833 854 954 886 causam
970 879 979 894 ,
1004 866 1033 887 a·

164 896 270 927 mittat
295 897 405 926 dotem
438 895 467 925 δι
491 894 702 926 donationem
726 903 859 937 propter
882 899 1034 936 nuptias;

164 945 202 968 ac
218 946 257 967 ne
272 936 361 967 alteri
384 935 484 967 nubat
500 937 580 967 intra
598 936 851 977 quinquennium
867 936 921 968 sub
940 948 1035 978 poena

162 977 320 1015 insamiae,
352 976 373 1008 fi
397 976 508 1011 contra
530 977 638 1009 faciat.
669 980 739 1009 viro
762 987 895 1017 autem,
925 979 946 1011 fi
971 981 1035 1020 ejus

166 1019 259 1059 culpa
282 1027 449 1059 arguatur,
479 1018 510 1050 in
535 1018 565 1060 §.
587 1029 616 1059 5.
642 1020 787 1050 eamdem
819 1029 940 1060 ponunt
966 1030 1033 1061 poe-

161 1067 235 1092 narn
252 1069 258 1091 :
281 1068 490 1100 praeterquam
508 1061 596 1101 quod
613 1060 688 1091 huic
705 1061 886 1101 relinquunt
899 1062 967 1102 jus,
979 1062 1034 1093 sta-

165 1101 220 1132 tim
239 1101 369 1133 alteram
386 1102 504 1133 ducere
523 1111 667 1134 uxorem.
690 1101 743 1133 Sic
759 1104 888 1143 quidem
905 1103 959 1134 illi.
994 1103 1034 1134 At

163 1142 352 1182 justinianus
374 1144 401 1174 d.
419 1143 439 1174 l.
460 1152 505 1175 11.
530 1143 675 1182 addidit3
706 1151 761 1182 ut,
792 1143 812 1175 fi
838 1153 941 1184 neque
974 1146 1034 1176 dos

166 1183 261 1222 ess'et,
286 1193 391 1225 neque
413 1184 544 1215 donatio
571 1194 706 1225 propter
737 1185 882 1224 nuptias3
919 1193 986 1217 tum
1008 1186 1034 1217 is

164 1234 215 1265 qui
235 1225 357 1257 causam
375 1226 515 1256 divortio
539 1225 739 1266 praebuiss'et,
763 1228 850 1257 alteri
878 1227 1033 1267 persolve-

164 1274 213 1298 ret
235 1276 376 1307 quartam
402 1267 561 1298 bonorum
589 1276 728 1307 partem3
759 1269 857 1299 modo
883 1278 923 1299 ne
948 1278 1034 1309 egre-

165 1309 268 1339 diatur
291 1309 373 1339 ultra
394 1316 525 1339 centum
548 1308 612 1339 auri
637 1309 739 1341 libras.
770 1319 958 1349 quamquam
983 1310 1034 1341 vel

164 1351 230 1381 hoc
247 1349 347 1381 rursus
364 1349 402 1380 ab
421 1358 462 1380 eo
481 1358 635 1380 muratum
651 1350 719 1389 jure
743 1350 936 1389 posteriore:
958 1351 1035 1382 mira

164 1390 396 1422 inconstantia.-
419 1399 514 1431 quam
537 1391 613 1422 licet
636 1392 890 1422 animadvertere
916 1392 1034 1423 Novell.

162 1442 210 1463 22.
235 1442 259 1462 c.
282 1441 326 1471 15.
349 1431 378 1472 §.
401 1441 430 1471 3.
456 1431 493 1465 ὃ)
509 1441 532 1462 c.
556 1434 602 1462 16.
625 1432 710 1462 idem
728 1432 849 1466 Noveel.
870 1442 936 1474 117.
952 1444 974 1464 c.
990 1442 1035 1474 13.

165 1472 202 1508 ὅ)
224 1473 340 1504 Novell.
363 1482 429 1512 134.
452 1482 477 1503 c.
502 1481 545 1503 iti.

206 1513 339 1554 Repudii
363 1514 464 1554 poenis
485 1513 513 1543 ὅ(
532 1511 627 1544 causis
642 1512 684 1544 ita
700 1512 858 1553 definitis,
882 1515 1034 1557 deinceps

164 1556 388 1596 supervacuum
407 1561 473 1584 erat
486 1554 639 1595 judicium
656 1555 696 1585 de
712 1554 872 1596 moribus,
895 1557 1034 1599 ideoque

163 1605 197 1628 ut
213 1605 320 1637 parurn
339 1594 602 1635 frequentabatur
617 1618 626 1634 ,
649 1594 692 1626 ita
717 1594 870 1628 sublatum
907 1608 924 1629 a
947 1598 1036 1638 Justi-

161 1639 257 1669 niano
275 1639 302 1668 d.
316 1637 336 1668 l.
367 1644 415 1667 11.
438 1637 471 1668 in
486 1635 544 1677 fin.
569 1636 602 1668 C.
623 1637 651 1668 h.
669 1642 690 1668 t.
710 1637 746 1672 ὅ)
761 1637 781 1670 l.
804 1639 881 1670 unic.
904 1639 933 1681 §.
951 1651 978 1681 5.
1001 1639 1034 1672 C'.

162 1680 195 1710 de
208 1679 251 1710 rez‘
267 1687 350 1709 uxor.
368 1676 425 1710 atr.

203 1720 323 1752 Praeter
339 1719 514 1751 divortium
534 1728 575 1751 ex
590 1720 813 1761 indignatione
838 1720 878 1752 de
896 1728 961 1760 quo
983 1722 1033 1763 egi

160 1762 332 1799 hactenus,
358 1759 420 1792 fuit
444 1761 529 1792 aliud
553 1762 642 1800 quod
664 1761 829 1793 dicebatur
852 1761 920 1793 fieri
952 1763 1034 1794 bona

159 1804 269 1845 gratia.
294 1812 367 1834 cuni
391 1801 474 1834 enim
491 1802 644 1834 consensu
662 1802 908 1834 contraheretur
931 1805 1034 1835 matri-

160 1847 322 1882 monium,
345 1853 410 1875 non
430 1843 600 1884 putabatur
613 1843 675 1876 effe
693 1854 710 1875 a
735 1844 857 1875 ratione
878 1845 1035 1885 alienum,

160 1887 193 1918 id
211 1884 371 1918 contrario
387 1885 535 1916 consensu
551 1885 674 1923 solvi3fi
694 1895 759 1917 nou
776 1887 950 1917 commode
961 1896 1031 1925 pos-

161 1928 206 1959 set
222 1927 360 1959 retineri.
406 1923 579 1967 Utriusque
603 1926 731 1958 divortii
760 1928 906 1958 meminit
929 1929 1032 1968 Ulpia—

162 1978 221 2000 nus
237 1969 257 2000 l.
275 1978 324 2009 32.
349 1967 377 2009 §.
398 1976 445 2000 10.
469 1969 514 1999 D.
541 1969 575 1998 de
600 1969 696 1999 donat.
721 1970 775 1999 int.
804 1969 862 2000 vir.
888 1968 925 2003 ὅ)
947 1979 1031 2001 uxor.

161 2010 209 2042 his
228 2010 350 2041 verbis:
383 2008 520 2050 Plerique
542 2011 617 2040 enim
641 2019 706 2052 cum
729 2011 800 2040 bona
822 2013 924 2050 grazia
945 2012 1031 2052 disce-

162 2054 245 2083 dunt.
274 2051 402 2092 plerique
424 2059 488 2081 cum
516 2052 563 2082 ira
575 2051 629 2089 sui
653 2052 745 2082 animi
767 2050 804 2085 ἐξ
826 2050 944 2092 offensa.
991 2053 1032 2083 At

159 2102 224 2124 non
248 2100 282 2123 ut
298 2093 327 2123 in
345 2090 484 2123 divortio
501 2100 559 2130 pei·
579 2092 852 2133 indignationem,
877 2093 919 2123 ita
937 2094 967 2124 in
986 2092 1032 2124 di-

162 2135 271 2166 vortio
288 2133 373 2173 quod
396 2133 479 2163 bona
494 2132 593 2173 gratia
611 2132 663 2172 fit,
687 2133 856 2165 necessaria
878 2133 940 2165 fuit
959 2135 1029 2166 alle-

162 2177 250 2216 gatio
270 2175 357 2216 justae
373 2173 486 2205 causae:
504 2182 617 2207 contra
633 2174 940 2214 suffecitconsensus
957 2185 1031 2207 con·

159 2218 267 2258 jugum
297 2226 313 2247 a
338 2214 542 2247 matrimonio
569 2215 809 2247 discedentium.
841 2225 1031 2257 quamquam

162 2258 251 2289 licuit
277 2256 458 2288 volentibus
490 2255 612 2288 causam
638 2257 773 2295 allegare
804 2257 956 2298 aliquam:
987 2258 1032 2289 uti

161 2307 293 2340 propter
311 2298 538 2336 sacerdotium,
563 2299 614 2329 vel
630 2297 827 2330 sterilitatem
843 2322 853 2337 ,
876 2299 926 2330 vel
944 2298 1031 2330 sene-

162 2340 279 2371 {tutem
291 2365 299 2376 ,
323 2347 375 2371 aut
393 2340 628 2377 valetudinem,
646 2348 700 2370 aut
717 2339 870 2372 militiam.
894 2341 942 2372 hae
958 2343 1023 2372 eiiii

162 2386 320 2412 merantur
336 2382 366 2413 in
383 2381 403 2414 l.
421 2384 473 2414 60.
496 2381 526 2422 §.
546 2390 571 2413 1.
587 2383 607 2413 l.
630 2384 680 2412 61.
703 2380 772 2416 &L
791 2386 841 2413 62.
866 2383 913 2414 D.
936 2384 969 2413 de
984 2385 1029 2414 clo-

813 2464 1167 2503 TITUL'US

983 146 1245 182 Noonr
1302 146 1545 184 C(›itii.'

1081 236 1142 265 nat.
1164 235 1220 266 int.
1240 237 1299 268 vir.
1316 236 1353 272 &³
1368 245 1453 269 uxor.
1478 247 1516 269 ac
1537 247 1579 271 ne
1594 240 1737 275 omnium
1752 243 1824 276 dem
1840 248 1949 280 exeni-

1082 276 1147 316 pla:
1171 284 1277 316 petam
1295 278 1470 311 sacerdotio
1487 280 1617 319 aliquod
1635 292 1652 314 a
1674 281 1876 318 Tertulliano
1897 288 1946 321 libi

1081 321 1109 348 6.
1133 318 1185 348 De
1203 321 1382 361 monogamia
1397 331 1421 352 c.
1438 322 1492 352 uic.
1537 322 1643 355 Verba
1664 322 1872 360 Tertulliani:
1896 329 1948 360 Ce-

1082 360 1153 389 reris
1166 363 1321 396 sacerdotes
1339 363 1507 393 viventibus
1521 365 1608 396 etiam
1623 368 1697 397 viris
1715 366 1753 402 δέ)
1774 372 1949 411 consentien-

1082 401 1175 438 tibus,
1205 403 1298 448 amica
1319 404 1494 444 separatione
1521 406 1693 440 viduantur.
1738 409 1838 453 Quod
1869 416 1949 447 vero

1080 449 1209 491 propter
1223 444 1365 477 militiam
1390 447 1470 477 bona
1484 449 1582 488 gratia
1600 449 1693 482 fieret
1709 451 1901 494 divortium,
1913 466 1947 488 e—

1077 494 1126 525 Jus
1143 485 1228 517 forte
1246 486 1313 517 liaec
1330 495 1396 518 erat
1412 488 1507 519 ratio:
1530 492 1617 530 quod
1635 492 1786 526 militibus
1805 506 1845 528 ex
1862 497 1951 529 disci-

1080 526 1165 566 plina
1180 527 1303 559 militai·i
1321 528 1503 569 adhucqnon
1521 531 1638 564 licebat
1655 543 1772 567 uxores
1784 537 1855 578 jure
1869 538 1949 570 Pan-

1079 567 1240 600 dectarum
1259 569 1392 601 babere:
1417 570 1521 602 utino
1544 582 1635 606 more
1658 576 1781 608 erudite
1806 583 1844 611 ad
1869 590 1948 620 prae-

1078 608 1198 641 sentem
1217 610 1323 642 locum
1348 612 1442 642 tradit
1468 611 1526 644 Vir
1545 613 1605 646 CL.
1622 616 1723 656 Justus
1743 617 1885 660 Lipsius,
1908 623 1947 655 ad

1077 649 1227 682 Tacitum
1246 652 1294 682 lib.
1318 661 1362 690 14.
1389 653 1501 684 Annal.
1525 664 1549 686 c.
1573 659 1618 688 16.
1642 668 1671 689 π.
1689 669 1738 698 79.

1120 691 1171 722 Sic
1186 700 1277 724 tenes
1293 694 1339 732 jus
1356 695 1443 732 quod
1461 693 1521 738 fuit
1549 703 1648 735 usque
1671 702 1709 731 ad
1732 697 1947 743 Principatum

1078 731 1255 764 Theodosii
1284 734 1313 765 ἃ
1339 731 1560 768 Valentiniani.
1584 737 1637 770 sed
1653 740 1692 771 ab
1716 741 1762 774 his
1791 752 1947 778 mutatum

1077 775 1096 804 l.
1113 779 1140 808 8.
1166 775 1197 805 C.
1218 775 1244 806 h.
1263 781 1284 806 t.
1307 776 1463 816 abrogato
1481 777 1510 807 in
1529 777 1675 813 favorem
1700 781 1872 817 liberorum
1900 790 1948 819 di-

1077 816 1186 846 voitio
1208 816 1292 847 bona
1309 818 1408 857 gratia
1424 841 1433 856 ,
1457 818 1488 849 id
1507 818 1568 859 est,
1593 829 1707 853 mutuo
1724 825 1874 858 consensu
1893 829 1948 861 fie-

1078 857 1101 888 ri
1117 856 1220 888 solito.
1245 858 1343 889 altera
1359 859 1490 890 divortii
1506 859 1643 901 species,
1656 866 1745 903 quod
1761 865 1858 898 fiebat
1876 869 1947 902 mis·

1078 897 1109 929 so
1124 899 1276 939 repudio,
1301 899 1363 931 sive
1380 909 1436 937 pei·
1458 900 1729 945 indignationem,
1752 908 1856 939 adhuc
1880 919 1948 949 pei·-

1077 939 1215 970 miffuin:
1239 949 1429 980 quamquam
1456 951 1519 974 non
1543 943 1607 975 fine
1627 945 1714 978 causa
1731 969 1741 986 ‚
1762 944 1859 989 atque
1886 952 1950 991 ipsa

1078 981 1206 1012 denium
1230 990 1316 1013 certa
1346 982 1374 1014 δι
1401 981 1532 1014 definita
1555 986 1584 1017 d.
1608 986 1628 1017 l.
1654 991 1682 1022 8.
1706 989 1734 1031 §.
1757 998 1782 1021 1.
1815 990 1951 1034 &seqq.

1077 1021 1139 1067 Sed
1156 1022 1328 1054 divortium
1352 1024 1512 1056 communi
1533 1026 1686 1060 consensu
1704 1029 1759 1061 viri
1786 1031 1814 1063 &
1839 1035 1949 1065 mulie-

1077 1072 1117 1109 ris
1132 1062 1250 1095 factum
1269 1073 1334 1104 quo
1351 1065 1435 1097 nulla
1451 1068 1635 1101 continetur
1651 1070 1737 1102 causa
1750 1081 1789 1103 ex
1809 1073 1855 1105 his
1871 1084 1949 1115 quas

1077 1112 1107 1135 in
1132 1106 1160 1136 d.
1179 1105 1198 1135 l.
1218 1110 1251 1151 3.
1276 1105 1448 1146 posuerunt
1478 1106 1679 1142 Theodosius
1704 1113 1733 1144 ἃ
1757 1112 1950 1148 Valentinia-

1077 1155 1151 1184 nus,
1173 1147 1290 1177 deinde
1304 1148 1514 1187 approbatum
1534 1151 1635 1182 rursus
1651 1154 1690 1184 ab
1712 1154 1870 1188 Anastafio
1887 1158 1905 1188 l.
1918 1168 1948 1195 9.

1077 1185 1183 1228 &seq
1225 1187 1413 1227 justinianus
1432 1199 1536 1223 tamen
1554 1192 1585 1224 id
1610 1193 1736 1227 indulsit
1760 1205 1880 1230 tanturn
1907 1209 1949 1231 ex

1077 1237 1173 1271 certis
1191 1228 1286 1261 caufis
1308 1229 1425 1261 Novell.
1445 1240 1492 1263 22.
1517 1242 1541 1263 c.
1556 1242 1585 1273 4.
1609 1233 1735 1278 &Jew-
1759 1238 1863 1279 idem,
1887 1249 1952 1272 rur-

1077 1271 1142 1308 1'uS,
1169 1279 1378 1311 praeterquam
1396 1271 1439 1303 ob
1457 1273 1650 1314 castitatem,
1679 1279 1863 1319 improbans
1888 1281 1953 1313 No-

1076 1311 1143 1341 vell.
1170 1320 1238 1352 117.
1268 1321 1292 1343 c.
1317 1321 1362 1344 io.
1394 1314 1424 1344 ἃ
1451 1316 1578 1353 penitus
1606 1316 1725 1351 Novetc.
1752 1330 1816 1360 134.
1849 1332 1872 1353 c.
1901 1332 1949 1356 11.

1075 1351 1211 1391 justinus
1235 1363 1311 1384 vero
1340 1353 1502 1393 ,iustiniani
1525 1366 1564 1388 ex
1586 1355 1694 1390 sorore
1718 1355 1819 1402 nepos
1847 1363 1879 1395 id
1904 1373 1951 1396 re·

1078 1394 1167 1424 duxit
1184 1394 1302 1425 Novell.
1323 1403 1391 1434 140.

1116 1435 1197 1479 Satis
1223 1436 1263 1466 de
1279 1435 1464 1468 divortiis&
1483 1438 1620 1478 repudiis
1632 1449 1672 1471 ex
1690 1439 1882 1476 forenfiusu.
1895 1444 1949 1477 De

1079 1474 1254 1507 Christiana
1278 1476 1431 1516 religione
1449 1479 1618 1517 quaeritur:
1644 1490 1682 1512 an
1699 1483 1846 1517 debuerit
1864 1486 1949 1518 hunc

1077 1513 1223 1548 Titulum
1248 1527 1264 1547 a
1284 1519 1444 1558 republica
1468 1527 1639 1559 amovere,
1664 1526 1844 1557 reverentia
1892 1536 1948 1558 rae-

1076 1566 1243 1599 ceptorum
1264 1557 1395 1590 Domini
1413 1560 1494 1600 apud
1512 1559 1706 1594 Matthaeum
1721 1574 1745 1595 c.
1757 1560 1804 1602 19.
1816 1566 1845 1598 ὅ(
1903 1577 1951 1600 ai·-

1077 1608 1149 1630 cuin
1174 1609 1199 1630 c.
1222 1609 1267 1644 ¹0.-
1292 1601 1408 1639 quibus
1425 1601 1538 1642 poffit,
1560 1601 1673 1642 Judice
1690 1603 1852 1646 Ecclefia‚
1875 1617 1950 1649 pro-

1077 1640 1212 1672 hibitum
1231 1641 1331 1673 videri
1344 1642 1519 1674 divortium
1537 1644 1624 1684 quod
1644 1645 1953 1683 solvatmatrimonii

1077 1682 1251 1713 vinculum.
1297 1682 1358 1714 Sed
1385 1683 1448 1723 jam
1467 1684 1544 1716 oliui
1571 1685 1649 1717 sedit
1674 1686 1712 1719 V.
1737 1688 1796 1721 CL.
1814 1685 1950 1724 Anareae

1076 1723 1204 1754 Alciato
1223 1724 1271 1755 lib.
1288 1728 1317 1755 6.
1340 1724 1432 1755 Parer
1453 1748 1461 1756 .
1485 1735 1510 1756 c.
1536 1734 1583 1758 20.
1609 1727 1786 1763 defendere
1809 1731 1952 1772 justinia·

1077 1773 1170 1796 num:
1194 1766 1280 1806 quod
1299 1765 1377 1797 dicit
1394 1789 1403 1803 ,
1438 1766 1599 1799 :cclefiam
1616 1769 1672 1801 illo
1691 1778 1838 1813 tempore
1856 1770 1951 1806 &ali-

1076 1814 1198 1845 quanto
1216 1806 1324 1846 postea
1341 1807 1479 1848 putasse,
1502 1807 1640 1841 divortia
1662 1813 1767 1844 verbis
1783 1813 1950 1856 Euangelii

1074 1856 1137 1878 non
1154 1848 1336 1888 prohiberi,
1362 1850 1435 1881 dum
1455 1848 1622 1889 flantiusta
1639 1861 1680 1884 ex
1694 1855 1812 1895 ‘causa;
1836 1857 1889 1888 etsi
1915 1858 1949 1889 in

1075 1887 1250 1929 Euangelio
1266 1890 1406 1929 dicatur,
1429 1892 1516 1930 quod
1537 1891 1624 1924 Deus
1640 1896 1823 1936 conjunxit,
1846 1897 1948 1930 hoino

1076 1939 1117 1960 ne
1135 1929 1276 1971 separet:
1298 1940 1371 1962 nani
1388 1932 1427 1963 ab
1444 1932 1625 1966 hominibus
1638 1935 1720 1976 justa
1735 1948 1774 1969 ex
1793 1940 1879 1970 causa
1902 1939 1949 1971 fa-

1077 1971 1160 2003 tium
1172 1996 1180 2009 ‚
1204 1982 1220 2003 a
1239 1971 1313 2003 Deo
1328 1972 1395 2004 fieri
1413 1973 1544 2015 intelligi
1561 1985 1583 2006 c.
1601 1985 1672 2016 quos
1688 1978 1776 2010 Deus
1788 1989 1840 2021 33.
1863 1991 1890 2022 q.
1918 1989 1946 2012 1.

1074 2012 1126 2043 Sic
1148 2013 1305 2053 Alciatus,
1339 2015 1368 2045 δι
1392 2015 1557 2047 veriffiine.
1603 2016 1784 2058 Caeteriim‚
1815 2031 1885 2062 quae
1910 2021 1948 2054 fic

1075 2054 1144 2085 talis
1158 2054 1236 2094 justa
1260 2054 1365 2093 causa,
1388 2056 1533 2089 adulterii
1552 2057 1633 2098 sola,
1657 2069 1695 2092 an
1712 2063 1808 2094 etiam
1833 2063 1948 2103 qualis·

1074 2104 1212 2135 cumque
1228 2096 1286 2128 alia
1301 2106 1391 2137 aeque
1406 2098 1526 2138 gravis3
1550 2109 1616 2132 non
1643 2100 1688 2133 est
1712 2112 1771 2134 una
1797 2103 1947 2136 Erudito-

1074 2145 1141 2168 rum
1166 2137 1327 2169 sententia.
1351 2146 1405 2176 tu,
1437 2138 1458 2170 fi
1481 2139 1577 2181 sapis.
1601 2141 1674 2174 vide
1700 2143 1736 2175 fis
1756 2145 1849 2177 Viros
1871 2146 1944 2177 Exi-

1073 2179 1174 2217 mios,
1197 2178 1373 2217 johannem
1392 2179 1563 2213 Seldenum
1582 2193 1666 2215 uxor.
1692 2185 1830 2220 Hebraic.
1846 2188 1895 2218 lib.
1911 2190 1943 2227 3.

1074 2229 1097 2250 c.
1116 2228 1164 2251 22.
1181 2220 1306 2261 &segrei
1331 2220 1501 2262 Hugonem
1519 2223 1672 2257 Grotiurii
1690 2226 1785 2259 Notis
1803 2230 1840 2259 ad
1859 2228 1943 2259 Mar-

1075 2262 1179 2292 rhaeum
1207 2272 1231 2292 c.
1254 2272 1282 2302 5,
1309 2262 1337 2304 §.
1365 2272 1412 2303 32.
1445 2263 1474 2294 ἃ
1506 2266 1678 2299 iohannem
1710 2268 1943 2312 Barbeyracum

1079 2302 1165 2333 Notis
1180 2303 1301 2335 Gallicis
1315 2305 1352 2335 aci
1370 2304 1454 2345 Opus
1479 2306 1528 2337 De
1537 2307 1606 2346 jure
1620 2309 1686 2341 belii
1700 2309 1736 2344 &³
1748 2309 1831 2352 pa'cis
1853 2311 1901 2341 lib.
1912 2319 1940 2342 2.

1074 2353 1099 2374 c.
1120 2353 1148 2384 5.
1171 2343 1199 2385 §.
1218 2354 1246 2381 9.
1263 2351 1334 2386 pag.
1352 2350 1420 2386 283.
1441 2345 1568 2391 &seqq.

1225 2469 1284 2504 111.

634 2541 738 2576 Soluto
753 2542 946 2577 matrimonio
969 2543 1019 2578 clos
1037 2545 1286 2588 quemadmodum
1304 2552 1468 2592 repetatur.

161 2630 222 2706 In
240 2627 376 2659 Aetione
393 2627 435 2657 rei
452 2630 571 2660 uxoriae
588 2638 644 2670 per
661 2639 754 2669 quarn
780 2629 844 2660 hoc
860 2628 974 2661 Titulo
998 2631 1034 2661 fit

225 2670 311 2701 dotis
334 2667 484 2708 repetitio
503 2693 511 2708 ‚
543 2672 677 2712 primuni
703 2671 871 2710 quaericur,
905 2673 1033 2711 quando

161 2722 197 2743 ea
224 2716 403 2751 repetatur:
434 2709 549 2742 deinde
578 2722 635 2753 per
658 2721 771 2751 quem:
803 2720 868 2743 tum
897 2722 912 2742 a
937 2723 1003 2753 quo
1025 2724 1033 2744 ι

165 2752 237 2794 post
252 2760 384 2791 quarum
401 2759 502 2781 rerum
519 2751 570 2783 fiat
588 2754 758 2791 repetitio:
784 2754 923 2794 denique
941 2763 1032 2795 quau-

163 2796 208 2826 do
226 2792 340 2829 cess'et,
357 2798 410 2822 aut
425 2793 591 2824 minuatur.
616 2795 750 2826 Primam
768 2796 1032 2827 deliberationem

163 2836 297 2875 expedit
319 2832 476 2871 Rubrica,
499 2833 595 2864 Soluto
622 2838 804 2867 matrimonio
828 2840 876 2867 tior
899 2839 1029 2878 quemad·

161 2877 276 2909 modurn
293 2880 448 2915 repetatur.
491 2872 614 2905 Indicat
629 2885 682 2914 ea,
705 2880 814 2909 dotem
831 2887 933 2918 repeti
951 2878 1029 2910 stilu-

161 2927 197 2950 to
215 2915 430 2949 matrimonio.
455 2914 485 2956 &
502 2915 603 2946 reste:
627 2925 697 2947 nam
720 2929 760 2949 eo
776 2919 940 2951 constante
964 2929 1027 2951 tan·

162 2967 229 2991 turn
247 2956 353 2996 abest,
377 2965 412 2988 ut
429 2956 522 2997 posfit
537 2957 657 2996 reperi:
679 2966 714 2988 ut
731 2969 770 2990 ne
793 2961 877 2992 ultro
901 2961 1029 3001 quidem

160 3001 237 3032 solvi
258 2999 369 3040 poffit:
392 2998 550 3030 solutione
567 2997 709 3028 habitura
726 3000 860 3038 speciem
885 3003 1030 3034 donatio-

160 3045 208 3073 nis
235 3043 317 3072 inter
343 3040 495 3080 conjuges
521 3038 655 3071 vetitael
689 3049 766 3070 unic.
795 3042 826 3072 C.
855 3043 888 3074 Si
903 3045 950 3074 dos
967 3054 1030 3074 con-

152 3081 252 3123 stante
268 3082 394 3112 matrim.
405 3081 460 3120 sol.
471 3081 553 3121 fuer.
597 3079 673 3112 Noti
691 3086 796 3111 tamen
815 3082 859 3113 est
884 3084 945 3115 hoc
967 3085 1030 3117 line

160 3124 360 3163 exceptione.
399 3122 514 3154 Paulus
532 3128 621 3153 certe
636 3123 654 3153 l.
670 3131 719 3162 73.
743 3120 770 3163 §.
788 3131 828 3153 '1.
855 3123 895 3154 D.
919 3127 1025 3167 dejur.

159 3167 218 3196 dot.
242 3163 282 3195 fic
299 3162 420 3194 scribit:
445 3162 602 3194 Manente
624 3163 845 3201 matrimonio,
868 3173 932 3195 non
957 3176 1027 3204 pes-

159 3207 271 3238 diturae
289 3204 376 3235 uxori
395 3204 438 3235 ob
456 3204 510 3235 has
533 3203 637 3236 causas
654 3206 713 3237 dos
737 3203 824 3235 reddi
842 3205 970 3245 potest:
993 3215 1027 3238 ut

155 3247 188 3280 se
204 3247 341 3287 suosque
355 3245 443 3284 alat3
467 3253 501 3278 ut
522 3244 659 3279 fundum
682 3246 836 3279 idoneum
860 3253 962 3282 emat;
992 3255 1027 3279 ut

1076 2632 1106 2663 in
1126 2633 1275 2670 exilium,
1301 2641 1334 2665 ut
1350 2632 1379 2663 iri
1403 2632 1533 2665 insulam
1557 2633 1697 2675 relegato
1720 2639 1843 2677 parenti
1867 2649 1946 2680 prae-

1078 2673 1136 2704 stet
1155 2673 1322 2713 alimonia3
1346 2681 1399 2705 aut
1423 2682 1457 2705 ut
1474 2684 1622 2716 egentem
1648 2678 1769 2717 virum,
1793 2680 1944 2720 frati-em,

1078 2714 1262 2746 sororemve
1277 2714 1431 2746 sustineat.
1455 2725 1569 2756 praeter
1586 2716 1641 2749 has
1656 2719 1762 2750 causas
1777 2721 1821 2752 est
1839 2722 1867 2753 ὅ(
1885 2724 1944 2755 alia

1077 2757 1159 2796 apud
1184 2756 1359 2788 Scaevolam
1385 2756 1404 2787 l.
1421 2757 1476 2788 ult.
1500 2759 1546 2789 D.
1563 2761 1622 2791 eod.
1640 2761 1685 2791 tit.
1727 2759 1824 2795 Dotis
1846 2763 1943 2804 igitur

1077 2797 1227 2839 repetitio
1251 2796 1429 2837 solutioque
1452 2800 1635 2840 regulariter
1655 2801 1692 2832 fit
1716 2801 1816 2834 soluto
1840 2807 1945 2837 matri·

1076 2838 1185 2870 monio
1237 2838 1300 2870 Sed
1324 2842 1620 2879 quemadmodum?
1643 2843 1753 2885 accipe
1770 2845 1810 2876 ab
1834 2845 1943 2887 Ulpia-

1075 2890 1118 2912 no
1136 2881 1165 2912 in
1184 2879 1298 2921 Fragm.
1314 2882 1359 2912 tz‘t.
1374 2884 1404 2911 ό.
1427 2881 1455 2922 §.
1473 2887 1500 2916 8.
1525 2885 1567 2914 ita
1594 2883 1719 2915 scribit:
1742 2886 1808 2917 Dos
1824 2887 1854 2926 fi
1873 2896 1942 2928 pon-

1074 2923 1155 2960 dere,
1181 2931 1315 2960 nmnero,
1338 2928 1472 2961 mensura
1493 2926 1689 2963 contineatur,
1711 2926 1814 2959 annua
1829 2952 1838 2966 ‚
1854 2931 1942 2968 bima,

1076 2965 1163 2994 trima
1186 2965 1230 2993 die
1253 2964 1406 3000 reddetur,-
1437 2963 1494 3002 nist
1508 2963 1555 3003 fi,
1584 2971 1616 2996 ut
1635 2968 1756 3007 proelens
1784 2971 1940 3009 reddatur,

1073 3005 1245 3035 converterit.
1274 3005 1389 3046 reliquie
1413 3007 1489 3036 dotes
1514 3005 1618 3046 statim
1642 3009 1812 3040 redduntur.
1864 3011 1942 3043 Hoc

1073 3047 1126 3077 ille
1142 3055 1182 3077 ex
1198 3045 1252 3076 usu
1270 3045 1311 3077 sui
1328 3046 1490 3085 temporis.
1514 3048 1565 3080 sed
1583 3046 1738 3085 mutatum
1763 3060 1778 3082 a
1796 3051 1940 3091 Justinia-

1073 3097 1115 3118 no
1133 3088 1152 3118 2.
1173 3089 1251 3118 unic.
1276 3087 1303 3129 δ.
1329 3096 1357 3127 7.
1382 3088 1414 3119 C.
1429 3090 1462 3119 de
1482 3092 1524 3120 rei
1536 3099 1617 3121 uxor.
1636 3089 1691 3122 αέἶ.
1714 3090 1755 3131 ex
1775 3101 1875 3132 eaque
1894 3096 1939 3126 in-

1072 3129 1247 3169 terpolatus
1270 3138 1287 3159 a
1301 3128 1502 3161 Triboniano
1525 3131 1574 3161 est'
1596 3132 1745 3173 Ulpianus
1761 3130 1789 3163 'l.
1810 3143 1836 3164 1.
1859 3134 1886 3176 §.
1907 3146 1936 3167 2.

1071 3171 1117 3200 D.
1138 3171 1171 3200 cle
1188 3171 1243 3200 dot.
1262 3172 1410 3212 praelegat.
1434 3180 1492 3211 pro
1507 3181 1625 3212 annua,
1655 3174 1752 3212 bima,
1784 3177 1871 3207 trima
1893 3179 1938 3209 die

1069 3211 1168 3251 posita
1183 3221 1284 3242 cmnua
1300 3214 1352 3243 die.

1107 3251 1250 3291 Sequens
1265 3253 1416 3293 inspectio
1432 3254 1509 3291 erit,
1533 3262 1590 3292 per
1606 3262 1701 3293 quem
1718 3254 1773 3288 fiat
1789 3257 1874 3290 dotis
1890 3269 1937 3290 re-

1885 3310 1937 3341 ΡΨ
