2036 3495
503 84 538 122 D
573 97 594 122 Ε

34 177 95 218 ris,
112 185 153 209 ex
170 177 284 218 quibus
300 177 328 208 ei
347 176 452 217 potest
463 182 584 208 tantum
600 175 786 215 adquirere:
804 174 906 215 super·

35 218 79 252 est
98 220 211 259 igitur,
230 228 264 250 ut
280 227 348 250 eam
366 227 485 258 partem
504 227 580 249 vcro
593 217 738 257 adquirat
756 217 906 248 dominor

31 270 86 299 cui
105 260 208 301 potest
226 270 264 291 ex
280 260 428 295 omuibus
448 258 542 291 causis
558 259 733 298 adquirere.
756 258 808 289 Sic
824 257 904 289 Scae-

36 302 110 333 vola
126 303 155 332 in
176 301 265 332 servo
279 310 295 332 a
313 301 437 332 duobus
455 303 537 332 bona
553 298 616 331 fide
634 298 779 340 possess‘o.
806 299 906 330 idern·

33 351 99 383 que
115 341 196 380 effe,
211 341 365 382 Ulpianus
379 343 441 379 ait,
458 342 479 374 fi
495 343 574 373 duos
591 349 752 381 proponas
769 339 906 371 fruCtua-

35 386 118 423 rios,
135 387 164 416 ἃ
181 393 220 415 ex
237 385 365 415 alterius
380 393 413 414 re
425 383 585 423 stipulatus
604 381 641 413 fit
657 383 779 413 lei-vus:
795 390 865 422 quia
882 382 907 413 is

34 425 225 457 fructuarius
241 435 279 456 ex
299 425 383 464 qu'us
399 434 431 456 re
446 425 491 455 est
510 423 672 463 stipulatus
690 422 814 462 servus,
840 432 906 454 non

35 467 68 506 in
87 466 216 498 l'oliduni
234 465 418 497 fructuarius
441 464 504 503 est,
528 464 580 495 sed
597 473 656 505 pro
672 471 772 504 parte.
804 473 869 495 non
885 463 907 494 i-

34 504 122 550 'gitur
147 506 250 548 potest
275 507 302 538 ei
326 516 342 537 a
367 506 457 537 lervo
483 506 603 545 adquiri
627 506 658 536 in
678 505 831 545 solidum,
854 504 907 537 sed

37 559 99 590 pro
114 558 201 590 parte
221 558 281 588 qua
295 546 482 579 fructuarius
499 547 562 579 est:
585 547 684 578 altera
705 555 811 578 autern
837 556 906 587 pars

37 600 102 622 non
121 590 295 630 adquiritur
315 589 402 620 alteri
420 587 611 627 fruetuari03
636 589 727 628 (quia
742 597 847 628 neque
865 597 906 619 ex

36 641 72 664 re
96 632 176 671 ejus,
202 639 307 670 neque
332 639 370 661 ex
396 628 475 661 servi
503 630 609 671 operis
634 630 829 670 adquiritur)
852 628 905 660 sed

37 673 171 704 domino
195 672 420 711 proprietatis:
442 673 492 702 cui
515 671 690 712 adquiritur
708 671 803 702 etiam
820 671 908 710 quod

35 713 210 746 fructuario
220 713 341 752 adquiri
360 713 472 752 nequit
489 714 517 746 d.
535 713 554 743 l.
576 723 624 752 25.
643 712 671 753 §.
688 715 718 742 6.
735 711 776 742 I).
798 713 830 742 cle
844 721 908 751 usu-

28 753 146 796 fruciu.
185 752 279 790 Hoc,
302 752 324 785 fi
348 753 452 789 servus
479 763 517 785 ex
536 754 663 785 alterius
680 753 729 784 vel
748 752 909 784 fructuarii

36 797 88 826 vel
113 796 206 826 bonae
229 794 302 826 fidei
326 794 504 835 possessoris
534 805 567 826 re
587 795 637 826 vel
656 794 838 833 limpliciter
856 794 905 826 vel

35 838 160 877 utrique
178 836 352 876 stipuletur.
399 837 439 867 At
457 836 476 868 fi
495 836 679 869 nominatim
696 835 861 875 stipuletur
878 835 906 870 ej

35 873 124 918 ,cujus
150 887 199 909 res
223 878 287 910 esti
310 880 352 908 ait
374 877 529 918 Ulpianus
549 879 575 908 d.
602 877 653 907 loc.
683 876 820 908 dubitari
843 884 907 907 non

36 921 176 958 debere,
196 919 269 958 quiri
288 919 411 960 adjecto
428 919 557 950 nomine
575 919 603 949 ei
621 917 753 949 solidum
773 923 909 957 quaerat:

36 970 172 1000 nempe,
197 962 267 1001 quia
285 960 313 991 ei
336 961 523 992 nominatim
542 959 704 1000 ltipulatus
723 958 787 997 est,
813 958 843 989 ὅ(
869 967 909 989 ex

36 1012 70 1041 :e
88 1004 172 1041 ejus,
189 1012 228 1032 cx
247 1011 305 1042 qua
324 1004 430 1040 potuit
447 1005 476 1032 ei
493 1002 657 1041 adquirere
674 1012 681 1032 :
698 1000 847 1036 idemque
862 1008 909 1030 es-

34 1043 87 1081 se,
104 1045 133 1074 ὅι
152 1044 170 1073 si
188 1044 252 1083 ejus
267 1042 346 1083 jussu
366 1043 548 1083 stipuletur:
566 1042 637 1083 quia
650 1040 759 1081 jussum
777 1049 835 1081 pro
853 1049 909 1071 no-

39 1085 125 1124 mine
150 1093 331 1124 aceipimus.
365 1085 407 1115 ita
431 1084 593 1122 Scaevoia,
615 1082 636 1113 fi
655 1082 793 1124 Ulpiano
811 1081 909 1113 credi-

38 1135 127 1163 mus,
150 1125 219 1156 libro
234 1127 354 1159 secundo
373 1123 580 1168 Quoestz‘onum.

85 1167 123 1198 At
141 1176 208 1198 eain
227 1166 413 1198 sententiam
431 1165 561 1198 mutaffe
579 1165 754 1197 Scaevolam
772 1164 842 1195 libro
863 1172 908 1204 13.

41 1206 258 1251 Qiueflionum,
281 1215 412 1248 apparet
438 1217 477 1238 ex
502 1207 522 1237 l.
552 1215 599 1241 19.
617 1206 661 1238 D.
679 1208 712 1237 de
722 1203 909 1245 stipulatione

32 1254 203 1291 servorum:
222 1257 315 1288 quam
332 1247 519 1289 descriptam
536 1247 597 1278 effe
613 1256 653 1278 ex
668 1256 709 1277 eo
726 1247 825 1284 libro,
843 1246 909 1285 ejus

39 1290 207 1330 Inscriptio
225 1290 351 1321 indicat.
378 1288 482 1320 Verba
497 1288 567 1319 haec
583 1287 663 1320 sunt.
681 1288 714 1319 Si
729 1287 909 1326 alienus-ser-

39 1341 98 1362 vus
122 1332 230 1361 duobus
254 1332 329 1361 banae
348 1329 577 1370 fideiserviens,
599 1338 636 1361 ex
657 1331 746 1360 unius
769 1338 865 1359 eorum
878 1337 909 1359 re

39 1373 195 1413 adquirat,
219 1373 292 1402 ratio
307 1372 400 1409 facit,
417 1379 448 1401 ut
465 1372 490 1401 ei
505 1380 541 1402 ex
556 1371 640 1411 cujus
659 1379 689 1401 re
704 1367 860 1410 adquzfiit‚
878 1370 909 1401 id

39 1420 131 1445 totum
158 1411 214 1454 [ei]
239 1413 394 1453 adquirat:
410 1411 474 1450 five
497 1415 522 1444 ei
539 1412 611 1450 soli,
630 1410 690 1448 live
705 1410 788 1452 quafi
802 1411 910 1441 duobus

31 1454 158 1496 serviat.
188 1464 256 1484 uam
281 1453 317 1488 ἑὲ)
332 1455 363 1485 in
385 1455 462 1484 veris
480 1454 622 1492 dominis,
646 1454 776 1494 quotiens
792 1453 909 1493 utrique

39 1495 225 1536 adquiritur,
240 1497 341 1526 totiens
345 1500 444 1536 partes
452 1495 580 1536 adquiri.
598 1501 729 1525 caeterum
739 1492 768 1532 fi
784 1493 836 1524 alii
851 1503 910 1524 non

40 1538 235 1578 adquiratur,
258 1536 349 1567 alium
362 1536 481 1571 solidum
497 1537 673 1567 habiturum.
703 1536 797 1576 igitur
813 1535 910 1566 eadem

41 1580 113 1610 ratio
137 1579 189 1608 erit
212 1577 248 1612 ὃ*
273 1579 304 1608 in
318 1575 478 1618 propofito,
500 1583 533 1608 ut
552 1577 596 1607 hic
609 1578 712 1615 servus
729 1576 840 1608 alienus
852 1577 908 1617 -qut'

40 1619 114 1650 mihi
129 1617 165 1653 ἐξ
182 1619 233 1650 tibi
249 1620 321 1650 bona
332 1618 392 1658 fide
401 1619 497 1658 servit
509 1641 518 1657 ‚
535 1617 739 1657 mihistilz'dum
755 1627 791 1649 ex
804 1627 834 1648 re
849 1626 912 1648 mea

42 1661 195 1701 adquirat.-
237 1662 288 1691 uia
310 1661 362 1690 tihi
385 1668 442 1690 non
456 1657 542 1701 potest
559 1659 695 1700 adquiri,
718 1660 787 1700 quia
802 1667 860 1689 non
869 1656 911 1695 fit

34 1711 75 1736 lex
91 1710 118 1731 re
135 1706 196 1733 tua.
218 1671 260 1733 qn
280 1701 326 1732 bis
343 1701 447 1732 verbis
465 1702 655 1740 proponitur
673 1699 778 1732 servus
797 1698 911 1731 servire

41 1743 167 1774 duobus
184 1743 275 1774 bonae
293 1741 367 1773 fidei
385 1740 626 1783 posseismibus,
649 1741 679 1772 ὅτ.
694 1750 734 1772 ex
750 1741 839 1772 unius
857 1749 911 1772 eo-

40 1792 110 1822 rum
129 1792 160 1813 re
181 1783 359 1822 adquirere.
392 1783 559 1822 quaeritur,
583 1789 687 1814 utrum
703 1783 850 1822 utrique,
872 1791 911 1813 an

37 1826 95 1859 ,uni
114 1824 284 1862 adquirat?
309 1824 351 1854 ait
368 1823 532 1860 Scaevola,
555 1824 711 1854 rationem
728 1823 853 1854 facere:
876 1830 912 1854 ut

41 1866 71 1896 ei
90 1874 128 1895 ex
140 1865 225 1904 cujus
237 1875 269 1895 re
280 1863 423 1905 adquifiit
433 1887 442 1904 ,
459 1871 562 1896 toturn
573 1864 735 1905 adquirat:
751 1873 855 1904 neque
865 1874 910 1895 re-

41 1905 146 1940 ferre.
167 1906 229 1937 slve
247 1907 273 1936 ei
292 1907 366 1944 loli,
384 1905 446 1937 five
461 1905 544 1946 quasi
562 1907 684 1936 duobus
702 1904 832 1937 serviat:
848 1905 912 1936 hoc

43 1946 107 1982 est,
134 1956 236 1978 utrum
255 1947 282 1977 ei
312 1947 366 1978 soli
384 1947 433 1978 vel
457 1947 643 1978 nominatim
660 1947 709 1978 vel
727 1947 792 1987 ejus
812 1946 911 1986 juli'u;

41 1996 78 2018 an
97 1987 178 2028 quasi
192 1988 334 2026 duobus,
351 1986 851 2028 hocest,fimpliciteradquiram
868 1988 912 2025 id-

40 2037 102 2068 que
122 2027 224 2059 firmat
241 2036 430 2069 argumento
448 2029 617 2068 desumpto
635 2039 650 2060 a
668 2029 752 2061 vei-is
775 2028 913 2060 dominis

40 2078 176 2109 quorum
195 2071 361 2111 imaginem
377 2069 485 2101 ferunt
510 2070 603 2101 bonae
621 2069 695 2102 fidei
716 2069 912 2110 poffeffores.

41 2111 74 2142 id
98 2120 316 2151 argumentum
334 2112 396 2142 tale
415 2110 478 2142 est:
502 2111 532 2143 Si
552 2112 656 2143 servus
672 2112 806 2143 duorum
824 2120 912 2143 com-

41 2153 143 2184 munis
167 2152 230 2183 hoc
257 2154 341 2194 agit,
365 2159 400 2184 ut
426 2153 552 2193 utrique
570 2152 715 2193 adquirat
731 2153 819 2194 quod
835 2153 910 2184 utri·

43 2202 105 2231 que
122 2194 243 2233 adquiri
262 2193 385 2234 potest3
410 2194 538 2233 utrique
556 2201 661 2234 partes
684 2194 910 2235 adquiruntur:

41 2234 155 2266 sivero
178 2234 212 2265 fit
231 2236 318 2275 quod
342 2236 431 2267 alteri
454 2236 566 2276 nequit
588 2236 729 2275 adquiri3
752 2235 816 2267 hoc
833 2236 912 2267 alter

41 2275 74 2307 in
94 2275 227 2307 solidum
245 2276 360 2309 habet:
377 2275 433 2308 etsi
449 2277 480 2308 id
496 2284 566 2317 agat
583 2276 710 2316 servus,
734 2285 769 2308 ut
786 2277 911 2318 utrique

43 2317 198 2357 adquirat.
224 2317 266 2348 ita
283 2319 312 2348 in
338 2319 422 2349 veris
440 2318 596 2355 dominis,
625 2317 789 2358 ipsumque
814 2319 910 2349 etiarn

43 2358 193 2389 traditum
211 2357 230 2388 l.
244 2368 272 2398 7.
289 2358 307 2400 §
334 2368 358 2389 1.
378 2359 396 2389 l.
413 2368 441 2395 9.
453 2358 495 2389 D.
515 2357 742 2399 (restipulatione
755 2360 912 2396 servorum.

40 2399 58 2430 l.
86 2408 128 2431 12.
147 2397 188 2431 D.
207 2400 239 2431 de
255 2399 577 2437 auctoritateytutorum.
595 2401 681 2432 idem
700 2400 729 2432 in
747 2400 913 2441 proposito

43 2441 101 2472 erit
117 2441 147 2471 in
164 2440 289 2472 duobus
307 2442 398 2472 bonae
417 2440 490 2473 fidei
509 2441 741 2482 poffefforibus.
767 2440 890 2481 prorsus
902 2465 912 2480 ‚

43 2491 77 2511 ut
96 2481 201 2513 servus
221 2483 272 2523 qui
291 2481 368 2514 mihi
388 2483 417 2514 ἃ
436 2482 491 2513 tibi
515 2482 609 2514 servit
627 2484 711 2514 bona
729 2482 810 2521 fide,
834 2482 910 2514 inihi

41 2522 173 2553 solidum
191 2533 229 2554 ex
242 2522 278 2554 're
295 2533 364 2555 mea
379 2525 542 2563 adquirat:
561 2525 632 2564 quia
650 2534 713 2555 non
731 2523 835 2564 potest
853 2524 911 2554 tibi

42 2563 208 2602 adquirere
221 2565 307 2604 quod
326 2575 365 2596 ex
381 2575 413 2596 re
432 2573 484 2596 tua
500 2575 563 2597 non
580 2564 626 2597 fit.
653 2564 747 2597 Unde
760 2573 910 2605 apparet,

39 2605 194 2649 S.CaeV0¹ae
220 2605 407 2637 sententiam
431 2603 501 2637 libro
526 2616 606 2639 >tili
635 2606 856 2651 Quaestionum
880 2616 910 2644 a·

42 2645 115 2675 lium
133 2645 241 2683 fuisse,
266 2656 357 2687 quarn
375 2645 528 2688 Ulpianus
546 2648 574 2679 ei
590 2648 659 2679 libro
678 2657 710 2679 11
729 2647 820 2679 fuisse
841 2646 910 2678 scri-

44 2685 101 2716 bit.
127 2683 266 2724 Eamque
284 2689 491 2719 variationem
509 2688 574 2728 ipse
587 2690 733 2731 indigitat
753 2688 908 2729 Ulpianus

44 2727 93 2772 132
98 2725 153 2767 3.§
174 2736 202 2766 3.
216 2724 254 2772 s).
272 2729 305 2758 de
320 2730 494 2769 adquirendo
508 2739 604 2761 rerum
621 2732 761 2768 dominio,
778 2729 908 2770 sequen-

46 2767 132 2798 tibus
151 2767 264 2798 verbis.
289 2768 321 2798 Si
336 2772 399 2810 quis
411 2771 518 2800 duobus
532 2772 604 2802 bona
616 2770 677 2810 fide
683 2772 819 2811 serviat:
836 2771 910 2802 utri-

42 2817 97 2849 que
121 2808 272 2855 adquirat,
292 2811 339 2847 sed
358 2808 485 2852 singulis
499 2820 535 2842 ex
551 2821 581 2843 re
600 2813 671 2852 sua.
714 2812 801 2856 Quod
816 2818 911 2843 autem

41 2859 80 2880 ex
101 2859 131 2878 re
153 2849 272 2879 alterius
295 2847 351 2889 est,
374 2857 474 2882 utrum
492 2859 542 2890 pro
566 2859 648 2892 parte
663 2854 688 2884 ei
704 2856 752 2885 cui
767 2854 838 2885 bona
850 2852 911 2892 fide

35 2891 152 2932 servit,
174 2897 222 2928 pro
242 2896 322 2930 parte
345 2891 471 2929 domino,
488 2890 517 2928 fi
533 2892 638 2931 servus
656 2893 717 2931 fit3
739 2900 791 2926 aut
801 2892 829 2932 fi
845 2894 912 2924 liber

35 2931 95 2971 fit,
122 2932 147 2960 ez·
166 2930 230 2971 [cui
243 2933 314 2962 bona
325 2931 386 2971 fide
397 2933 492 2970 servit
519 2943 528 2963 .·
550 2942 589 2964 an
613 2943 680 2965 vero
703 2936 729 2966 ei
751 2936 847 2966 debeat
865 2935 913 2965 ad-

41 2974 156 3014 quirere
174 2979 264 3002 iatum
285 2981 321 3003 ex
337 2972 419 3013 cujus
436 2982 466 3002 re
479 2982 492 3002 e
506 2971 536 3010 i,
559 2973 735 3006 videamus?
750 2985 837 3016 quam
850 2975 912 3016 spe-

43 3015 112 3045 ciem
130 3013 256 3044 Scaevala
271 3023 381 3055 quoque
397 3012 503 3044 trastat
520 3014 567 3045 lib.
584 3024 611 3045 2.
636 3014 846 3057 Quaestionum.
870 3017 913 3047 ait

41 3056 134 3086 enim.-
151 3054 179 3092 Ji
195 3054 305 3085 alienus
320 3057 420 3092 servus
436 3055 544 3086 duobus
562 3056 635 3087 bona
646 3057 707 3097 fide
716 3058 851 3096 serviat,
876 3054 913 3091 ἔθ’

44 3104 81 3126 ex
95 3097 182 3126 unius
197 3105 293 3127 eorum
313 3105 342 3126 re
363 3097 516 3137 adquirat;
538 3097 679 3128 rationem
695 3098 815 3136 facere,
836 3102 870 3129 ut
887 3099 912 3129 ei

45 3137 193 3168 duntaxat
207 3138 238 3168 in
254 3136 374 3174 solidum
391 3138 546 3178 adquirat:
556 3138 607 3176 sed
615 3137 774 3180 fiadjiciat
788 3137 852 3181 ejus
860 3148 910 3170 no-

41 3177 284 3252 mqunqalfuj‘us
310 3189 340 3212 re
354 3175 537 3221 stipulatur.-
559 3188 610 3215 nec
625 3180 821 3219 dubitandum
837 3179 909 3224 effe,

655 85 1136 122 Usurnucru
1198 78 1352 122 Luat.

1745 85 1827 127 355².

951 176 1012 213 ait,
1034 175 1106 216 quin
1129 174 1155 205 ei
1167 173 1226 214 soli
1247 172 1428 214 adquiratur.
1451 172 1521 213 quia
1544 170 1581 207 ὅ)
1590 168 1619 210 fi
1632 179 1668 202 ex
1682 179 1711 202 re
1729 168 1830 211 ipsium

949 215 1155 257 stipularbtur,
1170 216 1254 247 altori
1267 224 1304 246 ex
1319 214 1441 245 dominis
1452 214 1622 245 nominatim
1630 210 1817 253 stipulando,

951 258 1102 299 [solidum]
1119 258 1145 287 ei
1160 256 1303 298 adquiret.
1349 255 1390 287 Et
1405 256 1436 286 iu
1452 254 1637 295 inferioribus
1654 253 1819 295 [probat]:

949 305 983 330 ut
1005 300 1139 340 quamvis
1163 308 1220 329 aon
1244 298 1431 335 nominatim,
1454 306 1505 327 nec
1524 295 1606 338 juffu
1628 304 1705 333 meo,
1727 304 1764 326 ex
1787 300 1818 325 re

950 346 1045 371 tamen
1063 337 1292 380 meastipulatus
1301 338 1361 378 fit,
1378 348 1443 369 cum
1458 338 1588 380 pluribus
1604 338 1675 368 bona
1686 335 1747 376 fide
1754 335 1818 375 ser-

949 383 1024 412 viret
1036 391 1046 412 .·
1060 381 1131 412 mihi
1142 382 1196 420 soli
1212 381 1357 422 adquirat.
1375 390 1442 410 riam
1459 379 1495 413 ἐπ”
1512 379 1585 410 illud
1599 385 1742 419 receptum
1755 373 1823 417 ests

949 428 982 454 ut
995 423 1131 464 quoniam
1155 424 1311 453 communis
1317 422 1425 461 servus
1445 421 1574 451 omuibus
1591 421 1738 461 adquirere
1759 426 1827 449 uon·

945 461 1056 504 potefl3
1080 465 1104 494 ei
1111 463 1169 502 sali
1185 473 1249 494 eum
1266 464 1433 503 adquirere,
1454 463 1502 492 cui
1514 459 1613 501 potest.
1637 460 1673 495 δὲ)
1690 461 1740 491 boc
1755 459 1824 499 Ju-·

949 505 1060 536 bianum
1082 514 1192 546 quoque
1207 505 1347 542 scribere,
1360 504 1436 575 {lupe
1452 503 1556 540 retati,
1581 512 1664 543 eoque
1680 502 1742 541 jure
1758 501 1817 531 uti-

948 556 1025 577 mur.
1049 545 1269 586 Depravatum
1287 544 1349 576 esse
1398 544 1491 584 lpiani
1510 544 1617 574 locum
1629 567 1637 579 ,
1655 543 1740 588 recte
1758 541 1826 574 sus·.

949 588 1070 627 picatus
1088 587 1132 618 est
1149 587 1286 626 jacobus
1304 586 1452 626 Cujacius
1469 608 1478 622 ,
1502 584 1541 615 lib
1557 596 1585 623 4.
1604 585 1724 623 Observ.
1743 594 1766 614 c.
1789 591 1817 614 1.

948 628 1001 660 sed
1018 629 1104 669 quod
1123 627 1264 669 Ulpiano
1283 628 1400 659 obtulit
1417 626 1611 664 remedium,
1635 633 1669 656 ut
1687 625 1818 666 quidem

951 669 1027 702 mihi
1046 670 1172 701 videtur
1186 693 1195 708 ‚
1219 678 1285 701 non
1302 668 1443 700 succeffit
1460 677 1500 699 ex
1518 666 1688 698 sententia:
1713 665 1767 697 etsi
1785 665 1819 696 id

951 720 1052 751 usque
1069 712 1150 742 adeo
1166 710 1274 742 laudet
1290 711 1450 742 Antonius
1469 708 1569 740 Faber
1585 709 1632 739 lib.
1643 717 1670 746 4.
1691 706 1815 748 Coujeht.

951 762 975 782 c.
993 755 1039 783 16.
1057 759 1091 783 ut
1108 761 1123 782 a
1142 752 1328 783 Doctiffimo
1344 752 1399 783 illo
1411 751 1488 783 Viro
1505 749 1582 781 nihil
1599 757 1748 789 umquam
1768 757 1820 779 ve-

948 794 1011 824 rius
1037 800 1089 823 aut
1113 793 1288 833 elegantius
1311 793 1514 824 observatum
1538 790 1628 822 fuiss'e
1658 790 1820 830 opinetur.

949 833 1135 865 Nectainen
1155 832 1299 873 inficior,
1315 834 1443 875 egregie
1456 832 1564 864 vidiffe
1583 831 1624 863 D.
1636 831 1797 871 Cujacium
1808 846 1820 868 ,

951 876 1036 906 circa
1053 875 1179 906 initium
1199 876 1225 905 d.
1246 875 1274 916 §.
1297 885 1327 916 3.
1347 885 1424 916 pro,
1448 880 1500 906 aut
1514 872 1536 911 fi
1552 872 1690 912 liberfit‚
1713 873 1737 903 ei
1755 870 1819 912 [cui

952 916 1025 947 bona
1043 914 1104 954 fide
1125 915 1234 956 servit]
1263 925 1302 946 au
1325 926 1391 947 vero
1408 915 1471 947 esse
1489 915 1707 953 scribendum,
1730 910 1830 948 autli-

951 956 1020 987 liber
1029 955 1090 995 sit,
1107 955 1183 994 fibi.-
1205 966 1245 987 an
1262 966 1337 988 vero.
1364 956 1472 989 Unum
1490 956 1598 989 saltem
1615 957 1707 994 dico,
1731 954 1820 995 quod

951 997 1004 1028 ubi
1019 1006 1078 1038 pro
1097 997 1143 1029 liis
1160 996 1284 1036 verbis,
1301 1001 1438 1029 rationem
1447 998 1567 1038 facere,
1584 1004 1617 1029 ut
1634 999 1659 1029 ei
1673 999 1822 1029 duntaxat

952 1038 1116 1078 insolidum
1130 1039 1287 1080 adquirat,
1306 1038 1478 1077 substituit,
1496 1040 1636 1071 rationem
1644 1040 1766 1080 facere,
1786 1041 1820 1068 ut

950 1080 976 1110 ei
992 1081 1140 1111 duntaxat
1151 1084 1264 1121 partem
1278 1081 1435 1122 adquirat,
1453 1090 1555 1121 prope
1572 1080 1634 1119 est,
1659 1089 1693 1111 ut
1710 1077 1822 1121 procul

952 1130 1030 1152 vero
1047 1120 1102 1160 fit3
1125 1122 1285 1162 longeque
1311 1122 1402 1154 aliam
1420 1122 1450 1154 ‹St
1466 1120 1606 1161 Ulpiano
1624 1122 1653 1153 δι
1668 1120 1822 1153 Scaevoiae

952 1161 1020 1193 fieri
1037 1163 1226 1194 medicinam
1244 1170 1404 1202 oporteat.
1431 1163 1519 1203 quod
1537 1164 1619 1193 enim
1638 1172 1743 1203 neque
1760 1161 1825 1193 Cu-

949 1203 1045 1243 jacius
1068 1204 1310 1242 animadvertit,
1335 1213 1440 1244 neque
1457 1204 1552 1240 alius,
1576 1202 1689 1235 desunt
1705 1203 1822 1241 verba,

952 1244 983 1274 Sz
995 1243 1076 1286 juffa
1096 1245 1156 1285 ejus
1166 1242 1334 1285 stipuletur.
1368 1244 1471 1276 insere
1489 1245 1518 1276 δι
1535 1245 1616 1284 iege.
1649 1245 1746 1287 Quam
1757 1245 1824 1284 spe-

951 1287 1021 1324 tiem
1035 1286 1162 1317 Scaevola
1177 1295 1286 1328 quoque
1305 1285 1413 1319 trabiat
1434 1287 1482 1317 lib.
1503 1295 1530 1318 2.
1546 1284 1755 1327 Quaeftzouum.
1781 1286 1824 1316 ait

951 1330 1047 1365 euim,
1063 1327 1093 1365 si
1115 1329 1226 1359 alienus
1231 1328 1339 1368 servus
1355 1329 1463 1360 duobus
1479 1329 1551 1359 bona
1563 1326 1624 1367 fide
1632 1328 1763 1368 firmat,
1785 1325 1822 1360 &²

951 1378 987 1398 ex
1011 1370 1101 1400 unius
1124 1379 1220 1401 eorum
1249 1379 1279 1401 re
1301 1371 1463 1411 adquirat3
1486 1371 1624 1400 rationem
1632 1369 1733 1408 facere
1750 1374 1783 1399 ut
1800 1368 1825 1399 ei

952 1412 1099 1442 duntaxat
1115 1411 1281 1451 insolidum
1299 1413 1458 1453 adquirat,
1480 1411 1501 1443 fi
1515 1410 1594 1451 juss'u
1611 1412 1676 1452 ejus
1700 1410 1827 1450 stipule⁴

953 1458 1021 1483 tur:
1036 1452 1090 1491 sed
1105 1450 1128 1486 li
1143 1453 1263 1494 adjiciat
1286 1454 1350 1494 ejur
1366 1461 1484 1492 nomen,
1507 1462 1543 1484 ex
1560 1451 1643 1493 cujus
1660 1461 1690 1483 re
1698 1449 1824 1492 stipula-

951 1497 999 1523 tur
1011 1515 1020 1532 ‚
1037 1502 1088 1524 uec
1097 1494 1289 1525 dubitandum
1304 1493 1355 1534 affe
1369 1495 1430 1532 ait,
1448 1495 1519 1535 quin
1535 1493 1561 1523 ei
1567 1494 1626 1533 soli
1642 1495 1839 1534 adquiratur..

952 1532 1005 1564 Sic
1023 1543 1063 1564 ex
1078 1535 1259 1575 conjectura
1284 1533 1425 1576 supplevi
1443 1535 1570 1565 locum:
1593 1533 1613 1565 fi
1631 1534 1765 1565 dicenda
1780 1533 1826 1566 est

954 1574 1138 1615 conjectura
1153 1577 1191 1607 ad
1208 1585 1301 1614 quam
1313 1577 1402 1607 ducit
1419 1575 1522 1608 sensus
1536 1575 1638 1607 clarus
1658 1575 1687 1606 δι
1705 1581 1826 1607 certus.

953 1616 979 1647 is
1005 1616 1106 1648 sensus
1124 1616 1189 1655 est,
1212 1616 1391 1649 Scaevolam
1410 1617 1493 1649 velle
1507 1617 1711 1657 librosecundo
1738 1615 1831 1658 Quat«

946 1656 1093 1698 suonam,
1112 1658 1244 1690 Servum
1263 1659 1316 1700 qui
1333 1668 1349 1690 a
1368 1658 1492 1691 duobus
1509 1658 1593 1690 bona
1609 1657 1674 1689 fide
1689 1658 1830 1699 poffide-

957 1706 1024 1738 tur,
1048 1700 1076 1730 ei
1095 1709 1136 1732 ex
1153 1700 1240 1740 cujus
1260 1710 1294 1732 re
1309 1700 1491 1741 stipulatur,
1511 1699 1644 1732 solidum
1662 1708 1824 1740 quaerere:

955 1738 1009 1771 sed
1027 1748 1092 1772 tum
1108 1742 1289 1780 dumtaxat,
1305 1741 1327 1773 fi
1343 1750 1396 1773 aut
1409 1740 1488 1782 iuffu
1505 1742 1587 1781 ejus,
1604 1748 1658 1772 aut
1673 1741 1702 1772 ei
1722 1743 1827 1774 norni-

956 1783 1075 1820 natim,
1096 1781 1281 1822 stipuletur:
1305 1792 1371 1815 non
1395 1783 1512 1822 etiam,
1535 1782 1556 1815 ss
1572 1782 1755 1823 fimpliciter
1773 1781 1833 1816 stis?

956 1822 1084 1862 puletur
1108 1832 1148 1854 ex
1174 1832 1207 1854 re
1229 1824 1367 1855 alterius.
1400 1825 1489 1864 quod
1513 1823 1559 1856 est
1574 1824 1830 1859 consentaneum,

955 1863 1016 1894 illis
1036 1872 1106 1904 quae
1121 1874 1162 1895 ex
1181 1865 1301 1899 eodem
1314 1864 1396 1897 libro
1413 1864 1553 1897 secundo
1569 1864 1720 1897 Scaevolae
1736 1864 1826 1905 supra

954 1904 1060 1936 attulit
1082 1904 1236 1946 Ulpianus
1259 1908 1287 1937 d.
1310 1906 1330 1936 l.
1357 1916 1406 1946 25.
1435 1907 1463 1948 §.
1482 1910 1513 1939 6.
1530 1906 1572 1938 D.
1593 1907 1626 1938 de
1648 1905 1837 1947 usufruffluz'

955 1947 1110 1991 convenit
1120 1956 1248 1987 quoque
1262 1946 1388 1987 Ulpiani
1401 1949 1506 1979 verbis
1523 1947 1636 1988 quibus
1646 1949 1742 1988 paulo
1754 1948 1826 1989 post

957 1996 988 2018 m
1011 1988 1039 2018 d.
1062 1987 1090 2028 §.
1111 1998 1138 2029 3.
1165 1988 1249 2029 1.,23.
1276 1998 1392 2024 novam
1412 1989 1441 2020 ἀ
1465 1988 1616 2029 superiori
1634 1990 1829 2025 contrariam

955 2028 1107 2059 Scaevolae
1133 2028 1319 2061 sententiani
1345 2040 1385 2061 ex
1411 2031 1475 2070 ejus
1497 2031 1579 2062 libro
1602 2039 1681 2063 X111
1708 2031 1824 2064 tradit:

956 2078 1026 2109 quae
1040 2070 1135 2101 verba
1148 2070 1225 2102 sunt.
1251 2071 1292 2101 Et
1308 2072 1530 2111 irzinserz‘oribus
1538 2072 1659 2112 probat,
1676 2077 1711 2103 ut
1725 2082 1827 2114 quam-

955 2112 1001 2142 vis
1016 2120 1072 2141 non
1090 2113 1276 2150 nominatim,
1293 2121 1343 2142 nec
1358 2112 1441 2153 juffu
1456 2122 1531 2152 meo,
1550 2122 1587 2144 ex
1605 2122 1634 2143 re
1649 2119 1744 2145 tamen
1763 2124 1825 2147 mea

947 2149 1107 2192 stipulatus
1119 2152 1170 2190 sit.
1189 2152 1252 2186 &a
1296 2153 1358 2185 Sed
1382 2156 1422 2185 de
1445 2154 1492 2185 his
1510 2153 1615 2186 verbis
1631 2155 1725 2194 paulo
1741 2155 1824 2196 post.

955 2194 1081 2224 interim
1105 2194 1313 2225 examinanda
1334 2199 1416 2226 ratio
1443 2194 1488 2227 est
1510 2204 1571 2235 qua
1602 2195 1826 2230 definitionem

954 2244 1024 2307 iquae
1040 2235 1106 2266 libri
1120 2236 1244 2274 secundi
1259 2234 1322 2273 est,
1345 2235 1488 2268 Scaevoia
1507 2236 1536 2268 ὃ(
1553 2245 1593 2268 ex
1609 2245 1649 2268 eo
1666 2235 1824 2278 Ulpianus

980 2283 1059 2307 rniat
1080 2278 1107 2307 d.
1134 2276 1162 2317 §.
1187 2286 1215 2316 3.
1240 2286 1276 2319 esa
1297 2276 1380 2308 ratio
1406 2278 1454 2308 his
1472 2277 1537 2318 eius
1555 2277 1662 2309 verbis
1677 2280 1825 2312 contine·

957 2325 1029 2361 tur..
1063 2316 1143 2360 Quia
1160 2317 1195 2352 δέ’
1213 2316 1236 2353 si
1253 2326 1289 2349 ex
1308 2327 1337 2349 re
1353 2317 1442 2360 ipsius
1456 2316 1668 2360 stipular-etur,
1692 2320 1775 2351 alteri
1788 2329 1825 2353 ex

955 2359 1077 2389 daunais
1094 2360 1262 2391 nominatim
1268 2357 1437 2400 stipulando
1448 2383 1456 2398 ‚
1481 2359 1648 2401 [solidum]
1674 2362 1699 2392 ei
1716 2362 1822 2402 adqui-

955 2407 1008 2430 ret.
1040 2399 1085 2430 lta
1100 2399 1201 2432 solent
1219 2399 1289 2431 haec
1303 2401 1399 2432 verba
1416 2401 1609 2442 interpungi.
1635 2401 1687 2433 sed
1704 2404 1822 2437 malim.

957 2441 1039 2485 Quia
1051 2439 1087 2475 {92
1100 2439 1124 2477 li
1139 2450 1175 2473 ex
1189 2451 1218 2473 re
1228 2440 1517 2482 ipsiusflipularetur
1531 2443 1614 2474 alteri
1628 2451 1665 2475 ex
1681 2444 1803 2476 dominis
1813 2469 1823 2485 ‚

954 2482 1124 2513 nominatim
1143 2481 1307 2524 stipulando
1316 2482 1444 2522 fhlidunz
1464 2484 1489 2514 ei
1511 2484 1649 2525 adquiret.
1693 2484 1824 2527 Sensus,

954 2523 1033 2554 niliil
1050 2523 1162 2555 mirum
1177 2523 1257 2562 effe,
1270 2523 1339 2554 haec
1355 2525 1385 2555 in
1404 2525 1497 2555 bonae
1513 2523 1587 2556 fidei
1604 2524 1825 2564 poffess'oribus

954 2574 971 2595 a
988 2564 1133 2596 Scaevola
1157 2565 1255 2605 recipi
1281 2565 1349 2595 libro
1371 2565 1491 2602 secundo
1509 2565 1726 2609 Quaeflionun23
1749 2578 1823 2602 cum

953 2606 1066 2637 eadem
1091 2606 1238 2646 placeant
1261 2606 1291 2636 in
1310 2606 1390 2638 veris
1413 2607 1560 2640 dominis.
1589 2617 1662 2640 nam
1680 2608 1701 2641 fi
1717 2609 1823 2643 servus

954 2648 1090 2679 duorum
1116 2647 1316 2685 communi8‚
1339 2648 1527 2682 nominatim·
1547 2650 1599 2681 uni
1622 2659 1664 2682 ex
1680 2660 1714 2683 re
1729 2652 1824 2692 ipsius

953 2688 1146 2728 stipuletur,
1177 2689 1205 2719 ei
1232 2687 1365 2720 solidum
1390 2689 1536 2730 adquirit.
1561 2700 1753 2732 quamquam
1769 2716 1779 2731 ‚
1800 2693 1822 2725 si

952 2728 1134 2768 fimpliciter
1155 2728 1322 2770 stipuletur
1345 2739 1384 2761 ex
1408 2740 1442 2762 re
1458 2732 1583 2764 alterius
1598 2733 1801 2766 dominorum
1813 2757 1824 2773 ,

953 2770 1161 2801 nihilominus
1177 2779 1348 2802 commune
1365 2771 1396 2804 id
1420 2772 1496 2804 erit:
1518 2782 1553 2805 ut
1570 2772 1669 2814 Gajus
1686 2775 1785 2807 refert
1799 2775 1821 2807 l.

953 2821 1003 2850 45.
1021 2808 1063 2842 D.
1083 2812 1116 2841 de
1130 2812 1302 2853 adquirendo
1317 2822 1413 2845 reram
1429 2815 1569 2854 dominio,
1588 2815 1625 2850 &⁹
1640 2817 1659 2847 l.
1680 2821 1724 2850 18.
1742 2816 1770 2857 §.
1792 2824 1819 2847 1.

955 2852 997 2883 D.
1022 2853 1055 2883 de
1065 2849 1254 2891 stipulatione
1270 2853 1427 2890 servorum.
1471 2855 1523 2888 Sic
1539 2856 1647 2889 sedisse
1667 2856 1820 2888 Scaevoiae

954 2893 1024 2924 libro
1038 2893 1161 2929 secando
1179 2892 1375 2938 Qcaefiionum
1392 2919 1402 2934 ,
1426 2894 1582 2938 Ulpianus
1597 2899 1640 2929 ait
1658 2899 1684 2929 d.
1703 2898 1722 2938 §
1753 2906 1780 2937 3.
1797 2897 1820 2929 l.

955 2944 1004 2975 23.
1022 2933 1073 2965 sed
1092 2935 1199 2974 addit,
1227 2945 1298 2968 eum
1322 2936 1404 2969 hanc
1427 2937 1614 2971 sententiam
1639 2937 1768 2969 mutasse
1787 2939 1821 2970 iu

955 2973 1154 3014 inferioribus;
1179 2984 1253 3016 puta
1276 2977 1381 3011 libris:
1403 2979 1435 3011 id
1460 2979 1524 3019 est,
1547 2980 1615 3011 libro
1631 2987 1709 3010 XIII
1730 2977 1822 3020 Qua-

948 3014 1089 3056 flionum.
1114 3017 1209 3049 verba
1227 3018 1295 3050 haec
1309 3018 1390 3051 sunt.
1433 3020 1474 3051 Et
1491 3022 1523 3052 in
1538 3020 1721 3060 inferioribus
1738 3020 1820 3063 [pro-

955 3057 1047 3099 hat].·
1067 3063 1100 3090 ut
1120 3061 1254 3100 quamvis
1268 3070 1325 3092 non
1340 3061 1530 3099 nominatim,
1551 3070 1603 3091 net·
1615 3059 1694 3100 juffu
1708 3071 1766 3092 meo
1780 3070 1818 3095 ex

954 3108 983 3130 re
1008 3105 1101 3131 tamen
1123 3110 1184 3132 mea
1190 3098 1351 3142 stipulatus
1365 3100 1426 3141 fit,
1449 3101 1659 3142 cumpluribus
1674 3103 1745 3134 bona
1757 3101 1819 3143 fide

945 3141 1095 3180 serviret:
1125 3142 1195 3173 mihi
1207 3143 1266 3183 soli
1291 3145 1436 3184 adquirat.
1469 3142 1620 3183 Ulpianus
1643 3141 1818 3184 fignificat„

953 3176 1219 3255 Scaevolauglribro
1235 3194 1314 3225 X1i1
1332 3192 1453 3219 mutare
1468 3182 1654 3217 sententiam
1665 3192 1757 3225 quam
1774 3193 1822 3231 te-

1161 3233 1181 3264 y
1203 3234 1222 3258 a
1749 3233 1818 3258 riui:
