2036 3495
165 160 239 209 346
588 151 622 187 G
651 159 672 186 i:
703 156 727 184 tt
757 157 779 186 a
808 156 831 182 it
864 157 889 185 i»
920 155 935 183 t
997 145 1039 182 N

174 251 230 281 dus
247 247 310 288 effet
321 268 330 283 ,
346 247 487 286 quantum
504 240 672 277 deberetur,
694 237 764 278 quid
774 237 911 278 proderat
926 236 957 267 in
979 244 1038 267 rem

174 290 250 323 aetio
262 311 271 323 ,
295 295 360 318 cum
374 284 411 318 ὅ)
433 285 463 313 in
476 283 625 322 perfimam
647 279 754 320 agendo
772 280 846 309 idem
860 277 1037 317 confiquere·

170 337 221 364 tur
255 324 330 361 Feci
347 323 509 356 tenebras:
530 318 613 362 petis
637 320 753 352 lucem.
776 320 837 350 erit
852 317 1034 350 manifesta:

174 373 195 405 si
210 380 227 403 a
243 366 408 401 Marciano
425 362 507 394 dieta
522 352 675 394 haetenus
692 360 814 401 adjuris
828 357 1035 392 subtilitatem

173 414 356 451 exigamus:
378 404 429 436 sed
439 405 479 435 ab
494 404 634 445 Ulpiano
649 403 763 434 tradita
778 402 877 443 magis
893 399 1036 432 humani-

174 452 247 485 tatis
255 445 317 481 effe
334 443 567 478 existimemus:
584 444 718 484 eamque
739 440 1036 488 tandemaMarci'a-

170 500 215 528 no
232 496 323 531 aeque
346 486 484 526 probari.
507 485 598 518 Ubi?
617 485 649 516 in
675 486 704 516 d.
728 484 747 515 l.
773 488 819 515 16.
836 483 865 525 §.
881 486 912 514 6.
930 483 1037 514 verbis

174 530 395 571 mouentibus:
418 528 452 559 Si
464 528 557 569 pluris
573 527 777 558 condemnatus
793 523 834 563 fit
850 525 957 554 debitor
978 533 1036 555 non

171 571 344 617 restituendo
359 571 488 612 pignus,
510 577 599 609 quam
623 568 794 607 computatio
802 567 891 607 sortis
905 564 941 599 ὅ)
965 567 1033 605 usu-

171 620 271 648 rarum
277 613 406 654 faciebat
416 635 425 650 ‚
440 620 480 642 an
489 609 518 649 fi
541 614 657 640 tantum
664 608 786 647 solverit
796 629 805 645 ,
828 611 971 647 quantum
985 607 1032 637 de.

169 658 250 690 bebat
260 679 270 695 ,
291 658 459 686 exoneretur
471 648 648 693 hypotheca?
657 649 732 690 quod
745 657 794 689 ego
809 653 953 694 quantam
967 648 1032 689 qui·

168 700 233 731 dem
256 697 294 729 ad
309 693 502 734 subtilitatem
526 692 594 732 legis
616 689 653 724 &²
668 688 869 720 auftoritatem
888 690 1033 726 sententiat

169 748 228 772 non
239 737 343 780 probo:
357 734 444 776 semel
457 734 532 765 enim
547 731 632 771 causa
650 728 772 767 transire
786 732 904 768 videtur
916 731 954 760 ad
968 739 1032 760 con-

169 780 396 815 demnationem,
412 772 449 810 ἐς*
462 775 528 806 inde
540 771 667 814 pecunia
683 771 785 802 deberi.
808 771 863 802 Sed
877 771 1034 802 humanius

168 819 227 863 est,
257 828 314 852 non
337 817 459 858 amplius
487 824 552 846 eum
567 835 577 852 ,
607 821 696 855 quam
717 813 794 853 quod
814 821 916 842 revera
935 813 1032 856 debet,

169 863 265 895 dando
283 858 465 901 hypothecam
480 856 609 887 liberare.
634 852 679 884 Ut
696 860 731 885 ut
746 852 811 885 hoc
828 853 977 894 accipere
994 859 1032 897 ti-

167 904 201 936 bi
219 903 360 944 placeat:
375 898 501 929 interim
519 902 626 928 manet
641 895 766 926 certum
783 894 871 935 quod
894 898 968 937 ante
985 893 1030 939 di-

165 945 218 983 iti,
240 942 301 975 ess'e
319 939 436 980 Judicis
458 936 618 975 officium,
639 936 777 976 probato
798 944 816 965 a
831 935 970 980 petitore
987 943 1033 974 pi-

165 994 267 1027 gnore
278 981 411 1024 ,iubere
423 1002 432 1019 ,
449 980 479 1011 id
498 978 543 1011 illi
561 988 578 1009 a
595 972 768 1018 poffess'ore
785 976 917 1008 restitui.
932 974 1030 1007 Nune

164 1027 298 1064 addam,
317 1029 334 1055 a
351 1021 519 1053 Marciano
529 1021 556 1051 d.
572 1019 594 1051 l.
608 1021 654 1050 16.
665 1017 694 1060 §.
712 1027 742 1057 4.
758 1017 824 1049 hoc
837 1016 908 1057 plus
923 1015 1030 1048 obser-

42 1055 44 1058 v
108 1084 111 1085 ⁷
165 1067 231 1099 vari
248 1089 257 1105 ‚
293 1064 445 1098 Interdum
467 1062 555 1093 etiam
578 1061 611 1091 de
617 1058 768 1100 fructibus
783 1059 923 1090 arbitrari
938 1058 1034 1089 debere

163 1109 313 1150 Judicem.
330 1105 409 1148 Quo
425 1102 546 1135 modo?
558 1101 740 1133 Marcianus
748 1099 791 1132 fic
805 1098 863 1131 ait:
882 1098 928 1130 Ut
935 1108 970 1130 ex
980 1107 1033 1140 qao

164 1152 201 1183 lis
216 1148 349 1180 inchoata
351 1145 392 1185 fit
402 1168 411 1183 ‚
432 1147 467 1176 eit
478 1153 507 1175 eo
523 1148 643 1184 ternpore
650 1143 737 1172 etiam
744 1139 897 1181 frufflibus
907 1142 1033 1171 condem-

165 1196 223 1223 net.
242 1189 331 1221 Tum
343 1185 484 1219 causatur
495 1194 501 1216 :
512 1184 593 1228 Quid
601 1183 676 1214 enim
679 1181 707 1221 fi
715 1183 833 1214 minoris
837 1181 878 1220 fit
883 1182 1035 1222 praedium,

167 1241 255 1275 quam
266 1232 382 1262 debetur
391 1227 408 1259 Ρ
426 1227 462 1262 &³
471 1227 589 1258 deinde.-
612 1224 696 1256 Nam
706 1224 740 1255 de
754 1223 984 1255 antecedentibus
991 1222 1036 1252 ni-

171 1274 213 1305 hil
226 1270 313 1314 potest
325 1269 539 1313 pronunciare3
556 1265 611 1302 nili
624 1271 723 1297 extent
738 1288 749 1304 ,
779 1263 816 1299 &²
838 1273 880 1295 res
901 1272 958 1295 non
965 1263 1033 1303 suf-

156 1316 443 1390 fimlttitelleximus,
468 1350 627 1383 actionem
651 1344 1032 1392 hypothecariam-credi·

162 1397 226 1430 tori
243 1397 282 1427 ad
301 1392 528 1435 adquirendam
544 1389 595 1421 vel
620 1388 868 1429 recuperandam
893 1392 1034 1432 pignoris

163 1437 384 1481 possefliouem
401 1430 550 1466 Praetoris
577 1430 776 1461 humanitate
794 1428 959 1469 indulgeri.
983 1427 1035 1459 Ari

214 1475 337 1512 ssidenti
361 1475 458 1507 etiam
480 1471 633 1511 exceptio
658 1469 871 1507 concedatur,
895 1468 1036 1509 quaeris‘?

167 1523 209 1553 de
224 1520 284 1552 hac
301 1516 369 1549 filet
384 1515 521 1552 Praetor,
538 1520 610 1543 cum
626 1510 785 1542 actionem
802 1512 969 1550 promittat
984 1519 1038 1550 pa-

167 1563 243 1594 lam.
272 1558 335 1590 Sed
358 1555 438 1588 milii
463 1555 590 1586 videtur
619 1560 679 1591 pro
704 1552 899 1592 exceptione
924 1551 1037 1596 eadem

167 1603 249 1636 stare
274 1598 406 1639 aequitas
422 1605 483 1638 qua
501 1592 661 1636 propolita
685 1601 702 1623 a
730 1592 872 1624 l'raetorc
887 1592 966 1623 aetio
980 1591 1036 1624 est.

166 1648 323 1687 praeterea
346 1647 444 1670 teneo
466 1636 640 1673 memoria,
658 1634 743 1674 quod
762 1633 817 1664 sub
833 1633 969 1679 actionis
985 1641 1040 1672 ap-

167 1683 345 1727 penatione
363 1680 393 1711 &
409 1678 484 1711 alibi
500 1676 650 1717 exceptio
667 1674 962 1716 comprehenditur.
984 1675 1042 1705 ob·

167 1722 304 1760 servavit
333 1720 397 1753 hoc
428 1720 581 1760 Ulpianus
602 1718 622 1748 l.
648 1720 696 1751 28.
715 1716 744 1757 §.
769 1725 797 1756 5.
825 1714 865 1747 D.
888 1715 940 1747 Ex
964 1715 1042 1757 quib.

167 1766 250 1808 eous.
273 1763 377 1805 major.
393 1761 536 1794 similiter
558 1761 590 1790 in
621 1757 640 1788 l.
666 1761 733 1798 15⁶·
756 1756 786 1798 §.
807 1764 832 1802 ς.
855 1756 898 1788 D.
923 1757 957 1788 de
979 1765 1041 1802 reg.

163 1811 229 1854 5¹⁴⁷·
246 1802 418 1877 (ffl‘iste’xi'i
435 1796 1045 1885 ¹?‘3‘pf‘‘3¹⁰b‘yffp‘2322i3iiffpgfiiii

167 1850 346 1931 fgisst‘ici'ne
363 1851 611 1925 utriusque³10ci
628 1880 837 1922 intelligitur)
860 1861 960 1918 dic’it‚
986 1879 1044 1910 eut

167 1936 274 1967 damus
295 1927 454 1966 actionem,
485 1925 573 1957 eidem
590 1922 628 1958 ἑὸ)
658 1922 849 1963 exceptionem
870 1927 1044 1967 competere,

165 1973 259 2010 multo
275 1969 367 2012 magis
381 1968 446 2011 quis
459 1966 575 1998 dixerit.
597 1964 660 1996 Sed
674 1964 751 2004 quid
768 1962 902 1995 haereo‘?
918 1962 1048 1994 admiffa

167 2016 211 2050 ab
224 2012 370 2054 Ulpiano
383 2012 416 2042 in
431 2006 594 2050 propofito
607 2005 671 2037 fine
688 2003 1048 2051 scrupulo‘exceptione

167 2057 204 2092 'in
234 2055 254 2088 l.
274 2063 321 2087 10.
335 2050 379 2084 D.
396 2051 430 2082 de
440 2049 584 2091 pignorib.
607 2046 706 2088 quid,
727 2045 750 2078 fi
764 2045 907 2093 creditor
932 2046 1046 2086 pignus

169 2107 239 2135 non
255 2095 320 2128 alio
335 2091 400 2125 fine
422 2090 640 2133 persequitur,
652 2096 758 2133 ‘quam
775 2093 811 2119 ut
827 2095 894 2127 ejus
910 2086 1049 2127 poffeffi·

168 2138 226 2175 oni
247 2133 434 2172 incumbat,
456 2131 563 2164 donec
586 2129 731 2162 debitum
760 2128 790 2160 ei
806 2127 966 2167 solvatur,
996 2130 1050 2160 aut‘

196 2189 233 2214 ro
251 2186 292 2211 eo
303 2171 458 2209 satisfiat?
481 2172 549 2213 Jam
574 2180 676 2211 ver0‚·
696 2179 738 2202 ne
760 2169 873 2202 sterilis
892 2179 928 2201 ea
945 2179 996 2202 res
1012 2166 1050 2201 fit

172 2218 333 2259 debitori,
352 2214 496 2249 creditor
511 2214 544 2245 in
558 2212 578 2244 l.
602 2217 652 2253 2²3.
675 2213 704 2243 d.
718 2215 739 2243 t.
754 2212 851 2256 etiam
869 2211 954 2242 locat
972 2214 1050 2251 prae'-

174 2264 227 2298 dia
267 2268 322 2294 aut
340 2255 463 2291 fruetus
487 2254 648 2296 percipit;
670 2252 726 2284 etfi
750 2252 825 2284 sorti
843 2253 1052 2297 imputandos

172 2305 194 2338 ³.
204 2286 275 2339 1.’&'
283 2313 313 2336 2.
322 2300 356 2333 C.
365 2300 398 2331 de
400 2299 486 2340 pigri.
495 2295 553 2328 aet.
563 2294 618 2327 nifi
627 2293 712 2326 faeta
720 2294 844 2326 dicatur
853 2293 1050 2332 antichrelis,

174 2346 209 2380 id
224 2344 288 2384 est,
309 2344 439 2376 mutuus
455 2337 598 2380 pignoris
615 2334 697 2368 usus.
721 2344 793 2367 uam
811 2335 876 2366 hoc
893 2334 966 2366 casu
984 2334 1049 2366 fru-

176 2386 246 2421 ctus
265 2386 299 2418 in
322 2383 430 2416 usuras
455 2378 614 2422 percipit,
638 2383 693 2409 aut
721 2376 882 2416 locando,
904 2381 959 2408 aut
982 2374 1048 2417 ipse

174 2425 412 2504 i'e‘cipiend‘ib
431 2416 1050 2501 {finditffatiisttuzz‘izb‘ffi

175 2467 356 2549 ἁιῗιξιῖιξιέἶ.
367 2487 447 2539 licut
461 2469 694 2540 repsgmeretur,
716 2501 837 2543 majore
852 2509 928 2533 cura
943 2499 1050 2533 osten-

178 2549 212 2590 di
226 2550 278 2583 lib.
295 2558 324 2580 2.
338 2547 384 2579 De
394 2547 504 2586 foenore
519 2544 556 2580 δ’
571 2544 668 2583 usuris
683 2553 708 2576 c.
723 2551 754 2580 9.
898 2583 904 2589 ι
1024 2582 1031 2587 .

219 2588 389 2630 Postquam
404 2590 443 2620 de
468 2586 594 2619 actione
617 2584 850 2626 hypothecaria
874 2583 1050 2624 disputavi:

180 2632 341 2674 sequitur,
355 2636 392 2659 ut
407 2637 446 2660 ne
459 2629 500 2660 de
517 2628 583 2668 ejus
606 2627 736 2668 quidem
753 2625 944 2657 venditione
960 2625 1051 2671 quid:

206 2683 280 2709 uam
294 2668 492 2704 indiscuss'um
508 2669 705 2709 relinquam:
720 2667 895 2699 admodum
912 2665 1048 2697 notabili

180 2687 218 2752 ἒ
241 2710 418 2749 necess'ario
439 2708 504 2740 hoc
526 2708 686 2750 adquific‘ae
708 2706 908 2750 poss‘effionis
938 2706 1048 2745 exitu,

182 2767 221 2794 ut
246 2750 400 2789 creditori
430 2750 557 2781 taudem
579 2751 676 2783 liceat
693 2772 704 2789 ,
735 2749 886 2782 debitore
909 2746 1050 2780 cessante

181 2796 308 2835 solvere
329 2799 385 2826 aut
406 2789 602 2829 satisfacere,
624 2792 740 2834 pignus
757 2791 898 2824 vendere
915 2811 927 2828 ,
953 2789 986 2821 ἀ
1009 2796 1051 2821 ex

183 2841 292 2886 pretio
316 2836 357 2867 ad
381 2831 468 2865 suum
492 2833 666 2873 pervenire.
705 2832 751 2865 est
774 2841 853 2864 vero
878 2832 944 2863 hoc
967 2830 1050 2863 adeo

184 2881 353 2954 milium
374 2881 501 2949 ἓὲἑῗέῑ
516 2872 739 2945 ‘bitiae‘
763 2873 981 2947 {inmitia
996 2879 1053 2945 ”dit

208 2923 580 3002 ar'a‘iiligsf³i'inetur1¹.)⁸}.§.
600 2962 628 2985 1.
651 2951 693 2984 D.
709 2938 745 3002 ἀρ’
760 2958 792 2996 pi
812 2956 903 2988 norib.
926 2954 961 3003 ὃς
974 2964 992 2986 e
1006 2955 1053 3001 di3

186 3005 281 3040 verso
307 3010 375 3035 rem
396 3008 437 3031 ex
458 2996 552 3040 paCto
573 2995 614 3027 de
636 3002 675 3027 ea
704 2994 795 3027 (Μὴ-3
820 2998 901 3030 enda
955 3004 1055 3038 ignori

188 3048 365 3088 obligatam
382 3040 465 3079 ess’e,
482 3036 635 3080 conjiciat
655 3035 676 3067 l.
691 3043 723 3076 3.
737 3035 774 3081 ς..
785 3038 836 3070 ult.
856 3040 904 3071 D.
952 3039 984 3069 ai
994 3042 1055 3080 pot.

191 3092 225 3124 tn
258 3089 317 3128 ign.
344 3081 401 3116 Est
424 3088 533 3116 autem
554 3079 618 3110 hoc
633 3077 681 3118 ius
693 3077 899 3116 aequiffimum
917 3080 1059 3120 Uipiano

191 3130 293 3162 vium
312 3148 322 3164 ‚
352 3124 444 3166 paeto
488 3122 573 3154 inter
602 3119 782 3163 debitor-em
813 3118 844 3148 δι
867 3121 1061 3153 creditorem

193 3171 235 3206 de
248 3166 424 3201 vendendo
446 3163 585 3206 viguere
605 3161 708 3201 palam
727 3158 917 3199 interpofito
942 3162 994 3192 vel
1020 3163 1060 3193 ab

194 3211 290 3246 initio
303 3206 354 3238 vel
371 3205 497 3246 postea:
520 3203 605 3236 nulla
622 3203 717 3244 plane
732 3196 932 3240 differentia,
955 3208 1062 3233 utrum

192 3252 261 3300 ipse
273 3248 423 3288 dominus
432 3268 444 3288 2
456 3256 497 3283 aa
506 3245 650 3283 creditor
666 3244 732 3286 ejus
746 3242 913 3280 volu-atate
925 3264 938 3285 ,
951 3242 1067 3286 pignus
1107 3242 1339 3288 permittimus,

1070 153 1253 182 oon-r
1310 146 1519 183 Coun.

1078 233 1196 278 vendat
1213 235 1242 267 ἀ
1259 237 1359 268 tradat
1376 236 1395 267 l.
1413 245 1443 276 4.
1464 235 1501 268 D;
1520 235 1554 267 de
1564 232 1646 276 pign.
1669 234 1726 267 att.
1752 233 1869 268 Verum
1888 234 1946 276 pd-

1077 284 1119 308 ne
1130 299 1140 314 ‚
1159 275 1340 318 (impliciter
1358 278 1466 310 datum
1481 276 1544 310 ess'e
1559 277 1691 318 pignus,
1707 277 1786 309 &de
1804 278 1942 319 vendens

1077 319 1120 348 do
1137 316 1214 349 nihil
1229 326 1437 352 conventum.
1460 316 1524 351 Hic
1545 326 1642 358 puto,
1655 318 1833 360 dubitatum
1851 317 1941 350 fuiffe

1079 368 1096 389 a
1112 358 1317 398 quibusdam:
1340 359 1392 392 sed
1417 358 1612 401 praevaluiffe
1637 360 1823 401 sententiam
1838 358 1941 390 existi-

1080 400 1253 439 mantium,
1267 400 1370 433 adhue
1386 401 1453 433 tum
1464 402 1560 434 licere
1576 401 1724 432 creditori
1750 398 1941 439 distrahere;

1079 439 1100 472 fi
1119 441 1219 471 modo
1236 450 1299 473 non
1310 442 1483 480 convenit,
1499 451 1538 474 ne
1557 442 1658 483 liceat.
1676 441 1940 482 idqueindigitari

1079 481 1118 512 ab
1145 481 1282 522 Ulpiano
1308 484 1337 515 d.
1359 483 1379 514 l⁴
1401 493 1429 523 4.
1451 493 1523 515 cum
1549 485 1621 525 ait,
1635 476 1699 514 hoc
1723 492 1781 526 nos
1793 482 1862 522 jure
1877 482 1941 513 uti:

1078 522 1110 554 id
1126 522 1190 561 est,
1207 522 1276 562 post
1290 523 1407 563 aliquas
1416 525 1743 556 variationestandein
1752 523 1944 562 obtinuisse,

1077 572 1111 594 ut
1138 564 1281 595 vendere
1304 564 1398 595 liceat
1420 564 1502 605 quali
1522 571 1562 597 ex
1579 568 1677 597 tacito
1694 565 1796 606 paCto.
1819 563 1942 607 Quam-

1076 613 1169 647 quam
1192 613 1257 636 non
1282 605 1376 644 alias,
1399 613 1493 646 quam
1516 605 1536 637 fi
1552 607 1690 638 creditor
1710 607 1850 638 debitori
1866 614 1942 637 ante

1075 652 1124 677 ter
1148 645 1367 683 denunciavit,
1390 653 1425 677 ut
1449 646 1567 685 solvat,
1593 648 1623 679 &
1646 646 1683 679 li't
1706 647 1867 679 cess‘atum.
1889 645 1945 679 Ne

1076 687 1211 727 ambige.
1228 688 1270 718 ita
1281 686 1392 717 definit
1403 686 1514 718 Paulus
1523 687 1570 717 lib.
1586 686 1750 720 2.Sentent.
1765 691 1811 721 tit.
1830 700 1857 730 5.
1871 687 1902 730 §.
1914 686 1945 720 i.

1077 726 1166 759 hisce
1177 727 1295 759 verbis:
1309 727 1438 758 Creditor
1438 724 1468 766 fi
1476 726 1642 767 fimplicz’ter
1651 727 1707 765 fibi
1713 731 1820 771 pignus
1834 728 1940 769 depofi-

1077 777 1139 800 tum
1158 766 1313 809 distrahere
1326 768 1415 807 velit,
1438 775 1480 809 ter
1497 774 1564 800 ante
1578 768 1747 801 denuntiare
1760 772 1878 803 debitori
1890 772 1943 808 [ῑιῠ

1077 810 1155 841 debet
1172 832 1181 848 ‚
1215 815 1249 841 ut
1268 811 1378 851 pignus
1400 810 1475 848 litat,
1508 813 1543 840 ne
1565 814 1584 841 a
1600 810 1633 851 se
1655 809 1842 851 distrahatur.
1866 811 1942 843 Hoc

1077 850 1201 883 Paulus.
1218 860 1277 883 nec
1296 852 1359 883 alio
1378 850 1510 883 'consilio
1527 850 1656 891 putasse„
1676 851 1803 882 videtur
1820 852 1944 891 Javole-

1074 901 1131 923 nus
1148 893 1167 924 l.
1194 901 1243 934 73.
1273 892 1314 923 D.
1339 893 1372 923 de
1387 892 1471 933 furt.
1489 890 1627 930 alioquin
1646 892 1722 938 furti
1741 892 1842 924 teneri
1856 902 1942 926 eum.

1073 932 1143 973 Ego
1160 942 1200 965 ne
1217 933 1256 964 ad
1272 933 1334 964 hoc
1350 933 1477 974 quidem
1497 932 1670 966 subsistam:
1690 932 1775 965 ide'm
1795 929 1947 974 praeterea'

1073 972 1270 1013 existimans,
1302 975 1322 1006 fl
1348 975 1522 1013 convenit3
1546 984 1587 1015 ne
1612 972 1798 1007 distrahatur
1821 976 1946 1015 pignus.

1077 1023 1150 1048 nam
1167 1016 1197 1047 &
1214 1020 1280 1046 tum
1299 1016 1457 1055 creditor,
1473 1011 1495 1048 fi
1513 1014 1708 1056 distraxerit,
1730 1010 1807 1047 furti
1826 1016 1947 1056 obliga-

1078 1060 1148 1090 tur:
1165 1056 1218 1088 nisi
1237 1057 1375 1089 debitori
1391 1066 1464 1089 ante
1485 1067 1533 1089 ter
1557 1055 1818 1096 denunciaverit,
1835 1065 1870 1088 ut
1887 1056 1948 1088 sol-

1077 1104 1148 1136 vat,
1172 1098 1202 1129 &
1224 1097 1400 1131 ceffaverit.
1425 1097 1577 1131 Siccine?
1608 1099 1658 1130 vel
1683 1098 1745 1130 huc
1770 1099 1950 1131 deventum'.

1077 1139 1141 1170 effe
1151 1161 1160 1178 ‚
1170 1138 1380 1171 confiteturd.
1389 1140 1408 1170 l.
1417 1150 1445 1180 4.
1460 1139 1610 1181 Ulpianus
1619 1151 1628 1179 ,¹
1638 1141 1667 1171 <St
1678 1139 1862 1181 suffragatur
1873 1139 1952 1171 Pau·

1076 1180 1125 1212 lus
1141 1182 1168 1211 d.
1186 1180 1235 1211 lib.
1254 1190 1281 1212 2.
1295 1183 1424 1213 sentent.
1445 1183 1490 1213 tit.
1511 1190 1556 1222 13.
1575 1178 1603 1223 §
1615 1192 1644 1221 5.
1663 1181 1769 1213 Verba
1787 1180 1942 1213 PaulitSi

1076 1222 1152 1252 inter
1167 1222 1330 1253 creditorem
1348 1221 1385 1256 ἐπ”
1397 1223 1544 1264 debitorem
1559 1224 1742 1260 convenerit,
1759 1228 1792 1254 nt
1807 1222 1947 1262 fiduciam

1072 1258 1127 1300 libi
1142 1264 1263 1293 vendere
1277 1273 1334 1293 non
1357 1265 1459 1302 liceat,
1482 1273 1539 1295 non
1553 1264 1679 1303 solvente
1693 1265 1834 1303 debitore,
1856 1265 1948 1296 credi-

1076 1303 1120 1347 tor
1136 1304 1307 1335 denuntiare
1330 1306 1356 1336 ei
1365 1305 1520 1344 folennt'ter
1537 1303 1711 1346 (veriffime
1730 1303 1837 1345 forte,
1859 1305 1947 1346 inge-

1076 1344 1246 1377 niofisfirne
1261 1348 1367 1384 certe,
1393 1347 1424 1376 in
1443 1345 1538 1377 Notis
1566 1347 1608 1377 ita
1624 1347 1760 1381 restituit
1775 1346 1948 1378 Eruditiffio'

1077 1395 1146 1418 mus
1162 1388 1252 1417 meus
1262 1386 1393 1428 Collega
1404 1386 1434 1417 ἃ
1446 1386 1611 1429 Cognatus
1622 1410 1632 1425 ,
1647 1386 1690 1418 D.
1708 1384 1946 1428 schultingius‚

1070 1427 1184 1469 solenni
1200 1426 1303 1466 TER,
1326 1427 1357 1458 ἃ
1373 1426 1524 1468 exponit,
1539 1428 1690 1464 solenniter
1704 1429 1765 1468 ter)
1779 1428 1885 1469 potest,
1908 1428 1947 1462 ἐξ

1077 1466 1242 1509 distrahere.
1264 1477 1315 1498 nec
1332 1469 1408 1499 enim
1429 1474 1466 1499 ex
1487 1468 1540 1510 tali
1555 1471 1740 1500 conventione
1756 1469 1949 1510 fiduciaeaetio'

1077 1509 1158 1548 nasci
1170 1507 1266 1548 potest.
1281 1509 1396 1550 Attigit
1422 1509 1490 1540 haec
1514 1508 1787 1549 aliquandoet'iam
1813 1511 1950 1542 Ranchi-

1078 1560 1138 1582 nus
1157 1548 1201 1580 V.
1216 1549 1276 1580 CL.
1290 1550 1335 1580 lib.
1346 1560 1376 1590 3.
1389 1550 1460 1581 Var.
1472 1549 1534 1582 ieet.
1559 1560 1583 1581 c.
1597 1551 1644 1589 14.
1659 1546 1790 1582 Utinam
1813 1553 1953 1583 addidis-

1081 1591 1146 1629 set,
1169 1590 1263 1622 &hic
1278 1591 1308 1622 ὅ(
1325 1591 1395 1628 ilie,
1420 1591 1518 1631 (utile
1542 1592 1625 1624 enim
1649 1601 1715 1623 erat
1726 1591 1814 1633 sciri)
1829 1602 1883 1623 cur
1895 1592 1953 1623 Ul-

1085 1633 1194 1673 pianus
1209 1631 1267 1662 d.l.
1284 1641 1314 1671 4.
1341 1633 1371 1663 in
1388 1631 1452 1663 sola
1469 1630 1628 1673 postrema
1645 1632 1749 1673 specie
1769 1633 1954 1665 meminerit

1086 1674 1176 1704 trinae
1192 1672 1469 1713 denunciationis,
1491 1683 1509 1704 a
1521 1674 1681 1706 creditore
1698 1668 1873 1713 faciendae3
1888 1675 1955 1707 noti

1084 1723 1175 1755 aeque
1190 1713 1221 1745 iii
1238 1715 1458 1754 praecedente:
1479 1724 1553 1747 cum
1567 1714 1705 1747 Veteres
1723 1716 1806 1748 illam
1824 1718 1855 1748 in
1872 1724 1956 1747 utra-

1086 1765 1149 1797 que
1164 1758 1329 1796 exegerint
1344 1757 1456 1795 palam.
1479 1755 1557 1788 Hoc
1573 1757 1669 1798 igitur
1685 1758 1956 1796 quemadmodum

1085 1797 1124 1829 ad
1145 1800 1268 1829 certum
1293 1797 1515 1829 adducendum
1538 1797 1595 1837 fit,
1618 1798 1764 1840 cogitent
1790 1798 1852 1831 alii.
1875 1799 1958 1831 Mea.

1086 1837 1220 1879 suspicio
1244 1838 1308 1877 est,
1335 1837 1474 1881 Ulpiano
1497 1838 1589 1871 fuiss'e
1611 1840 1801 1883 negotium,-
1820 1840 1958 1873 alterum

1086 1879 1245 1922 extricare
1269 1879 1373 1912 casum
1398 1881 1438 1912 de
1456 1887 1523 1920 quo
1546 1881 1646 1921 magis
1668 1888 1797 1921 poterat
1819 1882 1959 1923 ambigit

1088 1921 1222 1952 alterum
1249 1921 1280 1953 in
1299 1929 1365 1962 quo
1387 1922 1491 1954 minor
1512 1922 1580 1953 erat
1596 1921 1773 1961 dubitatio,
1796 1922 1960 1965 praeterire

1089 1968 1252 2003 tamquam
1276 1963 1494 2002 explicatione
1515 1964 1617 1995 minus
1642 1964 1802 2004 egentem.
1829 1964 1961 2005 expedi-

1089 2003 1154 2036 tior
1175 2011 1243 2035 erat
1265 2004 1415 2036 tractatus
1432 2027 1442 2044 ,
1466 2005 1599 2046 pignore
1610 2003 1794 2046 {impliciter
1811 2003 1936 2042 tradito
1947 2015 1961 2044 3

1089 2053 1184 2085 quam
1208 2044 1264 2077 sub
1292 2055 1327 2077 ea
1350 2046 1439 2088 lege,
1469 2048 1511 2077 ne
1540 2044 1772 2080 distraheretur.
1803 2044 1866 2079 Sed
1890 2045 1965 2079 talia.

1090 2086 1188 2118 etiam
1205 2086 1279 2118 alibi
1298 2087 1465 2119 observavi
1480 2086 1528 2119 lib.
1549 2096 1574 2118 1.
1591 2087 1733 2119 Probabit.
1749 2089 1775 2119 c.
1796 2091 1825 2128 ς.

1130 2126 1309 2160 Constituta
1318 2128 1469 2161 creditori
1477 2127 1519 2160 fic
1528 2127 1669 2170 pignoris
1677 2129 1867 2162 venditione
1875 2153 1884 2169 ,
1895 2134 1964 2163 nort

1092 2166 1138 2201 est
1154 2169 1262 2209 ,quod
1271 2177 1419 2210 putemus
1435 2192 1445 2207 ,
1463 2169 1597 2201 debitori
1613 2171 1694 2202 ultra
1710 2170 1871 2211 permitti,
1891 2180 1964 2204 eam

1091 2209 1142 2242 sua
1159 2211 1407 2244 denunciatione
1429 2210 1600 2251 impedire:
1623 2211 1687 2252 live
1710 2213 1837 2254 integro
1856 2213 1962 2245 adbuc
2015 2214 2021 2217 “

1093 2250 1222 2284 debito:
1237 2250 1302 2283 sive
1311 2261 1384 2284 cum
1393 2253 1424 2284 in
1435 2253 1546 2285 debito
1557 2252 1676 2292 aliquid
1686 2276 1696 2291 ,
1714 2254 1769 2285 vel
1778 2253 1962 2293 modicum,

1091 2293 1132 2325 de
1149 2291 1233 2324 sorte
1247 2301 1300 2325 aut
1316 2294 1411 2326 usuris
1428 2293 1622 2334 perseveret.
1637 2294 1735 2326 habet
1752 2295 1837 2327 enim
1857 2296 1962 2326 credi-

1091 2342 1162 2372 tor,
1187 2335 1339 2375 quamdiu
1363 2340 1562 2367 numeratum
1590 2335 1618 2367 ei
1641 2344 1707 2367 non
1732 2335 1777 2367 est
1801 2335 1960 2376 integrum

1090 2375 1255 2414 debitum,
1277 2376 1396 2408 etiamli
1412 2377 1444 2408 id
1461 2385 1518 2417 pro
1533 2377 1650 2417 maiore
1664 2380 1755 2418 parte
1771 2378 1961 2408 consecutus

1092 2416 1148 2456 fit,
1170 2416 1361 2450 distrahendi
1380 2418 1522 2460 pignoris
1543 2418 1730 2455 facultatem
1751 2418 1770 2448 l.
1795 2428 1823 2450 2.
1847 2417 1880 2448 C.
1900 2417 1961 2448 De-

1092 2458 1144 2490 bit.
1158 2458 1271 2490 vendit.
1283 2459 1368 2500 pigri.
1383 2460 1484 2500 imped.
1495 2468 1551 2490 non
1562 2458 1632 2500 poff.
1646 2459 1666 2490 l.
1683 2462 1714 2490 60
1733 2458 1766 2489 C.
1783 2460 1817 2490 de
1831 2456 1961 2499 distroii‘.

1089 2500 1174 2542 pigri.
1192 2499 1253 2531 hac
1270 2500 1353 2532 clara
1370 2502 1513 2532 ratione:
1531 2501 1618 2539 quod
1634 2498 1765 2531 indivisa
1781 2499 1826 2531 est
1844 2501 1959 2541 pigno·

1093 2542 1135 2574 ris
1151 2540 1241 2572 causa
1258 2540 1276 2572 l.
1292 2545 1343 2582 65.
1362 2541 1401 2572 D.
1414 2542 1448 2572 de
1462 2540 1548 2572 evin.
1567 2533 1716 2572 universis
1730 2541 1797 2580 ejus
1814 2541 1959 2581 partibus

1092 2589 1151 2656 gro
1167 2583 1294 2621 integro
1312 2581 1424 2614 debito
1442 2581 1598 2622 obligatis.
1621 2580 1720 2613 Usum
1738 2591 1819 2623 vero
1835 2583 1959 2614 invenie

1116 2632 1163 2655 aec
1187 2622 1333 2655 definitio
1348 2646 1359 2661 ‚
1389 2632 1454 2654 non
1480 2621 1578 2653 solum
1603 2623 1679 2654 vivo
1701 2623 1850 2655 debitore
1866 2646 1877 2664 ,
1907 2623 1963 2655 sed

1092 2671 1222 2697 mortuo
1237 2673 1384 2704 quoque,
1408 2663 1438 2695 ἃ
1452 2662 1592 2704 pluribus
1615 2664 1654 2695 ab
1680 2673 1722 2696 eo
1740 2665 1855 2696 relicus
1872 2664 1964 2696 liere-

1092 2706 1204 2739 dibus:
1242 2706 1326 2737 inter
1358 2713 1439 2744 quos
1478 2704 1692 2744 personalibus
1719 2705 1896 2737 actionibus
1920 2712 1964 2738 ex

1091 2747 1181 2788 Lege
1196 2745 1379 2778 Duodecim
1399 2744 1594 2778 Tabularum
1610 2746 1676 2787 ipso
1690 2747 1761 2789 J'ure
1778 2745 1901 2785 divitis,
1917 2747 1966 2778 ni-

1092 2787 1264 2821 hilomiuus
1272 2787 1402 2829 pignora
1411 2810 1419 2824 ‚
1430 2791 1590 2828 tamquam
1601 2797 1664 2820 rem
1673 2811 1683 2827 ,
1697 2797 1761 2819 uon
1779 2787 1940 2828 personam
1952 2802 1967 2827 d

1093 2829 1274 2870 sequentia,
1299 2829 1331 2859 in
1349 2826 1481 2860 solidum
1508 2835 1638 2861 manent
1660 2830 1803 2861 obnoxia
1830 2830 1850 2861 l.
1872 2837 1900 2861 2.
1928 2829 1965 2862 C.

1094 2871 1129 2904 Si
1136 2880 1213 2902 unus
1221 2869 1368 2910 expiarit.
1378 2869 1472 2901 bered.
1484 2871 1557 2901 cred.
1569 2870 1606 2904 δ’
1613 2872 1697 2902 debit.
1717 2869 1791 2902 Huc
1810 2869 1918 2902 ferunt
1934 2870 1966 2902 se

1095 2912 1319 2946 Diocletianus
1338 2910 1368 2942 ὃ(
1384 2909 1598 2943 Maximianus
1622 2912 1642 2942 l.
1669 2915 1716 2943 16.
1742 2911 1774 2942 C.
1788 2913 1823 2942 de
1837 2909 1966 2951 distrahi.

1092 2955 1176 2996 pigri.
1195 2952 1335 2994 Sylvano
1359 2952 1484 2984 cuidam
1502 2952 1545 2984 fic
1569 2952 1798 2985 rescribentes:
1825 2951 1914 2984 Unus
1929 2954 1967 2983 επ

1097 2995 1197 3028 multis
1222 2993 1356 3025 debitoris
1376 2994 1428 3034 qui
1446 2994 1573 3035 pignora
1594 2995 1774 3031 tradiderat,
1802 2994 1966 3031 heredibus,

1100 3036 1174 3080 quod
1197 3036 1233 3067 ab
1253 3044 1283 3066 eo
1302 3033 1446 3076 peifinali
1467 3034 1577 3067 anione
1594 3036 1655 3076 peti
1678 3035 1795 3076 potuit,
1810 3033 1969 3076 solvendo,

1101 3087 1147 3111 res
1175 3077 1317 3119 obligatas
1343 3073 1519 3116 distrahendi
1555 3077 1689 3109 creditori
1710 3075 1886 3118 facultatem
1911 3082 1971 3106 non

1103 3119 1217 3152 adimit.

1148 3158 1225 3193 Non
1241 3158 1340 3201 magis
1356 3164 1489 3200 oportet
1507 3156 1563 3191 hic
1579 3157 1677 3191 sileri:
1701 3156 1789 3199 quod
1819 3156 1975 3190 creditori

1105 3201 1264 3234 facientes
1292 3201 1341 3240 jus
1372 3201 1532 3233 vendendi
1557 3201 1696 3240 pignoris
1712 3221 1722 3237 ,
1752 3198 1817 3239 ejus
1839 3198 1974 3230 arbitrio

1360 3241 1505 3287 pluribus
1518 3241 1613 3276 rebus
1626 3238 1775 3282 obligatis
1798 3239 1980 3315 quiffisgjz

1899 3287 1916 3311 a
1949 3288 1979 3312 ιε
