2036 3495
369 109 434 143 An
462 108 546 143 Lm.
576 106 640 143 IV.
676 104 774 139 Trr.
803 102 866 138 Vi.
903 103 957 140 Ex
973 105 1079 151 quibus
1092 101 1189 148 cazfis
1206 104 1334 149 majores
1349 102 1466 149 viginti
1483 98 1550 142 &a

57 200 213 236 decedere
239 198 278 231 de
293 199 387 234 loeo.
412 198 456 229 ob
472 203 592 229 metum
608 192 737 236 poenae‘?
762 199 852 238 putat
869 192 924 234 igi-

56 253 104 276 tur
127 241 301 282 Ulpianus,
326 239 463 271 deficere
488 238 616 279 quidem
640 235 738 267 verba
760 243 866 274 priniae
892 236 922 266 ὗε

54 284 199 317 secundae
216 284 310 322 partis
331 280 454 319 Edisti,
476 279 528 311 sed
550 287 614 310 non
634 276 774 309 deficere
791 285 920 321 genera-

51 328 115 359 lem
133 324 318 362 clausulam,
335 321 444 360 Itemfi
458 331 517 363 qua
532 319 671 351 mihialici
684 315 765 364 justa
779 321 865 355 crium
880 326 920 348 es-

46 371 81 410 se
104 368 257 399 videbitur.
289 365 441 405 proinde,
464 363 586 403 inquit,
610 361 640 392 &
664 361 865 404 restituetur,
891 358 921 390 ὃς

53 408 200 441 adversus
225 415 297 438 eum
322 404 511 437 restituetur.
563 402 707 442 Longius
732 411 781 432 res
802 401 920 432 abiret:

52 451 75 483 fi
100 457 275 490 exequerer
299 448 415 478 omnia.
441 445 509 477 sunt
527 445 611 476 enim
631 443 752 483 plural.
775 446 823 473 26.
845 442 872 483 §.
895 450 919 472 1.

52 493 82 524 ὅ(
103 492 175 523 alibi
193 490 246 521 sub
270 489 333 520 hoc
355 487 487 525 'l‘itulo,
510 486 588 517 item
606 485 624 515 l.
649 494 673 516 1.
693 484 722 526 §.
739 493 770 521 9.
788 483 827 514 D.
847 487 880 514 tle
897 484 920 513 i-

53 534 108 565 zin.
127 532 183 564 αὲῑ.
195 533 275 573 priv.
291 528 367 561 Nori
380 529 476 560 silebo
493 535 616 565 tamen,
634 528 723 567 quod
742 526 819 556 solet
837 534 920 565 quae-

51 576 100 613 ri,
122 575 151 605 {St
169 574 278 604 anxie:
301 580 338 601 an
361 570 424 600 huc
441 569 599 609 pertineat
618 568 747 609 querela
765 567 920 604 dicentis,

49 615 81 648 se
105 624 171 646 rem
197 613 277 646 suam
300 611 538 653 praescriptione
557 611 690 647 decem,
714 609 841 649 viginti,
866 615 919 651 aut

51 658 178 698 triginta
194 679 204 694 ‚
226 663 379 685 annorum
402 651 531 684 amisisse
553 650 709 692 probabili
735 660 841 681 errore
869 651 919 680 scu

46 700 126 740 Justa
142 698 325 738 ignorantia.
346 694 423 727 Hoc
438 704 455 725 a
468 695 573 727 multis
591 694 702 725 seculis
718 691 806 736 sedet
823 691 920 721 lntcr-

51 739 192 781 precibus
210 737 370 777 plerisque
390 737 493 777 magni
512 736 657 766 nominis.
690 743 721 765 at
738 733 813 764 milii
833 733 919 778 ᾗίἀε-

50 790 101 813 tur
115 790 132 811 a
149 780 272 810 ratione
288 779 361 817 juris
374 779 467 818 plane
483 778 631 809 alienum.
656 776 794 807 Primum
812 782 853 803 ait
869 772 920 812 Ju-

48 822 198 855 stinianus
224 821 255 851 in
274 820 337 851 fine
353 820 371 851 l.
394 821 446 851 ult.
467 819 499 850 C.
518 821 550 849 cle
562 818 721 859 praescript.
741 816 816 856 long.
836 820 920 854 temp.

48 862 321 905 praescriptionem
340 862 425 902 longi
451 861 605 901 temporis
621 859 815 902 procedere,
837 856 922 901 nulla

49 904 176 936 scientia
192 904 243 935 vel
262 903 438 944 ignorantia
456 901 675 942 exspectanda.
711 908 741 930 at
758 897 778 930 si
797 907 826 928 in
844 905 921 928 inte-

48 955 139 988 grum
157 945 316 977 restitutio
333 944 478 976 adversus
497 952 566 974 eam
585 940 855 983 praescriptionem
872 938 921 970 da-

49 996 137 1020 retur
152 997 193 1019 ex
209 986 297 1017 causa
313 987 518 1028 ignorantiae:
540 984 651 1024 utique
672 984 702 1015 in
722 991 776 1020 ea,
796 989 829 1012 ut
850 988 921 1025 pro-

50 1029 203 1067 cederet,
226 1036 279 1059 aut
303 1027 406 1059 adesse
429 1027 611 1064 scientiam,
632 1033 687 1056 aut
703 1033 768 1069 non
784 1021 886 1053 adesse
900 1030 923 1051 i-

50 1071 250 1112 gnorantiam
269 1076 447 1109 oporteret.
479 1068 632 1105 Accedit,
656 1066 743 1106 quod
762 1065 844 1110 idem
865 1064 921 1094 lm-

50 1119 182 1154 perator
205 1111 224 1142 l.
254 1112 332 1142 unic.
360 1111 393 1142 C.
410 1112 442 1141 de
459 1111 534 1150 usuc.
553 1108 718 1147 transform.
749 1113 809 1151 ait,
832 1103 923 1135 fuisse

52 1150 129 1185 ol’im
145 1153 192 1193 jus
209 1153 348 1192 impletae
367 1151 586 1191 usucapionis,
609 1158 644 1180 ut
663 1148 800 1180 dominis
817 1147 854 1192 ati
875 1154 923 1176 res

51 1194 117 1226 suas
129 1195 230 1226 nullus
246 1194 420 1225 servaretur
436 1191 605 1233 regressus,
622 1189 677 1222 etsi
693 1188 924 1232 nescientibus:

50 1238 201 1275 idemque
219 1235 316 1267 hodie
335 1235 503 1271 custodiri,
521 1232 744 1264 transformata
763 1231 923 1274 usucapio-

52 1287 112 1316 ne,
138 1277 167 1309 δι
184 1277 333 1317 ampliato
353 1275 506 1314 temporis
522 1273 637 1314 spatio.
662 1272 790 1311 Insuper
806 1269 922 1314 consti-

53 1328 144 1351 tuere
168 1318 333 1350 Honorius
358 1317 386 1348 ἃ
408 1314 612 1348 Theodosius
629 1315 648 1344 l.
663 1324 691 1354 3.
710 1313 742 1344 C.
759 1314 792 1343 cle
804 1312 921 1357 proescrj.

52 1361 121 1401 trig.
139 1360 185 1390 vel
201 1361 303 1401 quadr.
323 1368 392 1389 arm.
420 1357 588 1398 longisiirni
613 1355 768 1395 temporis
785 1353 923 1393 praescri-

50 1403 197 1443 ptionem
218 1404 308 1440 (nam
326 1401 366 1431 de
383 1409 418 1430 ea
438 1398 554 1440 agunt)
571 1396 634 1429 fine
652 1395 857 1440 dIstinCtione
872 1403 927 1425 no-

51 1452 126 1474 cere
144 1443 310 1474 omnibus:
328 1441 491 1473 dumtaxat
507 1447 644 1479 excepta
660 1437 803 1479 pupillari
815 1444 926 1480 aetate:

51 1485 95 1516 ita
106 1493 166 1515 nec
183 1484 326 1515 militiam
343 1482 511 1520 excusare,
529 1490 589 1512 nec
598 1480 789 1519 absentiam,
806 1487 865 1510 nec
883 1478 927 1507 se-

53 1535 113 1557 xus
124 1524 335 1565 fragilitatem.
360 1525 412 1565 qui
431 1525 525 1564 igitur
541 1523 704 1554 excusabit
721 1518 925 1563 ignorantia?

55 1565 102 1596 Ut
114 1567 180 1596 haec
192 1568 331 1597 mittam:
349 1567 416 1605 quis
427 1572 569 1605 ignorat,
587 1563 925 1605 usucapionem‚rprae-

55 1606 323 1647 scriptionenique
340 1617 404 1638 non
421 1607 654 1637 esi'einventam
665 1603 813 1636 adversus
827 1604 923 1634 icien-

57 1657 123 1686 tes,
142 1648 192 1679 sed
210 1656 321 1678 contra
337 1647 520 1689 ignorantes
537 1647 813 1685 &imprudentem
829 1644 925 1675 scien-

55 1690 140 1721 tibus
152 1689 181 1721 &
198 1690 446 1728 intelligentibus
461 1697 630 1729 numquam
649 1686 794 1727 pass‘uris,
813 1696 861 1717 res
879 1685 924 1716 su-

57 1741 89 1763 as
107 1731 146 1762 ab
163 1731 228 1762 aliis
246 1731 410 1771 poffideri,
436 1732 463 1762 dt
482 1731 607 1770 usucapi
643 1729 795 1770 proinde,
818 1727 924 1768 siquis

55 1772 220 1811 sustineat,
238 1773 393 1811 ignoranti
410 1771 589 1803 succurrere
605 1770 750 1802 adversus
763 1769 925 1810 usucapio-

57 1824 151 1852 nem,
170 1814 498 1854 praescriptionemve:
522 1814 597 1852 quid
617 1812 756 1843 futurum
776 1812 855 1850 erit3
871 1809 925 1842 nisi

58 1864 94 1887 ut
119 1865 289 1887 enervetur
310 1856 357 1896 jus
382 1855 596 1895 uiucapionis,
623 1852 924 1894 praescriptionisve,

58 1907 174 1937 magno
192 1906 263 1928 cum
281 1897 463 1936 reipublicze
487 1896 700 1927 detrimento:
725 1896 811 1935 cujus
829 1895 924 1925 inter-

57 1938 123 1976 est,
146 1946 231 1969 certa
249 1938 310 1969 esse
329 1948 432 1970 rerum
451 1938 611 1976 dominia,
635 1937 664 1968 <St
680 1936 850 1977 aliquando
867 1935 925 1966 liti-

57 1979 116 2011 bus
133 1979 247 2011 adferri
266 1977 379 2011 finem:
396 1981 536 2020 ideoque
552 1987 811 2018 unumquemque
826 1978 858 2008 in
875 1986 925 2008 res

55 2021 121 2053 suas
143 2021 325 2060 inquirere,
347 2028 402 2052 aut
417 2021 556 2061 alioquin
576 2029 647 2058 eas,
670 2029 735 2051 non
753 2019 855 2051 minus
875 2017 925 2049 sua

57 2062 267 2104 negligentia,
293 2072 385 2102 quam
405 2065 454 2094 sua
473 2063 657 2099 voluntate,
680 2062 837 2093 amittere.
886 2059 926 2092 Ae

58 2105 143 2136 enim
159 2102 204 2135 est
220 2105 373 2145 generalis
392 2103 481 2144 hujus
498 2102 602 2135 Edisti
620 2103 770 2134 clausula:
794 2102 844 2134 sua
859 2102 926 2133 lati-

59 2145 168 2176 tudine
185 2154 246 2176 tam
262 2145 369 2186 justam
391 2146 617 2185 ignorantiam,
634 2153 728 2185 quam
745 2144 854 2185 justam
873 2144 925 2175 ab·

60 2185 191 2217 sentiam
211 2188 397 2225 complexa:
423 2188 486 2227 pari
511 2186 679 2227 praesertim
699 2189 862 2227 utriusque
880 2195 928 2218 ra-

61 2228 161 2259 tione.
207 2227 268 2258 Sed
296 2229 478 2266 videamus,
505 2238 542 2259 ne
564 2230 630 2260 siaec
645 2229 843 2270 comparatio
861 2236 927 2260 non

61 2279 101 2301 ex
118 2279 195 2301 vero
208 2270 302 2300 ducat
318 2270 472 2301 colorem.
498 2279 567 2301 nam
585 2269 744 2302 absentem
763 2271 858 2302 facile
876 2278 930 2301 ex-

60 2310 146 2342 cusat
163 2310 329 2342 necessaria
344 2319 397 2342 aut
416 2311 588 2351 probabilis
603 2311 711 2344 causa:
735 2319 766 2342 at
784 2311 929 2353 ignoran-

59 2353 102 2384 tia
128 2351 333 2392 proficiscens
356 2362 371 2383 a
395 2353 584 2394 negligentia
601 2354 630 2384 in
650 2363 696 2385 res
716 2352 780 2384 suas
800 2362 865 2384 non
883 2353 928 2384 in-

60 2394 215 2433 quirentis
229 2417 238 2431 ,
255 2403 347 2434 quam
366 2404 505 2425 meretur
524 2394 673 2427 veniam?
689 2395 783 2435 plane
799 2394 929 2426 nullam.

59 2434 127 2466 Nisi
143 2444 183 2466 ex
200 2435 217 2466 l.
239 2445 264 2467 1.
284 2435 312 2477 ἓ.
325 2445 345 2471 9
373 2435 412 2467 D.
434 2436 467 2467 de
482 2436 547 2467 itin.
565 2435 619 2467 αὲἶ.
633 2438 715 2478 priv.
732 2436 768 2470 &³
782 2436 801 2468 l.
820 2446 869 2477 35.
890 2435 930 2466 D.

60 2477 181 2515 deserv.
198 2475 397 2517 ruffin-prm.
423 2477 527 2517 potest
554 2478 636 2518 dici,
662 2478 747 2519 quod
772 2477 929 2518 impedito

61 2517 107 2548 uti
125 2516 274 2549 servitute
288 2528 353 2550 non
373 2528 470 2549 currit
489 2518 701 2560 praescriptio:
725 2527 812 2551 certe
830 2528 926 2558 opor-

62 2564 110 2589 tet
118 2567 190 2589 eum
206 2559 325 2590 restitui
341 2570 382 2591 ex
396 2561 532 2601 generali
553 2561 642 2601 hujus
662 2560 764 2592 Ediffi
782 2560 926 2592 clausula.

59 2599 104 2630 At
126 2608 162 2629 ea
184 2599 255 2631 loca
277 2600 450 2640 loquuntur
468 2602 508 2633 de
523 2601 605 2642 justo
628 2603 658 2634 &
681 2602 855 2634 inevitabili
874 2603 928 2632 im-

60 2639 249 2686 pedimento
272 2642 361 2681 quod
378 2651 486 2673 natura
503 2643 643 2676 adferat:
669 2643 803 2684 praesens
822 2651 928 2674 autem

62 2680 194 2726 quaestio
212 2681 256 2713 est
272 2683 312 2713 de
330 2683 505 2723 ignorantia
521 2686 570 2716 cui
588 2685 710 2717 causam
729 2685 863 2725 praebuit
875 2694 927 2715 ne-

63 2723 234 2763 gligentia,
257 2723 410 2763 diligente
432 2725 633 2765 inquisitione
652 2727 827 2765 evitabilis,
852 2726 880 2757 &
897 2725 929 2757 in

61 2764 134 2809 jure
154 2763 243 2804 quod
259 2764 463 2804 vigilantibus
480 2765 641 2806 scribitur,
666 2777 838 2810 numquam
856 2777 928 2805 pro-

63 2804 186 2836 babilis.
224 2803 371 2844 Ejusdem
389 2805 498 2837 farinae
516 2807 577 2839 est:
601 2810 688 2849 quod
705 2819 745 2841 ex
760 2811 780 2841 l.
807 2818 831 2840 1.
851 2808 880 2850 §.
899 2818 928 2839 2.

63 2846 96 2877 C.
111 2846 145 2876 de
153 2846 252 2877 annal.
268 2852 374 2885 excepi.
391 2847 526 2884 dicitur,
541 2857 606 2881 non
622 2851 737 2882 valenti
755 2860 849 2892 agere
867 2858 930 2881 non

63 2896 192 2933 currere
207 2886 488 2928 praescriptionem.
511 2887 593 2922 Nam
611 2900 646 2922 ea
662 2892 715 2923 lex
731 2893 873 2933 loquitur
891 2891 931 2922 de

62 2929 297 2969 impedimento
314 2937 380 2960 non
398 2928 492 2967 fatti,
515 2929 568 2961 sed
589 2931 676 2971 juris.
722 2933 802 2965 Illud
819 2934 871 2964 vix
889 2932 931 2962 di-

59 2979 158 3012 gnum
174 2969 322 3008 refutari,
345 2971 431 3010 quod
449 2970 500 3001 liic
523 2980 674 3011 praeterea
688 2974 820 3015 iactatur
836 2975 875 3006 de
893 2983 932 3003 ce-

60 3012 183 3053 quitate
199 3012 345 3043 adversus
365 3014 500 3053 rigorem
516 3012 595 3051 Juris
614 3014 818 3047 observanda.
855 3014 933 3046 Non

61 3054 145 3085 enim
162 3053 265 3084 bonus
282 3053 441 3093 &sapiens
456 3052 821 3096 jurisconsultus,quam
837 3057 868 3087 in
886 3065 933 3087 re-

62 3095 192 3136 publica
215 3104 368 3126 vocamus
395 3103 577 3134 aeqmtatem
595 3119 604 3134 ,
629 3107 777 3138 umquam
800 3098 934 3129 aestimat

65 3136 308 3176 opportunitate
323 3135 413 3175 huius
424 3144 477 3167 aut
488 3137 567 3168 illius
584 3138 697 3177 privati
710 3139 864 3178 hominis3
881 3138 933 3170 sed

63 3179 226 3209 communi
242 3178 379 3210 civitatis
403 3179 538 3209 utilitate
595 3178 828 3221 Tryphoninus
845 3181 863 3211 l.
883 3189 932 3221 31.

64 3216 108 3259 D.
123 3217 251 3260 Depofiti
266 3219 362 3260 dicit,
377 3229 443 3254 non
459 3229 499 3253 ex
514 3229 604 3254 mero
617 3223 687 3263 jure
701 3223 862 3265 gentium,
877 3221 930 3255 sed

1784 110 1848 141 101

967 202 1008 224 ex
1025 193 1194 233 praeceptis
1210 192 1357 224 civilibus
1375 192 1402 223 ἃ
1422 191 1588 232 praetoriis.
1615 190 1732 223 verum
1746 189 1846 230 justus

966 244 1055 266 error
1075 235 1105 265 in
1124 235 1142 264 l.
1164 243 1192 264 2.
1209 233 1250 265 J).
1265 235 1298 264 de
1314 235 1346 264 in
1364 235 1466 275 integr.
1485 231 1574 274 restit.
1600 239 1780 264 numcratur
1797 234 1843 263 in-

967 284 1015 306 ter
1031 275 1136 306 causas
1153 277 1336 314 petendaein
1349 278 1507 315 integrum
1519 274 1727 307 restitutionis
1765 272 1843 305 Non

964 315 1099 348 inficior.
1125 315 1177 347 sed
1195 318 1218 347 is
1238 317 1334 357 justus
1352 327 1440 348 error
1465 327 1528 348 non
1547 317 1592 348 est
1609 318 1707 357 qualis
1725 315 1844 355 qualis,

964 357 1017 389 sed
1035 361 1086 398 qui
1112 357 1217 398 potest
1241 368 1356 389 merito
1380 360 1495 389 cadere
1521 360 1550 389 in
1577 358 1741 390 hominem
1764 366 1842 387 con-

964 398 1191 430 stantiffimuni.
1215 399 1259 430 eii
1278 400 1343 438 ejus
1361 401 1545 440 exemplum
1562 400 1590 442 ᾗ.
1605 410 1653 442 33.
1668 397 1740 440 vlrisb.
1758 401 1791 430 de
1807 408 1841 429 a·

965 440 1079 472 clionib.
1098 443 1126 471 ot
1144 441 1191 471 iit.
1216 440 1256 471 Ι).
1274 441 1361 485 Qiori
1383 442 1452 480 j'aljss
1471 448 1518 472 int
1548 440 1619 483 gest.
1645 445 1709 472 erit.
1741 439 1843 480 qualis

964 491 1053 514 error
1068 491 1133 513 non
1151 482 1195 513 est
1211 483 1263 514 illc
1281 492 1345 522 quo
1363 484 1402 513 dt:
1419 482 1523 514 nostra
1540 483 1583 514 est
1601 483 1786 523 disputatio.

1008 524 1154 556 Vidimus
1171 523 1274 555 causas
1291 533 1333 555 ex
1351 525 1465 564 quibus
1483 524 1552 555 haec
1571 534 1600 555 in
1618 526 1775 564 integrum
1793 532 1841 555 re-

963 565 1086 597 stitutio
1113 565 1316 605 majoribusa
1333 566 1472 597 Praetore
1497 567 1706 606 promittitur.
1740 574 1840 605 porro

963 607 1038 647 quid
1057 607 1256 644 restituatur,
1273 607 1482 648 disputemus.
1502 608 1553 638 Ait
1573 607 1710 640 Praetor:
1729 607 1843 637 Earum

962 658 1057 679 reruni
1073 648 1213 680 actionem
1228 646 1386 688 restituam.
1424 647 1520 688 Igitur
1539 648 1712 687 restituitur
1727 657 1743 679 a
1764 648 1844 679 l'rae-

965 699 1037 720 tore
1052 689 1153 726 assio,
1176 688 1257 728 juris
1275 689 1385 721 Civilis
1407 691 1578 721 subtilitate
1596 690 1711 721 amissa.
1737 688 1771 719 fit
1789 698 1844 720 au-

966 739 1031 761 tem
1049 741 1085 762 ea
1102 730 1259 762 restitutio
1276 741 1339 762 non
1358 732 1499 770 (irretio,
1518 731 1569 763 sed
1584 732 1724 762 adhibita
1743 730 1843 761 fistlo·

964 781 1022 804 ne:
1042 781 1075 803 ut
1092 771 1194 803 solent
1210 772 1383 810 Praetores,
1400 773 1479 812 Juris
1492 776 1640 804 duritiem
1658 773 1769 803 colore
1787 778 1842 802 aut

965 813 1098 844 fictione
1121 814 1277 845 emollire.
1311 813 1396 846 hunc
1414 824 1536 846 rnorem
1556 815 1694 856 pluribus
1711 814 1845 845 demon-

965 855 1056 886 stravi
1072 854 1122 884 lib.
1133 864 1160 895 3.
1183 855 1324 886 Probabit.
1340 865 1355 886 c
1375 856 1427 886 ult.
1446 857 1475 887 δι
1494 855 1583 896 supra
1603 856 1666 887 hoc
1682 854 1792 896 Opere
1808 864 1842 886 in

965 894 1166 935 expositione
1187 895 1265 934 juris
1282 895 1387 936 scripti
1413 896 1468 928 Tit.
1492 908 1517 929 i.
1542 898 1588 929 lib.
1613 907 1634 929 i.
1650 904 1718 938 pag.
1734 906 1763 932 9.
1806 895 1842 928 ln

966 935 1129 978 praesentia
1147 945 1220 967 eum
1237 937 1365 977 attingit
1380 937 1568 976 justinianus
1583 939 1612 982 ᾗ.
1629 950 1655 980 5,
1679 937 1747 979 lust.
1763 939 1796 968 de
1813 948 1844 968 a·

966 978 1051 1009 ezion.
1068 978 1110 1009 ait
1122 978 1224 1015 enim,
1243 982 1331 1017 quod
1350 988 1381 1009 re
1402 980 1558 1019 praesentis
1576 982 1724 1020 uiticapta
1738 980 1777 1011 ab
1792 979 1845 1010 ab·

966 1019 1054 1051 sente
1074 1020 1126 1059 qui
1146 1019 1233 1051 domi
1258 1029 1322 1050 non
1342 1023 1511 1061 reliquerat
1529 1022 1752 1059 defensorem,
1776 1029 1843 1052 non

966 1060 1072 1103 potest
1095 1062 1256 1099 quondam
1282 1063 1430 1093 dominus
1463 1063 1536 1102 jure
1560 1064 1654 1096 Civili
1681 1062 1845 1094 vinditare

967 1112 1052 1134 rem:
1069 1102 1157 1142 cujus
1175 1102 1342 1140 dominus,
1368 1103 1422 1134 etsi
1439 1106 1522 1136 nulla
1541 1104 1589 1136 sua
1606 1106 1718 1145 culpa,
1737 1110 1845 1134 usuca-

969 1145 1067 1185 pione
1090 1143 1152 1174 effe
1168 1143 1268 1175 desiit.
1293 1143 1344 1175 sed
1362 1144 1426 1176 hoc
1451 1155 1524 1177 cum
1544 1148 1655 1177 durum
1675 1154 1770 1186 atque
1787 1146 1846 1176 ini-

968 1195 1066 1231 quum
1092 1184 1186 1223 css'et,
1211 1184 1382 1224 rescindit,
1408 1188 1438 1218 id
1459 1187 1522 1224 est,
1548 1189 1697 1228 negligit,
1722 1188 1844 1219 Praetor

966 1227 1210 1266 usucapionem,
1238 1235 1396 1268 tamquam
1420 1231 1562 1260 nondum
1579 1233 1762 1267 impletam3
1787 1238 1843 1259 eo-

967 1278 1030 1308 que
1048 1269 1159 1299 colore
1176 1268 1313 1309 patitur,
1331 1279 1396 1300 rem
1416 1270 1617 1307 usucaptadi,
1636 1270 1718 1309 quasi
1738 1271 1766 1300 in
1787 1271 1844 1301 bo-

967 1312 1014 1342 nis
1032 1310 1148 1341 veteris
1171 1310 1292 1341 domini
1317 1310 1492 1350 mansisset,
1516 1313 1554 1342 ab
1573 1321 1614 1343 eo
1638 1312 1703 1352 peti
1718 1312 1847 1343 actione

970 1352 1002 1383 in
1028 1360 1110 1389 rem,
1134 1361 1228 1392 quam
1247 1352 1321 1391 jure
1339 1352 1433 1384 Civili
1450 1363 1514 1384 non
1533 1354 1680 1384 habibat.
1719 1354 1792 1383 inde
1807 1362 1845 1384 ea

970 1393 1052 1425 aCtio
1070 1394 1186 1424 dicitur
1203 1393 1390 1425 rescissoria:
1413 1396 1485 1434 quia
1504 1394 1626 1427 rescissa
1651 1396 1845 1434 usucapione

971 1436 1063 1466 datur
1077 1435 1096 1465 l.
1115 1439 1162 1469 28.
1182 1434 1210 1477 §.
1223 1442 1289 1476 pen.
1308 1434 1344 1469 ὅ)
1362 1436 1413 1466 ult.
1432 1437 1460 1467 h.
1479 1443 1499 1467 t.
1518 1437 1635 1468 dicitur
1647 1446 1741 1467 etiam
1760 1437 1846 1468 utilis

970 1477 989 1508 l.
1009 1487 1056 1509 20.
1074 1478 1101 1507 d.
1121 1483 1143 1506 ι.
1162 1477 1228 1511 &s
1245 1477 1300 1507 uli.
1320 1477 1345 1507 C
1370 1479 1429 1509 eod.
1446 1479 1491 1508 tic.
1510 1480 1582 1518 quia
1599 1479 1717 1511 directa
1733 1487 1791 1518 per
1808 1486 1843 1508 u-

970 1519 1174 1559 sucapionem
1201 1518 1340 1549 extincta
1363 1518 1437 1558 Jure
1461 1519 1582 1557 Civili,
1610 1529 1674 1551 non
1698 1519 1804 1558 potest
1826 1528 1845 1550 a

969 1559 1110 1591 Praetore
1126 1560 1209 1598 dari3
1227 1569 1265 1591 ne
1275 1559 1372 1591 faciat
1387 1560 1534 1592 adversus
1552 1561 1654 1602 leges:
1672 1561 1758 1601 quod
1775 1561 1846 1591 nol-

969 1602 999 1634 le
1018 1602 1046 1632 se
1066 1600 1236 1642 profitetur
1255 1600 1343 1632 versu
1363 1602 1476 1633 ultimo
1495 1602 1586 1642 hujus
1603 1602 1722 1639 Edisti,
1741 1602 1769 1633 ἃ
1788 1611 1847 1633 no-

969 1651 1052 1675 tatur
1069 1644 1087 1674 l.
1100 1648 1147 1677 28.
1164 1642 1191 1686 ᾗ,
1210 1653 1237 1674 2.
1255 1643 1280 1673 h.
1298 1649 1318 1673 t.
1343 1642 1398 1675 Nil
1416 1652 1522 1675 tamen
1544 1652 1650 1683 vetat,
1667 1653 1682 1674 a
1703 1644 1846 1676 Praetore

969 1684 1107 1717 concedi
1119 1686 1248 1723 utilem,
1265 1684 1475 1725 usucapione,
1493 1693 1526 1717 ut
1542 1686 1606 1717 dixi
1622 1713 1625 1719 ,
1643 1684 1762 1717 rescissa
1780 1685 1845 1716 hoe

969 1728 1100 1765 colore,
1124 1725 1207 1766 quasi
1225 1728 1367 1758 nonduin
1384 1726 1480 1758 fuerit
1499 1728 1639 1766 impleta.
1674 1726 1780 1758 Simile
1797 1735 1849 1756 ac-

968 1769 1065 1807 cidit,
1082 1768 1103 1800 si
1120 1767 1233 1799 exierit
1246 1768 1313 1799 dies
1330 1767 1501 1808 personalis
1517 1769 1666 1801 astionis:
1682 1778 1746 1800 non
1758 1768 1845 1800 enim

969 1810 1074 1851 potest
1097 1810 1156 1842 hac
1174 1818 1242 1850 quae
1262 1809 1402 1842 extincta
1419 1809 1472 1849 sit,
1496 1811 1543 1853 agi
1563 1810 1657 1842 Civili
1674 1809 1758 1850 Jure.
1790 1810 1845 1841 ied

968 1852 989 1885 si
1006 1861 1112 1893 petam
1128 1850 1267 1884 restitui:
1285 1850 1376 1892 fingit
1393 1852 1514 1884 Praetor
1528 1877 1535 1890 ‚
1552 1862 1616 1884 non
1633 1851 1741 1884 exiisse
1759 1852 1846 1883 diem

969 1896 1021 1935 qui
1037 1895 1099 1935 jam
1119 1894 1209 1925 exiit.
1240 1895 1284 1923 ita
1300 1902 1371 1924 cum
1393 1903 1456 1925 non
1475 1893 1596 1934 possum
1613 1894 1684 1933 jure
1701 1893 1795 1925 Civili
1814 1903 1845 1924 a·

967 1945 1043 1977 gere
1053 1936 1180 1967 afflone
1195 1934 1332 1973 directa,
1348 1935 1470 1966 Praetor
1486 1936 1595 1967 utilem
1608 1936 1682 1967 mihi
1700 1935 1845 1975 indulget

967 1978 1041 2019 jure
1065 1977 1238 2009 Praetorio:
1262 1975 1327 2007 hoc
1350 1977 1481 2016 colore,
1504 1977 1587 2018 quasi
1610 1978 1675 2009 dies
1700 1979 1846 2008 nondum

967 2020 1092 2052 exierit.
1112 2018 1189 2051 Inde
1205 2017 1368 2058 quaesitum
1384 2017 1465 2057 suit,
1483 2027 1586 2051 utrum
1607 2019 1659 2049 hic
1676 2018 1711 2049 sit
1726 2018 1848 2058 duplex

965 2063 1119 2103 judicium
1130 2084 1139 2099 ‚
1157 2068 1254 2091 unum
1265 2059 1443 2091 rescindens
1455 2084 1463 2097 ,
1480 2061 1613 2092 alterum
1626 2059 1848 2098 resciss'orium‚

968 2114 1005 2135 an
1023 2103 1165 2144 simplex.
1189 2099 1319 2141 quaestio
1339 2111 1375 2132 ea
1391 2110 1463 2133 nata
1479 2101 1523 2134 est
1538 2105 1577 2133 ab
1595 2104 1773 2143 ignorantia
1793 2111 1847 2133 an-

970 2146 1046 2186 tiqui
1067 2145 1164 2185 Juris:
1189 2143 1300 2184 quoin
1317 2143 1468 2175 omnibus
1488 2143 1653 2184 speciebus
1666 2144 1742 2183 juris
1758 2144 1846 2174 ordi-

970 2187 1048 2219 narii
1074 2185 1316 2227 quodammodo
1333 2185 1499 2216 videbatur
1519 2186 1639 2225 duplex
1657 2184 1719 2217 css'e
1735 2185 1847 2225 judici-

970 2238 1034 2261 um.
1064 2236 1161 2259 unum
1179 2228 1209 2257 in
1228 2227 1316 2267 jure,
1338 2227 1471 2258 alterum
1491 2229 1521 2258 in
1535 2227 1675 2267 J'udicio,
1700 2226 1847 2258 verteba-

972 2278 1032 2303 tur.
1056 2269 1108 2301 sed
1126 2268 1330 2300 nihilominus
1349 2277 1408 2299 una
1432 2268 1534 2307 aeno,
1560 2278 1721 2306 unumque
1734 2268 1847 2309 judici-

970 2321 1043 2350 um,
1060 2310 1236 2343 dicebatur.
1267 2311 1297 2340 in
1311 2311 1380 2351 jure
1396 2309 1613 2350 postulabatur
1634 2310 1717 2341 actio
1740 2310 1768 2341 ἃ
1792 2308 1846 2349 Ju-

972 2355 1052 2386 dex:
1076 2353 1194 2384 deinde
1216 2352 1256 2384 de
1276 2350 1362 2383 facto
1381 2352 1463 2392 apud
1482 2351 1628 2390 Judicem
1651 2350 1848 2391 disceptaba-

973 2404 1033 2427 tur.
1063 2393 1115 2425 Sic
1131 2393 1208 2425 olim
1224 2394 1271 2434 Jus
1286 2392 1367 2431 fuit,
1392 2394 1488 2424 etiam
1503 2392 1568 2423 hoc
1586 2394 1617 2424 in
1635 2392 1716 2424 casu.
1740 2394 1847 2424 donec

972 2436 1026 2477 ipsi
1038 2435 1239 2477 Magistratus
1255 2442 1346 2466 extra
1362 2435 1508 2465 ordinem
1520 2434 1722 2466 intervenere
1732 2444 1773 2466 ex
1787 2435 1805 2466 l.
1816 2445 1846 2467 2.

973 2480 1006 2510 C.
1018 2477 1288 2550 depedan.{adicib.
1311 2476 1385 2508 inde
1404 2475 1536 2515 simplex
1553 2475 1616 2507 ess'e
1633 2478 1733 2516 coepit
1749 2486 1846 2517 agen·

971 2521 1002 2552 di
1018 2518 1143 2556 forma,
1175 2527 1232 2550 ioc
1246 2516 1316 2549 fere
1334 2517 1503 2558 exemplo:
1528 2517 1608 2549 Cum
1631 2517 1767 2549 abessem
1787 2517 1847 2550 rei·

971 2561 1106 2603 publicae
1133 2559 1242 2599 causa,
1266 2557 1415 2599 usucapta
1433 2568 1450 2589 a
1467 2558 1619 2598 praesente
1635 2559 1681 2591 est
1698 2570 1746 2591 res
1765 2569 1844 2591 mea.

970 2602 1111 2635 reversus
1128 2609 1206 2643 peto
1224 2600 1343 2632 restitui
1359 2600 1389 2631 in
1412 2601 1587 2641 integrum:
1602 2601 1633 2632 id
1652 2600 1714 2639 est,
1737 2600 1848 2633 rescis-

971 2645 1000 2676 sa
1019 2643 1233 2683 usucapione,
1249 2641 1325 2674 mihi
1343 2643 1499 2683 indulgeri
1512 2643 1620 2674 utilem
1639 2643 1683 2674 rei
1703 2643 1845 2674 vindica·

974 2687 1106 2717 tionem.
1120 2685 1240 2724 judicat
1258 2683 1461 2725 Magistratus
1473 2707 1483 2722 ,
1506 2694 1543 2716 an
1560 2683 1719 2718 abfuerim
1737 2686 1843 2725 reipu-

974 2728 1063 2759 blicae
1081 2725 1187 2763 causa,
1211 2725 1241 2756 δι
1258 2735 1296 2756 an
1317 2734 1354 2756 ea
1371 2735 1404 2756 re
1421 2725 1509 2758 laesus
1524 2725 1590 2758 sim.

1013 2767 1180 2810 Quidquid
1208 2766 1268 2798 est:
1291 2766 1462 2799 restituitur
1485 2777 1502 2798 a
1523 2767 1665 2800 Praetore
1688 2767 1791 2799 amissa
1814 2775 1845 2796 a·

976 2810 1050 2841 etio.
1074 2810 1140 2839 imo
1159 2808 1496 2841 interduminstituitur
1510 2818 1594 2841 nova
1604 2819 1673 2850 quae
1690 2817 1761 2840 ante
1778 2816 1844 2838 non

975 2851 1046 2882 fuit.
1062 2849 1162 2890 finge:
1186 2850 1292 2890 (quod
1310 2849 1354 2882 est
1370 2851 1553 2891 exemplum
1569 2851 1647 2891 l.17.
1664 2848 1789 2891 §.ulta
1802 2848 1846 2888 t.)

975 2892 1120 2924 relietum
1138 2891 1230 2922 alicui
1246 2890 1291 2923 est
1308 2892 1446 2933 legatum
1462 2894 1492 2924 in
1510 2902 1610 2924 annos
1625 2890 1761 2931 singulos
1777 2891 1845 2928 qui-

977 2934 1036 2964 bus
1053 2932 1150 2965 fuerit
1165 2933 1195 2964 in
1214 2932 1310 2964 Italia.
1334 2934 1387 2965 ille
1404 2943 1462 2974 per
1475 2935 1597 2974 aliquot
1613 2941 1713 2962 annos
1728 2931 1768 2961 ab
1785 2931 1845 2961 lta-

977 2975 1016 3006 lia
1032 2973 1134 3006 abfuit
1155 2974 1338 3015 reipublicae
1353 2976 1452 3007 causa.
1477 2985 1542 3006 non
1557 2973 1714 3005 debentur
1731 2972 1773 3003 illi
1792 2982 1846 3004 an.

977 3025 1057 3055 nua,
1072 3015 1241 3048 deficiente
1255 3017 1350 3058 legati
1365 3018 1562 3049 conditione.
1582 3023 1620 3045 an
1637 3011 1742 3051 potest
1759 3013 1845 3045 resti-

978 3058 1021 3088 tui
1039 3059 1069 3089 in
1087 3058 1268 3099 integrum?
1291 3068 1356 3090 non
1374 3059 1500 3089 videtur
1518 3055 1706 3095 subtilijure.
1723 3064 1794 3087 nam
1808 3055 1846 3087 E.

977 3099 1093 3131 ditium
1109 3099 1249 3139 loquitur
1265 3101 1305 3132 de
1319 3099 1509 3132 restituenda
1526 3097 1651 3128 actione
1666 3105 1736 3139 quae
1751 3098 1844 3133 exiit.

975 3148 1007 3172 at
1030 3142 1081 3172 hic
1103 3142 1188 3173 nulla
1209 3141 1272 3173 suit
1288 3165 1298 3180 ‚
1329 3141 1501 3173 deficiente
1526 3138 1715 3169 conditione
1735 3161 1744 3177 ‚
1768 3148 1844 3171 cnm

975 3191 1038 3214 non
1049 3182 1145 3214 fuerit
1163 3184 1193 3214 in
1206 3183 1302 3214 ltalia.
1326 3182 1466 3213 obtinuit
1476 3188 1580 3211 tamen
1592 3188 1685 3218 ,eum
1702 3179 1844 3221 restitui,

973 3224 1206 3299 perindIquuafi
1222 3225 1253 3256 in
1269 3224 1357 3257 Italia
1377 3221 1492 3254 fuiffet.
1517 3221 1605 3265 quod
1624 3220 1645 3256 ss
1662 3220 1726 3263 est;
1749 3222 1843 3257 datur
