2036 3495
156 67 227 111 246
582 62 931 99 Gnnrnnx

164 156 253 197 quod
276 155 397 188 Praetor
419 153 577 184 astionem
599 158 664 180 non
686 148 875 187 pollicetur3
908 145 960 177 nisi
984 153 1036 186 ap-

163 205 271 238 pareat
290 219 299 234 ,
332 197 497 235 pecuniam
528 201 593 222 turn
611 213 620 228 ,
659 199 731 220 cum
757 188 1011 219 constituebatur
1027 209 1037 226 ‚

164 238 257 270 fuisse
275 238 414 268 debitam
441 236 457 265 l.
480 237 525 267 18.
551 231 580 273 §.
601 240 625 262 1.
652 231 679 261 h.
700 236 721 261 t.
745 230 830 269 quod
855 238 960 260 antem
985 229 1037 258 de-

165 281 259 311 betur
285 277 339 308 sub
363 276 573 308 conditione,
599 281 663 303 non
682 270 727 302 est
744 270 907 308 debitum,
933 279 1039 309 quam-

165 323 220 352 diu
248 327 311 350 non
336 315 441 347 existit
466 314 632 350 conditio,
657 311 729 352 quia
754 320 828 343 ante
846 311 913 342 dies
932 319 1038 349 neque

165 361 271 395 cessit,
295 366 400 397 neque
425 365 533 393 venit,
558 363 681 386 tantum
708 353 777 394 spes
801 352 871 390 est,
894 353 1039 384 debitum

165 401 204 433 iri
221 398 376 431 existente
394 397 582 429 conditione
606 396 625 427 l.
646 404 713 436 213.
731 394 771 426 D.
789 396 821 425 cie
840 395 917 425 verb.
933 392 1038 434 signif.

165 442 229 474 five
250 441 343 480 igitur
361 448 460 480 pure,
484 438 548 469 sive
575 437 605 468 in
634 437 738 473 diem,
763 435 971 467 constituatur
989 437 1038 464 de·

166 484 268 514 bitum
287 480 341 512 sub
358 481 566 516 conditione,
584 485 657 509 ante
674 478 861 508 existentem
878 476 1040 507 conditio-

165 533 242 555 nem
262 532 325 553 non
346 521 392 552 est
409 520 634 552 constitutum:
658 520 730 558 quia
747 527 821 549 ante
841 528 905 548 non
924 517 969 548 est
987 518 1040 547 de-

165 566 290 602 bitum,
315 563 345 594 &
370 571 404 593 ut
432 563 569 593 maxime
595 561 806 591 constituatur
832 568 910 599 pure
934 558 983 589 vel
1009 558 1040 587 in

168 607 272 644 diem,
297 613 370 635 ante
399 614 463 635 non
488 601 593 642 potest
611 603 693 641 peti:
718 601 801 632 nulla
823 607 896 631 ante
915 607 986 630 nata
1010 607 1041 628 a·

170 648 285 678 ctione.
341 645 441 676 Vides
470 644 704 676 difficultatem.
755 642 877 682 Accipe
912 640 1042 671 solutio-

167 698 254 720 nem.
300 686 476 725 Condicio,
509 684 674 724 postquam
700 685 826 721 extitit,
853 683 931 714 solet
956 689 1042 712 retro

168 729 251 761 trahi
268 752 278 767 ,
309 729 339 759 ὅ(
363 729 480 759 deinde
513 725 620 757 haberi
646 726 824 756 conventio
841 747 850 763 ,
883 732 919 754 ac
944 723 964 754 si
989 731 1043 762 pu-

167 781 201 803 ra
234 770 273 802 ab
308 768 399 800 initio
430 768 546 799 suisset.
602 766 646 798 lta
678 774 854 807 putemus,
892 765 1044 796 constitu—

169 820 237 843 tum
271 811 371 842 debiti
405 810 459 840 sub
483 808 671 840 conditione
702 807 756 838 sub
782 808 894 838 eadem
919 805 1045 846 suspen-

170 854 201 885 di
220 851 409 884 conditione
434 851 488 881 iub
513 859 572 890 qua
589 850 734 881 debiturn
762 847 973 887 suspenditur:
997 855 1046 877 ea·

170 905 234 935 que
256 893 430 930 existente,
454 901 620 931 utramque
640 899 748 921 tenere
773 890 946 920 actionem:
971 886 1045 919 defi-

169 937 298 973 ciente,
324 942 490 973 utramque
514 933 669 972 deperire.
712 932 763 962 Sic
783 931 893 962 Paulus
911 931 929 961 l.
952 939 996 965 19.
1015 929 1043 959 h.

170 983 192 1009 t.
216 986 294 1017 pure
316 976 366 1007 vel
384 975 413 1006 in
435 976 517 1005 diem
536 972 710 1004 constituto
727 972 838 1003 debito
863 971 916 1002 sub
934 970 1045 1001 condi-

172 1018 273 1050 tione.
298 1017 374 1056 quid
393 1015 412 1047 fi
429 1025 506 1054 pure
524 1014 666 1046 debitum
687 1013 739 1044 sub
757 1014 944 1044 conditione
968 1020 1044 1042 con-

169 1058 338 1091 stituatur?
364 1058 476 1089 Paulus
499 1059 526 1087 (Ι.
552 1057 572 1087 l.
600 1055 628 1098 ᾗ.
652 1065 675 1086 1.
699 1056 762 1093 ait,
785 1054 942 1085 aetionem
965 1052 1045 1089 esse,

170 1111 237 1133 non
256 1099 385 1140 quidem
406 1098 576 1135 directam,
593 1098 644 1127 led
665 1096 784 1127 utilem.
809 1097 838 1126 ἃ
857 1095 960 1126 νεξὶετ
980 1102 1044 1124 non

171 1143 258 1174 enim
283 1140 388 1181 potest
416 1140 535 1171 directa
558 1148 597 1170 ex
627 1137 803 1168 constituto
822 1136 947 1167 venire:
972 1136 1044 1165 ubi:

171 1192 206 1216 ut
229 1183 259 1216 in
286 1181 451 1223 proposito
468 1204 477 1219 ,
511 1190 574 1211 non
601 1179 686 1210 valet
714 1177 941 1209 constitutum:
970 1177 1044 1207 reti-

169 1224 320 1257 nentibus
344 1224 409 1264 ejus
435 1221 555 1259 finem3
579 1222 630 1261 qui
656 1230 733 1252 unus
758 1219 822 1256 est,
846 1217 944 1249 debiti
974 1227 1043 1248 exa-

171 1267 311 1298 Ctionem
334 1266 366 1296 in
394 1264 478 1295 diem
504 1262 645 1294 differre.
669 1269 700 1292 at
723 1261 841 1300 adjeeta
861 1261 912 1290 liic
935 1259 1042 1290 condi-

172 1309 219 1339 tio
238 1316 302 1339 non
325 1315 387 1337 tam
407 1304 516 1336 differt
540 1305 606 1343 ejus
624 1304 867 1339 executionem,
893 1309 984 1341 quam
1002 1299 1042 1340 ip-

170 1348 235 1381 sam
255 1346 413 1387 suspendit
439 1346 644 1386 obligationis
677 1345 739 1374 vim
771 1352 808 1374 ac
834 1343 1045 1373 substantiam.

172 1400 238 1423 non
258 1391 353 1430 igitur
373 1387 457 1418 valet
475 1385 681 1417 constitutum
698 1385 798 1415 debiti
816 1384 882 1423 puri
901 1383 955 1414 sub
971 1392 1046 1414 con-

173 1431 298 1464 ditione
323 1429 458 1460 fastum:
482 1426 552 1467 quia
580 1426 732 1457 abhorret
756 1435 772 1456 a
797 1425 858 1456 fine
883 1426 911 1456 ἃ
938 1432 1046 1455 natura

172 1471 358 1509 constituti3
383 1478 442 1501 nec
466 1467 571 1505 potest
595 1477 634 1498 ex
652 1476 692 1497 eo
708 1467 755 1507 agi
773 1467 899 1497 aetione
917 1466 1044 1497 directa.

173 1516 228 1548 Ait
264 1521 369 1543 tamen
397 1509 538 1547 Paulus,
569 1507 719 1547 placuiffe
752 1507 960 1547 Pomponio,
995 1508 1046 1538 liic

173 1554 369 1590 constituto,
395 1551 482 1591 quod
508 1550 649 1589 aequitati
678 1550 852 1586 convenit,
884 1548 954 1589 post
980 1549 1043 1579 exi-

172 1597 309 1629 stentem
328 1592 571 1629 conditionem,
596 1591 778 1621 concedere
803 1591 961 1622 actionem
987 1590 1044 1621 uti-

173 1639 256 1674 lem,
280 1634 425 1676 neglecta
443 1632 618 1664 subtilitate
637 1632 770 1662 actionis
791 1631 932 1663 direelae.

212 1678 362 1710 Tandem
393 1674 629 1706 confideremus
665 1672 824 1704 aaronem
857 1672 1045 1704 constituto-

171 1722 260 1754 riam.
284 1727 353 1749 eam
372 1716 491 1748 Praetor
508 1719 539 1746 in
556 1715 576 1746 l.
605 1718 649 1746 16.
668 1713 695 1756 §s
718 1723 746 1746 ε.
765 1713 801 1748 &⁹
819 1713 836 1744 l.
858 1714 939 1755 18.§
973 1723 995 1744 ι,
1016 1714 1044 1745 b.

173 1769 194 1795 t.
217 1761 258 1793 fic
276 1757 454 1801 promittit:
479 1757 512 1787 Si
535 1762 691 1796 appareat,
715 1765 777 1786 eum
800 1758 850 1796 qui
879 1753 1045 1795 constituit,

173 1812 263 1842 neque
278 1801 405 1838 solvere,
431 1807 520 1839 neque
530 1797 649 1838 seczffi’,
672 1806 706 1827 ne
729 1806 761 1827 ue
782 1803 834 1837 per
856 1794 1044 1836 atroremste-

173 1845 253 1886 uffe,
277 1852 331 1884 quo
346 1843 442 1872 minus
453 1841 537 1880 fieret
553 1839 628 1880 quod
646 1806 833 1879 con-scgz'tutum
854 1836 909 1878 eft,
932 1847 1048 1878 eamque

169 1886 344 1929 pecuniam,
369 1892 434 1914 cum
450 1879 692 1920 constituebatur,
717 1881 838 1910 debitam
855 1878 955 1920 fzciffe.
1003 1878 1046 1910 Ut

174 1929 246 1961 haec
263 1926 347 1957 aeno
365 1923 410 1955 est
427 1931 508 1954 nova
527 1927 552 1952 §z
571 1928 694 1952 remota
718 1930 735 1952 a
757 1922 861 1961 rigore
877 1922 952 1960 juris
972 1919 1044 1952 civi·

175 1969 233 2008 lis,
257 1969 299 1999 ita
318 1966 439 1997 Praetor
458 1973 526 1995 eam
552 1962 780 2001 circumspecte
797 1963 969 2003 pollicetur
993 1961 1046 1993 sub

176 2009 384 2045 conditione,
409 2008 438 2038 ὅ(
463 2006 591 2047 quidem
618 2003 762 2044 duplice:
784 2003 928 2043 prorsuS‚
952 2011 985 2034 ut
1010 2004 1049 2034 al-

176 2060 245 2085 tera
263 2049 454 2085 deficiente,
477 2056 547 2078 eam
576 2055 641 2077 non
673 2046 848 2084 promittat.
871 2045 957 2084 prior
973 2054 1050 2076 con—

177 2094 260 2127 ditio
279 2091 341 2123 est:
365 2089 395 2121 Si
420 2096 589 2129 appareat,
614 2085 729 2118 stetisse
747 2096 803 2127 per
825 2095 912 2117 reum
938 2087 968 2118 ὅ(
986 2084 1049 2118 non

176 2133 293 2168 stetisse
315 2142 371 2173 per
385 2131 546 2168 actorem,
571 2138 635 2169 quo
663 2129 764 2160 minus
782 2127 974 2166 solveretur,
998 2136 1051 2159 aut

176 2176 272 2209 fieret
295 2174 383 2214 quod
404 2171 612 2203 constitutum
634 2168 688 2201 est.
732 2168 844 2201 Sensus
867 2168 929 2201 est:
953 2169 1049 2201 aetio-

178 2227 254 2250 nem
278 2217 317 2248 de
342 2213 515 2246 constituta
539 2212 672 2252 pecunia
696 2211 823 2242 demum
849 2211 931 2250 dari;
955 2210 975 2242 fi
998 2220 1051 2251 ap-

178 2266 308 2300 pareat,
333 2265 421 2288 reum
438 2253 529 2286 fuiss'e
548 2263 578 2285 m
603 2262 708 2290 mora;
732 2252 871 2283 actorem
896 2262 959 2283 non
978 2251 1050 2283 fuis-

179 2301 221 2334 se,
264 2299 405 2331 Primum
430 2304 563 2338 oportet
585 2304 672 2326 reum
697 2292 787 2324 fuiffe
811 2295 840 2325 in
864 2303 962 2326 mora.
986 2303 1051 2334 quo

180 2340 352 2382 tempore?
364 2339 456 2371 Hanc
474 2336 678 2378 quaestionem
699 2334 854 2374 Ulpianus
869 2335 886 2365 l.
911 2339 954 2366 16.
972 2335 1001 2376 §.
1018 2346 1045 2374 4.

178 2383 220 2414 fic
237 2381 392 2423 proponit
410 2381 439 2411 ὅ(
454 2379 547 2411 finit:
573 2377 646 2409 Haec
668 2383 763 2408 autem
787 2378 874 2407 verba
898 2376 1049 2415 Praetoris,

179 2423 297 2464 Neque
319 2421 429 2454 fecisse
452 2429 541 2453 reum
566 2420 654 2460 quod
681 2417 864 2456 constituit,
889 2424 989 2449 utrum
1014 2419 1051 2448 ad

181 2471 291 2504 tempus
316 2461 465 2505 constituti
490 2463 654 2502 pertinent,
678 2470 717 2491 an
741 2469 808 2491 vero
827 2469 916 2501 usque
932 2460 969 2490 ad
991 2459 1051 2490 litis

181 2504 411 2545 contestationem
426 2502 594 2535 trahimus?
618 2501 654 2536 δ’
665 2507 757 2542 puto,
773 2511 863 2542 usque
887 2502 924 2532 ad
940 2507 1050 2541 tempus

180 2545 337 2587 constituti.
362 2546 457 2587 Igitur
482 2544 504 2577 fi
530 2553 601 2576 reus
625 2552 773 2584 tempore
797 2542 959 2574 constituti
984 2552 1049 2573 non

179 2587 278 2621 fuerit
297 2589 326 2618 in
344 2597 452 2626 mora,
476 2586 562 2618 atior
578 2584 689 2616 fuerit:
712 2593 864 2624 apparet,
880 2584 978 2615 actori
997 2592 1051 2614 vo-

181 2629 261 2663 lenti
286 2628 393 2667 postea
416 2638 528 2669 agere,
552 2628 702 2667 denegari
723 2626 889 2657 actionem.
920 2625 1050 2665 utique,

181 2670 205 2704 fi
233 2679 289 2711 pei·
313 2668 411 2708 ipsum
436 2668 581 2706 steterit,
613 2677 679 2708 quo
711 2667 810 2698 minus
846 2666 938 2697 fieret
963 2667 1051 2706 quod

184 2710 394 2744 constitutum
412 2709 463 2742 sit:
477 2720 545 2743 nam
564 2710 604 2742 fic
623 2709 733 2741 sonant
750 2707 853 2740 Edisti
871 2708 976 2738 verba.
1001 2707 1052 2738 sed

185 2754 261 2794 quid
277 2751 298 2783 fi
317 2761 381 2783 non
399 2760 454 2791 per
471 2761 542 2782 eum
560 2752 787 2790 stetit,verum
805 2759 861 2789 per
880 2758 985 2780 rerum
1002 2757 1053 2779 na-

185 2794 315 2827 turam?
332 2793 422 2825 filent
444 2791 547 2824 Edisti
566 2794 679 2823 verba:
705 2791 756 2823 sed
775 2792 928 2831 Ulpianus
944 2798 1055 2830 putat,

183 2837 359 2870 convenire
376 2834 524 2866 Praetoris
542 2832 720 2872 sententiae,
744 2840 778 2864 ut
794 2834 898 2864 adhuc
915 2841 970 2863 reo
988 2830 1056 2862 sub-

184 2878 286 2911 veniri
311 2877 428 2908 debeat
449 2875 477 2905 d.
503 2874 522 2903 I.
545 2878 589 2904 16.
612 2875 640 2915 ᾗ,
660 2885 688 2915 3.
722 2876 766 2906 Ut
793 2873 887 2915 igitur
912 2873 1057 2904 obtineat

183 2921 269 2953 aeno
294 2918 334 2949 de
358 2915 530 2960 constituta
556 2918 709 2954 pecunia,
740 2923 873 2955 oportet
903 2924 990 2946 reum
1021 2916 1052 2945 in

183 2971 274 2996 mora
283 2957 373 2992 fuisse
387 2958 424 2989 ad
441 2957 523 2988 diem
541 2954 702 2986 constituti
716 2958 875 2994 ;attorem
895 2965 959 2987 non
977 2954 1052 2987 fuis-

186 3004 217 3035 se
241 3002 273 3034 in
298 3009 404 3032 mora:
430 2997 495 3030 &fi
510 2997 719 3028 intervenerit
741 2998 853 3029 ae’toris
870 3007 978 3036 mora;
1002 3006 1054 3036 ap-

184 3039 454 3085 paret‚defeciffe
472 3038 691 3070 conditionem
708 3035 761 3068 sub
778 3047 838 3077 qua
855 3038 936 3069 hanc
954 3038 1054 3069 aetio-

186 3095 260 3117 nem
282 3085 370 3115 dedit
394 3082 526 3114 Praetor.
572 3079 688 3114 Plane,
712 3077 732 3107 fi
750 3088 818 3109 reus
834 3081 865 3108 in
882 3089 969 3110 mora
985 3079 1053 3110 fue-

185 3127 226 3158 rit
245 3126 282 3156 ad
300 3125 403 3161 diem,
428 3123 458 3154 &
474 3122 532 3153 alia
554 3121 604 3152 die
627 3117 742 3151 offerat
760 3119 845 3158 quod
864 3120 1027 3151 constituit
1042 3143 1052 3159 ‚

183 3176 244 3200 nec
260 3166 346 3198 attor
365 3165 512 3206 accipere
532 3163 627 3202 velit,
650 3168 723 3193 cum
736 3159 819 3193 nulla
838 3158 874 3192 fit
887 3159 966 3199 justa
981 3170 1051 3195 cau-

989 54 1257 92 Noonr
1315 55 1526 94 Coun.

1081 143 1109 174 sa
1133 151 1198 175 non
1222 145 1417 185 accipiendi:
1440 148 1544 180 adhuc
1568 147 1645 181 dicit
1665 148 1776 181 Paulus
1793 150 1813 182 l.
1835 159 1881 191 17.
1904 151 1948 185 D.

1080 186 1108 216 h.
1127 191 1293 233 lgaequssm
1318 187 1399 227 else,
1432 199 1487 220 reo
1513 189 1633 222 succuri
1658 200 1712 222 aut
1735 193 1948 232 exceptione,

1080 233 1135 256 aut
1157 231 1236 266 Juita
1258 232 1545 269 interpretatione,
1571 240 1604 262 ut
1629 231 1748 264 factum
1772 233 1886 265 actoris
1904 243 1951 265 us-

1083 276 1145 307 que
1161 270 1198 299 ad
1219 277 1343 317 tempus
1361 272 1466 309 judicii
1485 272 1539 313 ipfi
1557 282 1689 304 noceat:
1713 274 1795 313 quafi
1816 275 1866 305 illa
1884 284 1951 306 ver-

1083 310 1121 353 ba
1139 331 1148 346 ‚
1178 309 1281 351 Neque
1306 312 1431 352 jeciffie,
1465 314 1527 344 hoc
1553 313 1754 354 significent,
1794 318 1950 355 nequem

1083 351 1168 380 diem
1188 360 1218 381 in
1238 360 1332 398 quem
1351 354 1536 392 constituit,
1556 355 1689 392 fecerit,
1710 366 1814 396 neque
1833 356 1951 396 postea.

1084 391 1190 431 Atque
1207 392 1292 422 hunc
1307 403 1337 424 in
1357 395 1475 427 sensum
1496 399 1589 428 etiam
1608 398 1759 437 Ulpianus
1783 398 1802 428 ί.
1824 402 1868 431 18.
1887 398 1914 428 h.
1930 403 1953 430 t.

1084 433 1175 470 mm,
1198 434 1320 472 inquit,
1344 436 1393 466 illa
1411 439 1516 475 verba,
1537 437 1651 478 Neque
1669 448 1725 479 per
1738 439 1876 469 actorem
1896 438 1953 470 ste·
1989 471 1994 474 ,

1084 472 1171 519 risse,
1188 477 1303 519 eandem
1319 478 1458 517 recipiunt
1474 481 1688 510 dubitationem.
1714 479 1754 511 Ec
1770 480 1950 520 Pomponius

1083 515 1196 560 dubitat
1213 537 1222 552 ,
1237 515 1356 555 Jzsorte
1373 520 1412 549 ad
1427 522 1498 551 diem
1521 518 1669 560 constituti
1685 528 1737 562 per
1755 520 1879 552 citiorem
1895 530 1952 552 non

1076 553 1207 601 steterit,
1230 565 1296 586 ame
1312 555 1394 603 stetit
1419 561 1464 591 vel
1484 561 1593 601 postem
1620 562 1658 593 Er
1671 569 1740 602 puto
1754 587 1762 601 ,
1789 563 1825 597 ὃ*
1840 563 1896 593 baec
1917 562 1955 593 aa

1084 598 1157 643 clzerri
1179 594 1330 644 cori-littam.
1351 600 1519 638 referenda:
1537 606 1655 643 proinde
1670 602 1699 642 fi
1722 604 1888 635 valetudine
1903 604 1955 633 im-

1080 640 1195 678 peditus
1206 661 1214 676 ,
1230 646 1281 668 αιιι
1297 648 1329 668 vz
1346 648 1400 687 aut
1416 643 1576 682 tempestate
1587 649 1693 684 petitor
1708 655 1764 676 non
1790 647 1890 683 venit,
1913 644 1957 684 ip-

1079 678 1108 717 st
1122 688 1236 717 nocere,
1263 679 1552 727 Pompo-nzusscrzbit.
1574 685 1652 717 lllud
1670 695 1732 717 non
1751 685 1955 726 negaverim,

1088 727 1175 760 quod
1191 722 1298 758 actor,
1323 723 1374 752 ubi
1400 723 1460 754 fuit
1481 726 1510 756 in
1535 734 1622 757 mora
1644 719 1820 768 accipiendi
1840 725 1957 758 consti-

1088 770 1212 800 tutum;
1243 770 1349 801 eoque
1378 773 1440 795 non
1472 766 1586 797 habeat
1612 768 1761 809 deinceps
1796 768 1958 800 actionem

1088 803 1339 849 constitut-onam
1358 806 1395 836 ad
1415 806 1673 847 consequendum
1690 810 1717 840 ei
1737 809 1957 841 constitutum:

1088 854 1152 889 non
1179 845 1300 875 idcirco
1328 846 1507 879 destituitur
1531 849 1653 880 actione
1673 859 1765 890 quam
1792 859 1864 881 ante
1881 858 1959 881 con-

1088 885 1230 929 stitutum
1265 886 1400 918 habebat
1432 890 1470 920 ad
1503 891 1670 929 pecuniam
1703 890 1852 922 debitam.
1885 898 1960 922 nam

1088 926 1264 973 constituto
1282 937 1347 971 non
1364 930 1512 960 liberatur
1530 932 1615 969 prior
1631 931 1787 973 obligatio
1812 932 1830 963 l.
1853 940 1898 972 15.
1916 930 1958 962 D.

1087 969 1171 1014 cle-m
1196 977 1252 1014 rem
1274 972 1364 1013 verso.
1389 972 1453 1002 imo
1478 971 1575 1011 Gajus
1598 972 1617 1003 l.
1637 977 1685 1007 28.
1718 973 1756 1003 Ι),
1781 973 1808 1003 b.
1835 977 1855 1005 t,
1898 971 1960 1003 Ubi

1087 1018 1174 1050 quis,
1195 1019 1315 1049 inquit,
1333 1018 1386 1051 pro
1405 1014 1459 1043 alio
1482 1011 1630 1053 constituit
1648 1014 1682 1053 se
1699 1013 1882 1054 soluturum,
1904 1015 1955 1044 ad-

1087 1055 1143 1080 buc
1160 1060 1182 1080 is
1197 1058 1249 1091 pro
1268 1061 1321 1096 qut>
1347 1051 1514 1093 constituit,
1539 1055 1682 1096 obligatus
1707 1062 1813 1087 manet.
1851 1056 1958 1094 Atque

1088 1091 1153 1122 hoc
1169 1091 1190 1122 fi
1208 1092 1270 1123 est:
1298 1094 1413 1133 liquet,
1438 1094 1612 1127 constituto
1629 1106 1692 1127 non
1718 1095 1785 1128 fieri
1811 1096 1958 1128 novatio-

1088 1142 1177 1164 nem:
1198 1143 1373 1178 numquam
1391 1138 1653 1177 contingentem,
1671 1137 1724 1169 nifi
1739 1137 1855 1169 sublata
1874 1138 1958 1178 prio-

1088 1184 1121 1205 re
1138 1174 1334 1215 obligatione
1351 1177 1371 1207 l.
1392 1187 1417 1208 1.
1436 1177 1478 1209 D.
1499 1181 1532 1208 cle
1547 1184 1645 1209 novat.
1670 1179 1839 1211 Probabile
1865 1178 1957 1219 igitur

1087 1215 1153 1254 est,
1175 1218 1315 1248 aetutem
1341 1228 1381 1248 eo
1405 1220 1492 1259 quod
1517 1220 1690 1260 impeditur
1712 1230 1806 1267 agere
1829 1220 1955 1252 actione
2005 1228 2015 1232 “

1087 1256 1330 1302 constitutori&
1354 1260 1526 1292 deficiente
1552 1263 1616 1301 ejus
1641 1263 1830 1293 conditione
1850 1285 1859 1300 ‚
1892 1270 1958 1293 non

1087 1302 1250 1338 impediri,
1274 1301 1377 1330 adbuc
1402 1311 1513 1333 vetere
1541 1304 1585 1333 uti
1603 1303 1726 1334 actione
1743 1312 1814 1344 quae
1831 1305 1859 1333 ei
1876 1301 1959 1333 salva

1089 1340 1144 1370 est.
1170 1339 1328 1387 Caeterum
1361 1351 1394 1373 ut
1419 1351 1553 1382 utraque
1582 1353 1752 1375 concurrat
1780 1344 1961 1385 obligatio,

1089 1388 1181 1412 vetus
1203 1386 1231 1412 ot
1256 1392 1340 1413 nova
1359 1385 1399 1414 de
1416 1383 1588 1416 constituta
1611 1387 1762 1425 pecnnia:
1787 1393 1890 1416 tamen
1909 1384 1962 1415 so-

1090 1423 1212 1467 lutione
1235 1433 1274 1454 ex
1305 1433 1365 1454 una
1389 1424 1487 1462 facta,
1513 1426 1633 1457 tollitur
1656 1435 1796 1466 utraque.
1830 1426 1958 1457 solutio-

1090 1473 1150 1501 ne,
1170 1473 1316 1502 inquam3
1340 1475 1405 1496 non
1433 1466 1495 1498 litis
1514 1467 1758 1498 contestatione.
1785 1467 1826 1498 fic
1846 1465 1955 1507 Ulpia-

1090 1505 1180 1535 nusl.
1203 1512 1245 1539 10’⁴
1271 1505 1299 1546 ἓ.
1318 1506 1369 1536 ult.
1388 1508 1414 1537 h.
1438 1514 1458 1537 t.
1482 1507 1511 1538 &
1536 1508 1636 1538 recte:
1661 1518 1730 1540 nam
1756 1509 1819 1539 litis
1845 1515 1959 1538 conte-

1089 1548 1199 1584 ltatiO,
1224 1551 1277 1577 etii
1303 1548 1500 1592 aliquatenus
1522 1548 1656 1579 habetur
1682 1559 1739 1588 pro
1763 1550 1960 1587 novatione3

1090 1588 1381 1632 tarnenneceilaria
1399 1589 1461 1626 est,
1487 1589 1516 1619 ὃς
1533 1599 1549 1620 a
1566 1590 1741 1621 voluntaria
1769 1590 1873 1620 bacin
1892 1598 1960 1628 par-

1091 1637 1122 1659 te
1141 1628 1338 1673 distinguitur
1354 1631 1372 1660 l.
1390 1640 1437 1666 29.
1462 1630 1498 1660 I).
1517 1632 1549 1661 de
1566 1636 1665 1661 novat.
1701 1630 1781 1661 Satis
1797 1632 1837 1661 de
1854 1632 1960 1669 priore

1090 1671 1277 1701 conditione
1297 1671 1350 1701 iub
1369 1681 1427 1708 qua
1446 1670 1602 1703 mellonem
1622 1672 1961 1711 constitutoriampro·

1091 1719 1183 1757 ponit
1205 1711 1334 1743 Praetor.
1375 1712 1456 1754 Quae
1474 1713 1600 1744 altera?
1624 1713 1670 1745 his
1688 1713 1871 1744 continetur
1887 1711 1962 1744 Edi-

1090 1753 1129 1784 cn
1146 1755 1269 1800 yerbis:
1295 1753 1426 1795 Eamque
1439 1756 1608 1795 pecuniam,
1632 1765 1697 1785 cum
1716 1752 1959 1795 constituebatur,

1089 1797 1211 1825 ciebztam
1229 1794 1324 1835 fuz'ffe.
1370 1796 1451 1827 Haec
1475 1797 1569 1827 verba
1593 1796 1646 1836 (ut
1672 1797 1824 1836 Ulpianus
1855 1794 1961 1826 scribit

1088 1837 1117 1867 d.
1134 1837 1152 1867 l.
1175 1841 1220 1870 18.
1237 1836 1265 1878 §.
1291 1838 1336 1878 1.)
1361 1838 1658 1877 interpretationem
1683 1839 1858 1878 pleniorem
1885 1835 1961 1868 defi-

1090 1880 1211 1923 derant.
1236 1887 1305 1923 nam
1332 1880 1467 1918 primum
1494 1879 1614 1917 efficit;
1646 1887 1708 1918 ut,
1736 1878 1756 1910 fi
1784 1879 1859 1919 quid
1883 1885 1961 1909 tunc

1091 1920 1234 1965 debitum
1249 1919 1328 1958 fuit,
1352 1929 1425 1951 cum
1443 1919 1706 1957 constitueretur,
1724 1929 1806 1951 nunc
1822 1929 1885 1950 non
1903 1918 1959 1958 fit,

1091 1961 1295 1993 nibilominus
1320 1969 1427 1992 teneat
1451 1961 1675 1993 constitutum:
1700 1963 1771 2001 quia
1790 1959 1960 1992 retrorsum

1093 2003 1122 2033 se
1141 2003 1224 2033 aetio
1249 2002 1357 2034 refert.
1382 2003 1516 2044 proinde
1541 2003 1707 2043 temporali
1730 2002 1855 2033 actione
1879 2000 1961 2031 obli·
2004 2028 2006 2030 .

1092 2053 1218 2085 gatum,
1242 2043 1467 2075 constituendo
1493 2045 1592 2075 teneri
1625 2044 1743 2074 debere
1761 2066 1769 2080 ‚
1800 2041 1910 2073 Celsus
1928 2041 1960 2073 δε

1092 2086 1231 2126 julianus
1259 2085 1419 2117 scribunt:
1452 2086 1527 2117 licet
1559 2084 1629 2124 post
1656 2084 1863 2116 constitutum
1895 2081 1964 2113 dies

1094 2126 1277 2167 temporalis
1295 2127 1426 2158 astionis
1444 2125 1565 2158 exierit.
1592 2126 1700 2168 Quare
1717 2126 1745 2156 &
1761 2124 1780 2156 fi
1798 2124 1867 2164 post
1884 2132 1964 2155 tem-

1094 2178 1151 2208 pus
1178 2168 1381 2209 obligationis
1406 2167 1435 2199 se
1461 2167 1632 2199 soluturum
1659 2166 1878 2204 constituerit,
1908 2164 1961 2196 ad·

1094 2210 1155 2241 huc
1179 2211 1263 2240 idem
1279 2208 1417 2249 Julianus
1442 2217 1546 2251 putat:
1570 2209 1720 2249 quoniam
1744 2218 1785 2239 eo
1812 2215 1962 2247 tempore

1094 2250 1279 2290 constituit,
1304 2260 1368 2291 quo
1394 2258 1460 2283 erat
1483 2250 1637 2292 obligatio
1653 2274 1664 2290 ,
1685 2249 1761 2282 licet
1787 2249 1817 2280 in
1835 2249 1865 2280 id
1885 2256 1962 2280 tem-

1095 2302 1172 2334 puS,
1197 2302 1261 2332 quo
1278 2302 1340 2323 non
1359 2293 1534 2324 tenebatur.
1931 2300 1932 2305 ¹

1134 2333 1181 2365 Ex
1200 2334 1350 2365 hactenus
1369 2333 1457 2365 distis
1477 2333 1685 2375 intelligitur,
1708 2341 1779 2364 eum
1796 2331 1848 2376 qui
1867 2338 1961 2370 pecu-

1093 2375 1175 2407 niam
1192 2374 1329 2407 debitam
1349 2373 1530 2413 constituit,
1555 2374 1584 2406 ei
1607 2374 1658 2406 cui
1675 2373 1839 2405 constituit
1857 2370 1961 2402 teneri
1990 2386 1992 2389 v

1093 2418 1218 2448 actione
1241 2415 1471 2448 constitutoria.
1495 2417 1643 2455 idemque
1666 2414 1729 2452 est,
1753 2413 1774 2444 ss
1801 2422 1864 2443 non
1884 2421 1961 2443 con-

1094 2458 1193 2490 stituit
1210 2458 1355 2498 quidem,
1379 2458 1430 2489 sed
1450 2456 1638 2489 adversarius
1661 2466 1701 2486 eo
1722 2453 1898 2495 postulante
1916 2453 1962 2493 ju-

1092 2499 1225 2538 raverit,
1250 2498 1416 2539 pecuniam
1439 2498 1494 2531 fibi
1517 2499 1556 2529 ab
1580 2507 1619 2528 eo
1642 2496 1703 2529 esse
1719 2494 1922 2527 constitutam
1940 2493 1961 2526 l.

1093 2551 1140 2581 25.
1159 2541 1186 2582 §,
1210 2550 1232 2571 1.
1250 2541 1276 2570 h.
1293 2546 1313 2570 t.
1346 2578 1358 2580 -

1136 2581 1326 2621 Exspettas,
1348 2581 1385 2613 ad
1411 2579 1485 2619 quid
1511 2579 1580 2611 haec
1599 2579 1681 2611 anio
1697 2579 1798 2611 detur.
1822 2586 1888 2609 non
1906 2584 1962 2606 ero

1092 2623 1123 2655 in
1150 2632 1247 2654 mora.
1274 2623 1364 2653 datur
1387 2623 1425 2653 ad
1444 2622 1525 2659 hoc3
1549 2629 1583 2652 ut
1606 2621 1629 2652 is
1647 2619 1697 2661 qui
1725 2617 1889 2651 constituit
1907 2616 1962 2648 soi-

1095 2673 1147 2696 vat
1166 2663 1384 2696 constitutum.
1403 2664 1499 2702 quid,
1514 2662 1534 2694 fi
1552 2661 1639 2693 malit
1657 2661 1798 2693 debitum
1819 2659 1962 2697 solvere,

1096 2715 1189 2747 quam
1216 2704 1447 2736 constitutum?
1470 2702 1543 2742 fac3
1568 2704 1645 2735 illud
1670 2711 1723 2734 aut
1739 2702 1815 2733 illud
1833 2699 1962 2731 debuit:

1098 2750 1231 2779 alterurn
1248 2744 1421 2776 constituit.
1437 2745 1523 2776 estne
1540 2745 1713 2776 audiendus
1725 2767 1733 2780 ,
1757 2744 1888 2774 alterum
1907 2739 1965 2772 sol-

1098 2798 1173 2820 vere
1190 2788 1332 2819 malens?
1350 2786 1644 2826 negatPapinianus
1656 2810 1665 2824 ‚
1682 2785 1744 2816 effe
1754 2782 1964 2819 audiendum

1098 2831 1119 2862 fi
1139 2830 1215 2861 velit
1234 2829 1332 2860 hodie
1352 2828 1447 2859 fidem
1474 2827 1654 2858 constitutae
1671 2826 1716 2858 rei
1732 2825 1879 2865 frangere
1896 2824 1920 2853 al.
1943 2822 1963 2854 l.

1100 2882 1147 2912 25.
1172 2872 1216 2901 D.
1240 2871 1266 2900 h.
1291 2875 1310 2900 t.
1337 2868 1479 2908 Oportet
1503 2868 1597 2909 igitur
1619 2878 1691 2900 eum
1713 2868 1763 2907 qui
1781 2863 1963 2902 constituit,

1096 2913 1215 2944 solvere
1230 2912 1317 2951 quod
1328 2911 1501 2942 constituit.
1516 2911 1593 2941 inde
1621 2909 1770 2950 quaeritur
1787 2907 1870 2948 apud
1890 2905 1964 2936 Pau-

1094 2955 1159 2985 lum
1175 2954 1193 2984 l.
1210 2962 1258 2984 21.
1275 2951 1304 2993 §.
1322 2963 1349 2984 2.
1365 2962 1402 2983 an
1421 2953 1474 2990 qui
1494 2951 1615 2982 solvere
1640 2949 1824 2986 constituit,
1846 2945 1964 2977 satisfa-

1096 2996 1203 3027 ctione
1225 2995 1354 3034 defungi
1381 2992 1496 3033 poffit?
1518 2992 1604 3023 Pauli
1630 2992 1728 3023 verba
1744 2990 1829 3020 sunt:
1853 2984 1964 3025 Consti-

1096 3043 1158 3068 tuto
1179 3035 1249 3073 fatis
1273 3044 1329 3065 non
1354 3035 1444 3071 fucit,
1470 3043 1524 3075 quo
1532 3033 1698 3073 soluturum
1713 3035 1741 3069 se
1754 3026 1917 3067 constituit,
1933 3023 1963 3063 fi

1095 3077 1198 3119 offerat
1217 3075 1471 3108 satisfacitionem.
1499 3075 1532 3105 Si
1548 3076 1613 3116 quis
1632 3080 1727 3104 autem
1743 3067 1914 3110 constituat,
1930 3066 1961 3098 se

1095 3119 1332 3156 satisdaturum‚
1355 3116 1544 3159 fidejussorem
1567 3116 1613 3146 ‘vel
1630 3115 1753 3155 pignora
1763 3113 1828 3148 det,
1851 3118 1909 3140 non
1925 3114 1965 3139 te-

1095 3161 1279 3202 netur,quia
1293 3159 1367 3195 nihil
1385 3155 1521 3199 interest,
1542 3150 1967 3222 quemadmodum‚satisfacisalt‘3
