2036 3495
156 138 205 174 70
574 123 921 160 GERARDI

985 118 1250 154 Nono-r

1309 118 1518 155 COMM.

160 215 184 248 fi
198 215 346 247 dominus
360 214 396 246 fit
413 211 566 254 proesen83
584 220 648 242 non
665 209 827 240 tenebitur
841 213 1031 248 procui-ator
1075 207 1150 239 dum
1164 209 1249 248 quod
1266 208 1372 250 supra,
1388 218 1460 240 curn
1478 209 1508 240 id
1524 214 1633 250 aperte
1651 208 1789 240 tradatur
1800 209 1817 241 l.
1826 210 1904 242 unic.
1915 211 1949 243 C.

156 255 312 298 judicium
336 255 509 294 suscipere,
535 260 639 292 neque
666 249 812 281 satisdare
834 249 855 280 l.
876 258 924 280 10.
946 249 964 279 b.
982 253 1032 288 ⁶5-

159 298 204 329 D.
219 298 246 328 h.
260 304 281 327 t.
304 296 374 333 quia
385 305 425 326 eo
435 293 588 331 admisso,
604 291 687 323 nulla
697 290 874 322 adversario
888 289 969 321 fraus
982 289 1033 321 fit:

161 339 237 378 quin
258 345 291 367 ut
308 336 409 366 facilis
435 334 480 366 est
505 334 646 365 mandati
671 333 872 371 exploratio,
895 340 1034 362 evocato

158 379 198 409 ad
213 377 387 408 Praetorem
406 377 557 414 domino:
575 374 616 406 fic
633 373 772 405 difficilis
782 382 846 405 non
864 372 907 404 est
923 372 1038 404 adoris

158 417 347 450 conventio.
396 416 476 450 Illud
493 417 674 454 videamus,
698 415 843 455 quisnam
866 415 896 445 in
922 413 1037 445 Edicto

155 459 293 500 praesens
320 458 523 500 intelligatur.
574 456 714 488 Primum
745 465 810 487 non
836 455 1036 493 dubitamus,

157 501 347 542 praesentem
366 501 466 531 videri
484 508 556 531 eum
574 499 628 539 qui
646 499 675 529 in
690 498 758 537 jure
775 496 839 535 (τῆς
858 506 918 527 nec
935 497 1036 528 minus

156 542 247 574 illum
265 542 317 580 qui
334 540 379 573 est
394 542 423 572 in
442 540 537 578 foi·o;
555 540 652 580 quive
669 540 700 570 iii
719 539 815 576 urbe3
840 545 894 568 aut
911 538 941 568 in
959 546 1039 568 con·

157 585 336 615 timentibus
360 582 500 614 aedificiis
523 583 542 613 l.
561 585 589 612 6.
608 580 649 612 D.
665 580 692 610 b.
711 586 731 610 t.
757 580 834 611 item
865 580 917 619 qui
943 578 987 609 est
1004 579 1034 609 in

155 625 260 657 hortis
284 625 300 656 l.
326 635 355 664 5.
384 624 426 655 D.
444 624 471 654 h.
487 631 508 654 ι.
534 632 606 654 nam
624 622 653 653 ὅτ.
677 621 790 652 hortos
806 621 837 651 in
854 621 1035 651 continenti

157 667 254 698 Urbis
272 665 383 704 fuiss'e,
400 665 573 697 commode
590 663 737 694 observat
749 662 788 693 V.
803 662 862 693 CL.
879 661 1035 692 Barnabas

157 707 333 740 Brissonius
348 708 386 738 zib
396 717 424 748 3.
444 705 543 737 Seleft.
554 706 647 745 antiq.
666 714 689 735 c.
704 714 748 745 13·
766 704 795 734 &
812 704 886 734 ideo
903 703 966 742 ejus
983 703 1035 742 qui

156 751 191 782 in
210 751 258 781 liis
279 749 341 788 est,
367 756 555 789 procurator
572 745 718 786 praesenti
741 744 803 777 effe
823 745 949 776 videtui·
966 744 986 775 l.
1006 754 1034 784 7.

158 791 204 823 D.
222 793 248 823 h.
270 798 290 822 ι.
418 813 421 816 .

202 832 367 864 Postremo
385 833 425 862 ait
439 831 580 869 Praetor,
599 830 697 861 Sinon
713 827 870 867 defendat,
885 837 975 870 neque
993 826 1036 863 sa-

160 876 268 913 zisclet,
293 884 356 905 cum
375 870 589 913 postulabitur,
612 869 752 902 astionem
776 879 834 900 non
851 870 932 901 dabo.
979 868 1038 900 His

158 917 267 947 verbis
285 915 470 946 continetur
486 922 580 953 poena
598 911 816 953 procuratoris
835 920 899 942 noti
923 909 1035 942 defen-

160 958 265 989 dentis
281 955 539 993 autsatisdantis,
556 963 628 985 cuni
648 952 867 993 postulabitur.
887 962 922 983 ea
940 961 1036 992 poena

159 998 224 1037 est,
241 1008 280 1030 ne
299 998 325 1029 ei
346 998 438 1028 detur
451 996 534 1027 aCtio
552 1005 644 1036 quani
663 993 801 1035 postulat
813 994 917 1024 alieno
933 994 1035 1024 nonii-

158 1051 201 1072 1ie
215 1041 235 1071 l.
253 1050 303 1080 43.
319 1039 390 1081 §.4
410 1038 451 1070 D.
471 1036 506 1072 ὅ)
522 1038 541 1069 l.
559 1048 589 1077 5.
610 1037 643 1067 C.
660 1039 686 1067 l).
706 1042 726 1066 t.
746 1035 855 1075 estque
874 1044 963 1066 extra
983 1035 1035 1065 du·

159 1081 247 1113 bium
259 1105 268 1119 ,
283 1080 304 1113 fi
322 1088 511 1122 procurator
527 1079 668 1109 nondum
687 1077 847 1109 satisdedit
859 1076 1036 1115 judicatum

158 1123 259 1161 solvi,
285 1132 349 1154 non
374 1122 507 1163 procedi
526 1121 606 1151 ultra
624 1118 725 1150 EdiCti
742 1127 887 1158 poenam:
913 1127 973 1148 nec
991 1118 1034 1148 in-

159 1166 262 1196 vitum
279 1163 451 1204 compelli,
466 1162 619 1203 judicium
632 1159 796 1200 suscipere.
821 1167 852 1189 at
870 1158 892 1189 fi
909 1158 1034 1190 satisde-

162 1206 209 1237 dit
233 1205 428 1237 defendendi
447 1204 564 1246 gratia,
589 1212 625 1233 an
651 1201 734 1233 aliud
753 1200 924 1232 dicendum
940 1199 993 1236 sit,
1018 1209 1034 1229 a

161 1246 334 1279 Veteribus
353 1247 438 1277 varie
464 1245 630 1276 trafftatum
647 1241 758 1279 fuisse,
782 1242 812 1272 in
832 1241 1035 1281 sequentibus

158 1289 332 1321 ostendam.
377 1287 451 1320 Huc
467 1296 566 1327 iisque
585 1286 624 1316 de
641 1284 754 1315 actoris
772 1292 992 1322 procuratore.

203 1331 305 1362 Porro
326 1329 493 1370 disputabo
511 1330 551 1359 de
569 1336 609 1357 eo
627 1327 677 1366 qui
695 1334 753 1365 pro
771 1333 828 1355 reo
844 1324 1035 1355 intervenit:

157 1381 231 1403 iiam
251 1381 291 1404 ne
310 1371 395 1402 liunc
410 1371 540 1410 quidem
559 1367 701 1407 neglexit
720 1365 852 1397 Praetor.
884 1366 913 1396 ἃ
929 1365 1035 1406 potest

157 1414 259 1444 videri
290 1413 318 1443 in
345 1412 431 1443 hunc
455 1409 585 1442 edixiss'e
602 1407 737 1439 sensum:
762 1407 983 1438 Procuratorem
994 1408 1032 1438 ad

156 1455 237 1486 litem
251 1455 459 1494 suscipiendam
474 1453 576 1483 datum.
587 1473 596 1489 ,
610 1457 661 1489 pro
677 1458 732 1490 quo
747 1448 933 1487 consentiente
948 1449 1035 1479 domi-

157 1506 214 1528 nus
224 1491 390 1537 judicatum
405 1494 477 1530 salvi
488 1492 662 1531 satisdaliit,
686 1492 753 1519 item
775 1500 838 1520 eum
857 1490 948 1531 quise
965 1490 1035 1520 alte-

158 1541 223 1569 rius
238 1534 392 1577 (lesenfiom'
406 1531 562 1576 offeret,fi
574 1531 829 1573 judicatumsalvi
846 1533 1035 1562 boniviritir-

156 1581 268 1611 liitmtia
284 1578 459 1615 stimulabit,
483 1575 644 1606 admittam.
687 1572 763 1603 Hoc
782 1571 888 1611 Caput
907 1573 1034 1613 attingit

155 1617 363 1653 Modestinus
388 1618 408 1649 l.
438 1627 484 1648 10.
514 1615 549 1649 D.
573 1614 844 1656 Judicatumftlvi.
872 1614 969 1645 babet
985 1623 1035 1644 au-

155 1671 225 1694 tem
249 1661 400 1693 summam
423 1659 627 1699 aequitatem:
652 1656 781 1696 quando
805 1655 933 1695 publice
958 1655 1035 1686 utile

157 1703 222 1742 est,
245 1703 391 1734 absentes
410 1710 426 1732 a
442 1700 698 1740 quibuscumque
712 1695 841 1727 defendi
860 1697 878 1727 l.
896 1707 944 1738 33.
959 1696 987 1737 §.
1006 1706 1033 1727 2.

155 1745 201 1778 D.
219 1746 247 1776 h.
266 1751 287 1775 t.
322 1744 383 1774 hac
401 1742 525 1773 ratione
548 1738 676 1780 possunt
693 1739 760 1778 geri
781 1739 910 1778 negotia
929 1738 1035 1768 absen-

157 1786 216 1826 tis,
240 1787 336 1817 etiam
354 1784 530 1825 ignorantis
548 1782 577 1813 &
596 1780 704 1812 inviti:
730 1789 770 1810 ne
787 1780 928 1820 alioquin
949 1779 1033 1810 inde·

156 1825 239 1861 fenfi
264 1828 423 1868 patiantur
445 1833 550 1856 rerum
576 1821 796 1863 possessionem
820 1831 856 1852 ac
878 1821 1036 1852 venditio-

155 1879 232 1902 nem
244 1893 252 1908 ,
269 1869 319 1900 vel
338 1867 481 1908 pignoris
493 1864 727 1897 distractionem
738 1886 748 1901 ‚
766 1863 816 1894 vel
830 1872 931 1904 poeiiae
948 1871 1032 1893 com-

155 1911 323 1944 mittendae
342 1909 501 1940 attionem
520 1907 537 1937 l.
559 1915 582 1937 1.
599 1905 640 1936 D.
657 1905 689 1934 cie
707 1905 827 1945 negotiis
842 1902 939 1945 gestis.
970 1903 1034 1934 Sed

157 1952 289 1985 interest
312 1953 395 1982 inter
414 1950 477 1980 boc
497 1948 525 1979 δι
551 1947 693 1987 superius
717 1947 841 1986 Caput:
867 1945 953 1985 quod
982 1945 1033 1976 hic

157 1993 265 2035 potest
284 1991 426 2024 defensio
449 1991 499 2021 vel
522 1988 585 2020 fine
609 1989 758 2019 mandato
786 1988 946 2027 permitti:
971 1986 1035 2017 illic

156 2045 224 2067 non
243 2034 366 2074 potest:
383 2042 423 2064 eo
441 2031 528 2072 quod
547 2031 611 2060 hoc
630 2027 700 2059 casu
719 2029 832 2060 melior
849 2028 884 2060 fit
901 2027 1036 2059 absentis

161 2076 330 2113 conditi03
355 2075 410 2106 illo
428 2073 569 2105 deterior
586 2072 604 2102 l.
624 2079 673 2110 39.
693 2070 733 2101 D.
748 2072 808 2101 eod.
826 2072 870 2101 tit.
908 2068 1036 2100 Utilitas

158 2119 255 2159 igitur
272 2117 352 2148 facit
369 2116 412 2147 rei
430 2112 608 2146 defensioni
632 2113 740 2143 locum
764 2112 858 2143 etiam
875 2110 938 2143 fine
953 2120 1037 2142 man-

160 2162 248 2191 dato.
277 2158 341 2190 Nisi
358 2158 500 2197 iniquum
512 2155 574 2192 est3
593 2153 681 2193 quod
692 2153 769 2184 alius
787 2154 916 2184 debitor
932 2152 1035 2183 invito

160 2200 296 2233 offertur
314 2198 477 2230 creditori.
510 2196 573 2227 Sed
590 2196 713 2226 bonum
733 2194 851 2226 faetum
869 2194 1035 2226 Praetoris:

157 2252 200 2274 ne
224 2241 323 2273 actori
349 2240 400 2271 vel
417 2239 492 2270 hinc
509 2237 545 2269 fit
562 2236 733 2277 quiritandi
752 2236 863 2275 causa,
886 2245 904 2267 a
923 2235 1034 2267 defen-

159 2284 230 2316 sore
248 2282 405 2324 exigentis
419 2281 595 2321 judicatum
613 2277 691 2309 solvi
706 2277 941 2309 satisdationem
957 2276 1036 2308 boni

157 2326 218 2357 viri
242 2325 404 2357 arbitratu.
429 2331 464 2353 ea
481 2320 582 2359 facta,
608 2319 685 2359 quid
703 2319 832 2350 interest
847 2319 981 2357 astoris,
1004 2327 1035 2348 u-

157 2376 241 2398 trum
266 2367 372 2403 hunc,
398 2373 436 2395 an
462 2364 570 2400 illum,
596 2361 712 2392 habeat
737 2360 941 2392 debitorem:
963 2368 1036 2391 cum

158 2408 253 2448 poffit
265 2408 314 2448 jus
332 2407 419 2437 suum
429 2405 467 2435 ab
479 2412 616 2443 utroque
633 2410 781 2442 peraeque
798 2401 962 2442 consequi.
983 2402 1035 2431 At-

159 2458 223 2488 que
239 2449 303 2480 lioc
317 2447 508 2490 generaliter
526 2444 733 2475 constitutum
749 2443 813 2483 est;
837 2452 944 2484 eoque
967 2452 1035 2483 per-

158 2491 242 2520 tinet
257 2491 294 2521 ad
310 2498 423 2521 omnes
440 2486 545 2519 causas
561 2486 577 2517 l.
589 2486 668 2516 unic.
680 2485 711 2516 C.
727 2486 956 2525 defatisciand03
973 2492 1033 2515 nec

158 2531 263 2562 minus
287 2532 325 2562 ad
352 2539 465 2561 omnes
488 2527 658 2569 personas,
682 2527 777 2558 etiam
801 2527 980 2564 locupletes
1004 2526 1033 2556 <St

158 2573 311 2603 idoneas:
335 2570 477 2611 prorsus,
493 2578 527 2600 ut
541 2578 638 2600 nemo
656 2568 685 2599 in
704 2568 805 2599 aliena
821 2577 854 2599 re
873 2567 936 2599 fine
952 2566 1034 2598 satis-

158 2615 289 2644 datione
312 2613 445 2644 idoneus
468 2609 619 2643 defensor
642 2608 705 2641 ess'e
726 2609 933 2650 intellligatur
950 2609 968 2639 l.
984 2611 1033 2647 46.

157 2654 188 2696 ς.
210 2664 236 2685 2.
254 2653 331 2693 l.5i.
347 2652 373 2693 §.
392 2663 418 2683 2.
432 2654 449 2683 l.
459 2663 507 2693 53.
519 2652 555 2687 δέ)
569 2662 619 2691 54.
634 2651 676 2682 D.
693 2651 720 2682 h.
737 2657 759 2682 t.
783 2651 826 2682 At
838 2650 922 2682 enirn
938 2659 1035 2681 nemo

158 2695 206 2728 est
224 2694 415 2735 supervacua
431 2696 581 2725 cautione
598 2693 789 2725 onerandus.
832 2692 880 2723 Sit
895 2694 956 2723 ita:
982 2691 1035 2722 sed

158 2737 268 2768 cautio
292 2743 384 2776 quarn
410 2734 530 2766 Praetor
548 2745 564 2765 a
583 2733 773 2773 defensore,
798 2732 853 2765 etfi
871 2733 1034 2773 locuplete

159 2778 279 2819 exigit,
299 2775 429 2808 minime
442 2775 632 2816 supervacua
648 2775 702 2806 est.
719 2775 815 2807 facile
828 2776 911 2806 enim
929 2773 1036 2815 potest

158 2819 322 2854 definere,
340 2817 484 2856 locuples
499 2816 580 2855 effe,
596 2818 649 2856 qui
660 2815 704 2848 est
721 2818 798 2849 talis.
817 2816 923 2857 potest
938 2816 1035 2847 etiarn

157 2858 339 2900 fieri,utfit
353 2858 451 2889 actori
468 2859 564 2888 tutius
581 2867 633 2888 aut
648 2857 1036 2897 commodius‚fidejuffo-

156 2913 230 2941 ses,
255 2910 348 2943 quarn
373 2897 594 2936 defensorem,
618 2900 803 2931 convenire.
836 2909 935 2940 porro
959 2899 1034 2939 quid

159 2953 262 2985 opus,
286 2942 427 2973 actorem
444 2940 568 2971 onerari
592 2940 792 2979 inquisitione
810 2941 840 2973 in
864 2940 1035 2972 facultates

161 2984 342 3017 defensoris
369 2991 441 3014 cum
466 2990 531 3021 quo
552 2980 595 3011 illi
612 2981 688 3011 nibil
712 2981 757 3012 est
781 2983 920 3022 negotii,
943 2981 963 3013 fi
981 2981 1035 3021 Jus

161 3026 268 3058 Civile
292 3025 411 3067 spectes
424 3047 433 3061 ,
455 3023 484 3054 &
507 3023 537 3053 in
556 3030 651 3061 quem
668 3022 795 3053 demum
813 3033 869 3063 per
886 3023 1034 3055 Edictum

159 3068 299 3100 incidit?
323 3066 392 3106 Sic;
414 3065 435 3097 fi
453 3063 517 3096 fine
539 3063 689 3093 mandato
711 3063 884 3095 intervenit
909 3066 953 3096 rei
980 3065 1033 3096 de-

161 3109 280 3142 fensor.
305 3109 401 3148 quid,
427 3105 448 3138 fi
473 3114 514 3137 ex
536 3104 687 3136 mandato
712 3104 796 3142 ejus,
824 3105 853 3135 ὅ(
877 3106 940 3137 hoc
956 3115 1033 3138 con-

160 3151 248 3184 stet?
271 3159 385 3182 movet
409 3146 664 3183 dubitationem,
687 3145 776 3184 quod
798 3144 946 3177 damnato
963 3156 1034 3186 pro-

160 3198 331 3229 curatore,
347 3191 452 3222 adhuc
469 3189 501 3220 in
519 3187 684 3220 dominum
701 3186 792 3217 datur
808 3186 939 3225 judicati
951 3188 1033 3218 actio

1076 249 1280 287 destitz'sdancl.
1308 250 1380 281 Nec
1397 250 1519 290 obstat,
1544 251 1631 291 quod
1644 251 1774 291 J'udicati
1795 251 1876 282 afflo
1896 252 1950 284 da-‘

1078 295 1128 319 tur
1153 291 1182 321 in
1202 291 1377 323 dominum.
1423 291 1506 322 Nam
1531 292 1569 323 ab
1589 292 1681 323 initio
1706 292 1795 323 aliter
1811 291 1892 330 fuit,
1914 299 1950 324 ut

1080 337 1153 361 ante
1176 334 1283 363 monui
1303 344 1312 371 3
1343 334 1371 363 dc
1396 342 1587 373 quamquain
1605 334 1636 364 id
1653 333 1768 364 deinde
1785 332 1829 363 est
1850 340 1949 364 muta-

1081 379 1167 418 tiim3
1183 373 1300 405 mansit
1325 383 1429 405 tamen
1458 375 1515 405 hac
1539 376 1568 405 in
1594 383 1682 414 parte
1701 375 1749 413 jtis
1770 372 1952 413 pristinum:

1081 421 1154 451 quia
1171 413 1270 458 actori
1294 415 1337 446 est
1362 417 1490 455 quidem
1519 423 1647 446 cautum
1673 416 1799 446 actione
1822 415 1951 454 judicati

1081 454 1227 485 adversus
1246 456 1430 495 dominum3
1455 458 1504 488 scd
1522 467 1586 488 non
1606 457 1753 487 adversus
1771 464 1955 496 procurato-

1079 504 1169 533 rem,
1189 505 1229 526 ne
1246 497 1270 527 is
1288 498 1375 529 litem
1392 508 1552 537 moretur,
1577 499 1751 538 dolumque
1769 497 1883 529 malum
1901 498 1953 533 ‚ab-

1079 535 1142 566 esse
1152 559 1165 582 ⁹.
1183 537 1212 567 ἃ
1229 537 1410 570 abfuturum
1429 540 1564 580 praestet.
1612 540 1707 571 Plane
1730 537 1910 577 suffecerit,
1932 539 1953 571 fi

1079 577 1228 623 dominus
1245 579 1309 617 ipsc
1327 581 1461 620 praesens
1488 581 1703 621 procuratoris
1729 579 1770 611 sui
1790 579 1953 620 personam

1078 627 1136 658 per
1157 619 1331 664 judicatum
1356 620 1433 653 solvi
1454 622 1664 654 satisdationis
1688 621 1842 653 solemnes
1861 620 1956 661 stipu-

1080 662 1215 704 lationes
1231 660 1353 699 firmet,
1372 663 1422 694 vel
1440 672 1528 695 extra
1542 665 1696 704 judiciuin
1714 671 1855 703 exponat
1875 661 1956 695 satis·

1079 702 1240 732 dationem
1252 710 1308 742 per
1324 704 1491 744 quamipse
1508 705 1550 736 sui
1563 706 1778 745 procuratoris
1796 703 1956 743 fidejussor

1083 741 1270 788 existat-pro
1287 745 1623 785 omnibusjudicatum
1642 745 1721 778 solvi
1744 745 1955 777 satisdationis

1082 783 1246 822 clausulis,
1264 792 1318 814 aut
1338 786 1477 825 alioquin
1501 787 1532 818 id
1550 788 1771 827 repromittat,
1796 787 1825 818 &
1846 795 1956 826 praete-

1081 834 1133 855 rea
1159 834 1290 869 caecat,
1314 826 1497 858 adfuturum
1523 828 1552 859 se
1574 830 1694 868 Judicio
1712 837 1859 868 tempore
1875 829 1955 859 reci-

1081 867 1182 912 tandae
1201 868 1381 903 sententiae3
1399 877 1431 899 ut
1448 868 1576 901 discitur
1593 879 1633 901 ex
1650 870 1677 910 §.
1692 880 1721 908 4.
1740 868 1814 910 lnst.
1832 870 1957 908 defatis-

1079 909 1188 938 clatwn.
1220 907 1283 939 Sed
1301 909 1369 939 haec
1386 917 1488 941 utrum
1508 910 1565 941 fint
1581 920 1620 941 ex
1639 911 1770 948 h'difto,
1795 920 1834 942 an
1853 920 1892 941 ex
1909 911 1956 941 in-

1080 951 1314 995 terpretatione
1341 951 1427 990 ejus,
1451 952 1538 991 quod
1561 952 1702 983 indicare
1720 952 1846 983 videtur
1865 951 1955 992 Justi-

1079 1000 1206 1028 manus,
1231 991 1421 1030 subdubit03
1445 994 1475 1024 δι
1492 994 1566 1024 ideo
1585 993 1623 1024 ab
1641 993 1755 1024 Edicto
1773 992 1873 1024 omisi.

1103 1031 1198 1077 *Vult
1216 1033 1311 1072 igitur
1331 1033 1464 1073 Praetoi·,
1481 1035 1520 1065 ab
1537 1044 1576 1065 eo
1595 1035 1648 1074 qui
1667 1044 1726 1075 pro
1742 1044 1798 1066 reo
1816 1036 1954 1066 interve-

1078 1082 1125 1104 nit
1137 1096 1146 1111 ,
1162 1074 1297 1118 praestari
1310 1075 1484 1115 judicatum
1496 1075 1573 1107 solvi
1592 1076 1839 1108 satisdationem.
1865 1084 1897 1106 at
1913 1076 1953 1108 de

1079 1124 1149 1160 rato
1166 1116 1372 1147 satisdatione
1389 1118 1466 1148 nibil
1483 1118 1580 1150 addit.
1597 1127 1693 1157 quare
1712 1117 1793 1149 banc
1809 1127 1824 1148 a
1842 1116 1955 1149 defen-

1078 1158 1147 1187 sore
1163 1157 1298 1188 absentis
1322 1158 1475 1198 praessari‚
1500 1159 1576 1190 nibil
1594 1160 1727 1190 attinet:
1751 1160 1905 1196 maxime,
1929 1157 1951 1190 fi

1077 1197 1114 1229 sit
1131 1200 1162 1228 in
1180 1197 1344 1238 personam
1365 1200 1447 1231 aftio
1463 1200 1482 1230 l.
1499 1210 1549 1241 45.
1566 1200 1594 1242 §.
1611 1200 1664 1230 ult.
1684 1199 1728 1231 D.
1746 1201 1774 1231 D.
1790 1207 1812 1231 t.
1832 1199 1868 1234 ὃ)
1886 1200 1904 1230 l.
1920 1210 1949 1238 5.

1077 1240 1105 1281 §.
1122 1239 1176 1270 ult.
1198 1239 1233 1273 ὅ*
1249 1242 1266 1270 l.
1278 1245 1304 1271 6.
1325 1240 1369 1272 D.
1387 1243 1420 1271 de
1435 1251 1500 1273 nov.
1518 1250 1559 1282 op.
1578 1252 1666 1273 minc.
1693 1251 1759 1272 tuin
1776 1242 1860 1273 enim
1875 1241 1953 1281 quid

1076 1279 1206 1312 interest
1230 1281 1361 1320 actoris,
1385 1292 1489 1314 iitrum
1518 1293 1583 1314 rem
1609 1291 1706 1315 ratam
1727 1283 1842 1314 babeat
1864 1292 1955 1321 reus,

1078 1332 1116 1353 an
1136 1331 1200 1353 non
1216 1322 1348 1355 habeat:
1371 1325 1444 1365 quia
1464 1326 1504 1355 de
1521 1325 1576 1355 suo
1595 1324 1687 1356 solvit
1711 1323 1859 1356 defensor
1875 1333 1954 1355 con-

1080 1364 1262 1395 demnatus:
1287 1374 1392 1405 coque
1417 1366 1515 1397 modo
1538 1376 1609 1397 reus
1626 1367 1721 1397 etiam
1741 1366 1859 1396 invitus
1876 1366 1953 1396 libe-

1078 1413 1174 1437 ratur.
1217 1405 1251 1436 ln
1276 1407 1452 1437 actionibus
1472 1408 1501 1437 in
1525 1417 1590 1438 rem
1607 1408 1690 1438 aliud
1707 1407 1752 1437 est
1769 1407 1788 1437 l.
1806 1416 1856 1445 40.
1874 1406 1901 1447 §.
1921 1417 1950 1438 2.

1079 1447 1121 1478 D.
1140 1446 1166 1476 l).
1183 1453 1203 1476 t.
1237 1449 1394 1478 contraria
1417 1449 1560 1479 ratione:
1585 1457 1655 1479 iiam
1675 1448 1788 1480 actoris
1806 1447 1951 1486 interest,

1078 1489 1109 1519 in
1125 1497 1160 1518 ea
1177 1488 1300 1519 actione
1313 1489 1366 1521 fibi
1382 1499 1398 1519 a
1414 1490 1583 1520 defensore
1600 1492 1704 1520 caveri
1724 1491 1763 1520 de
1775 1497 1861 1520 rato:
1879 1490 1953 1529 quia

1079 1530 1166 1561 litem
1192 1530 1352 1560 obtinenti
1380 1531 1552 1562 restituitur
1569 1531 1686 1562 fundus
1702 1532 1767 1568 rei,
1791 1531 1875 1561 hunc
1897 1531 1954 1570 igi-

1079 1579 1129 1602 tur
1145 1571 1219 1610 quid
1239 1572 1269 1601 ni
1288 1572 1449 1610 vindicet,
1474 1571 1493 1602 ii
1511 1580 1706 1608 revertatur,
1723 1571 1818 1602 reus?
1842 1579 1954 1609 certo,

1079 1615 1166 1652 quod
1185 1612 1268 1643 inter
1285 1612 1364 1643 alios
1380 1613 1482 1644 aetum
1500 1613 1564 1652 est,
1584 1614 1650 1644 aliis
1667 1613 1869 1653 praejudicare
1888 1621 1954 1644 non

1079 1662 1243 1694 oportere.
1269 1653 1345 1684 Hoc
1363 1655 1514 1694 exemplo
1526 1678 1533 1691 ,
1550 1654 1571 1685 fi
1589 1663 1605 1684 a
1622 1663 1832 1694 procuratore
1843 1654 1883 1684 de
1899 1653 1956 1684 sta-

1080 1705 1112 1726 tu
1131 1703 1240 1735 agatur
1257 1695 1382 1726 afflone
1399 1696 1623 1736 praejiitiiciali3
1646 1695 1737 1735 (sunt
1751 1695 1837 1726 enim
1857 1695 1954 1726 astio-

1079 1745 1134 1768 nes
1154 1737 1383 1776 praejudiciales
1400 1739 1431 1768 in
1449 1746 1514 1768 rein
1531 1738 1559 1778 §.
1581 1746 1628 1778 13·
1646 1735 1720 1778 Inss.
1743 1737 1777 1768 de
1796 1736 1952 1777 afflonz'b.)

1078 1777 1201 1818 semper
1228 1779 1432 1819 compellitur
1456 1787 1646 1819 procurator
1665 1781 1705 1810 de
1728 1786 1798 1810 rato
1816 1787 1952 1810 cavere:

1078 1820 1141 1851 five
1166 1819 1191 1850 is
1215 1827 1406 1860 procurator
1431 1821 1570 1861 aliquem
1594 1828 1683 1860 petat
1699 1821 1730 1852 in
1747 1819 1950 1852 servitutem:

1079 1862 1164 1901 (quo
1183 1861 1253 1892 casu
1268 1862 1382 1893 asteris
1399 1870 1504 1903 partes
1524 1863 1637 1903 implet
1653 1862 1672 1893 l.
1692 1871 1720 1902 7.
1736 1861 1764 1903 ὃ.
1782 1861 1836 1893 ult.
1855 1861 1898 1892 D.
1917 1862 1951 1892 de

1077 1903 1155 1934 liber.
1166 1903 1261 1942 caus)
1278 1903 1340 1934 sive
1351 1904 1494 1944 quisipse
1510 1904 1691 1944 proclamet
1706 1904 1737 1934 in
1754 1903 1952 1935 libertatem:

1079 1944 1164 1985 (quo
1188 1944 1258 1976 casu
1283 1953 1473 1985 procurator
1497 1945 1624 1976 sustinet
1647 1943 1824 1976 defensoris
1849 1952 1954 1985 partes

1079 1987 1107 2016 cl.
1124 1986 1143 2017 l.
1164 1994 1192 2026 7.
1210 1986 1237 2027 §.
1255 1989 1308 2017 ult.
1327 1986 1362 2021 ἐτ’
1377 1987 1396 2017 l.
1420 1995 1464 2018 12.
1484 1986 1526 2018 D.
1545 1989 1578 2017 cle
1595 1986 1725 2026 except.)
1741 1994 1878 2025 utroque
1895 1985 1952 2025 igi-

1080 2035 1131 2058 tur
1156 2027 1246 2065 casu,
1270 2037 1309 2059 ne
1333 2028 1465 2068 impune
1489 2037 1548 2068 pro
1568 2027 1622 2059 suo
1647 2027 1727 2059 statu
1748 2026 1857 2067 saepius
1873 2035 1953 2057 con-

1078 2068 1243 2107 veniatur,
1260 2069 1358 2100 debet
1374 2070 1403 2100 ei
1420 2076 1608 2109 procurator
1627 2069 1666 2100 de
1682 2076 1751 2100 rato
1769 2077 1883 2100 cavere
1893 2068 1910 2097 l.
1920 2071 1951 2101 8.

1081 2110 1110 2151 §.
1130 2120 1157 2141 2.
1176 2110 1217 2141 D.
1237 2110 1309 2141 Rat.
1328 2120 1386 2141 rem
1403 2111 1515 2141 haberi:
1539 2110 1673 2151 perinde
1696 2108 1780 2150 quafi
1806 2119 1847 2140 ex
1864 2116 1954 2140 utro·-

1079 2161 1142 2191 que
1159 2151 1256 2182 latere
1273 2152 1360 2183 actor
1380 2151 1544 2184 habeatur.
1574 2159 1670 2191 atque
1687 2151 1750 2182 hoc
1766 2151 1861 2182 etiam
1878 2149 1954 2182 Edi-

1080 2194 1132 2224 Cto
1150 2192 1240 2224 fuisse
1259 2192 1546 2233 comprehensum,
1572 2192 1726 2234 Ulpianus
1736 2193 1779 2224 ait
1794 2193 1814 2224 l.
1823 2191 1910 2233 39.§.
1920 2202 1952 2232 5.

1078 2234 1122 2265 D.
1138 2234 1166 2265 b.
1184 2242 1206 2265 t.
1237 2234 1313 2266 Hoc
1331 2235 1460 2274 quidem
1477 2235 1507 2266 in
1525 2234 1653 2265 afflone
1668 2234 1698 2265 in
1719 2243 1797 2266 rem.
1820 2243 1852 2264 at
1868 2232 1953 2264 aliud

1079 2275 1123 2307 est
1141 2276 1171 2306 iii
1190 2275 1314 2307 actione
1332 2278 1362 2306 in
1384 2275 1569 2317 personam,
1593 2283 1628 2307 ut
1642 2275 1717 2307 dixi.
1740 2275 1794 2307 nifi
1813 2274 1833 2307 fi
1850 2274 1953 2316 agitur

1080 2318 1120 2349 de
1140 2326 1180 2347 eo
1199 2318 1287 2357 quod
1305 2316 1397 2358 ipfius
1416 2318 1460 2349 rei
1479 2317 1642 2349 habeatur.
1663 2324 1729 2348 tuin
1748 2317 1832 2348 enim
1850 2315 1952 2347 simili-

1080 2367 1128 2389 ter
1147 2358 1260 2390 actoris
1285 2358 1432 2397 interest,
1457 2368 1473 2390 a
1493 2358 1682 2398 defensore,
1706 2357 1954 2398 praeterJudica·

1079 2408 1146 2431 tum
1172 2399 1250 2431 solvi
1275 2399 1530 2439 satisdationem,
1554 2400 1689 2440 praestari
1712 2398 1954 2431 satisdationem

1078 2443 1118 2472 de
1143 2450 1231 2473 rato:
1255 2450 1295 2472 eo
1319 2443 1408 2481 quod
1432 2442 1484 2473 liic
1500 2450 1631 2482 quoque
1648 2440 1753 2481 potest
1767 2440 1886 2478 metui;
1909 2449 1952 2471 ne

1078 2483 1194 2514 deinde
1206 2484 1321 2514 iterum
1337 2484 1518 2523 experiatur
1533 2492 1603 2513 reus
1614 2506 1623 2521 ,
1636 2491 1700 2513 non
1714 2482 1832 2513 habens
1846 2488 1952 2512 ratum

1078 2526 1166 2565 quod
1190 2534 1207 2555 a
1230 2524 1401 2555 defensore
1424 2524 1544 2565 gestum
1560 2523 1605 2555 fit.
1630 2523 1700 2554 talis
1717 2522 1802 2554 casus
1815 2523 1845 2553 in
1863 2521 1881 2552 l.
1898 2530 1952 2562 39.

1077 2566 1105 2607 ᾗ.
1119 2566 1174 2597 ult.
1191 2565 1232 2597 D.
1248 2566 1276 2596 h.
1295 2573 1317 2597 t.
1340 2565 1403 2597 est:
1426 2566 1456 2596 Si
1475 2564 1629 2605 suspe&us
1647 2563 1824 2605 postuletur
1843 2570 1954 2601 tutor,

1080 2611 1109 2638 o'c
1128 2608 1195 2647 quis
1212 2607 1248 2639 fit
1265 2606 1330 2646 ejus
1349 2605 1509 2638 defensor.
1525 2615 1620 2647 quein
1632 2610 1698 2637 non
1715 2606 1822 2646 placet
1838 2605 1952 2636 admit-

1080 2650 1122 2686 ti,
1147 2648 1200 2680 nifi
1227 2648 1365 2689 praestita
1390 2648 1542 2679 cautione
1565 2648 1605 2678 de
1630 2655 1719 2686 rat03
1744 2657 1784 2678 ne
1808 2644 1952 2678 reversus

1079 2698 1167 2721 tutor
1186 2691 1263 2720 velit
1282 2689 1451 2720 retractare
1468 2690 1590 2720 actum:
1614 2689 1701 2730 quod
1726 2688 1876 2729 denegari
1893 2696 1952 2718 vo-

1078 2731 1176 2770 lenti,
1201 2730 1318 2763 famam
1336 2729 1418 2762 suam
1439 2732 1538 2769 tueri,
1562 2740 1627 2762 non
1647 2729 1692 2761 est
1716 2739 1852 2771 aequum.
1874 2728 1953 2760 nei-

1077 2774 1162 2814 gitur
1181 2773 1240 2804 hac
1252 2773 1375 2803 ratione
1391 2773 1483 2804 inane
1498 2772 1553 2804 fiat
1567 2772 1818 2812 mejudicium,
1830 2769 1950 2810 prospi-

1078 2816 1226 2846 ciendum
1245 2813 1342 2845 aetori
1362 2812 1425 2844 fuit
1441 2816 1591 2845 cautione
1608 2814 1649 2845 de
1665 2821 1735 2845 rato
1751 2814 1770 2844 l.
1780 2817 1811 2844 6.
1822 2811 1864 2844 D.
1875 2810 1950 2843 Rat.

1077 2866 1136 2887 rem
1152 2857 1214 2887 hab.
1248 2854 1378 2887 Interim
1396 2864 1506 2887 monet
1525 2855 1678 2896 Ulpianus
1695 2856 1723 2886 d.
1740 2854 1769 2896 §.
1787 2853 1841 2885 ult.
1857 2853 1876 2884 l.
1890 2861 1951 2893 39,

1078 2899 1167 2939 quod
1184 2907 1248 2929 non
1265 2896 1361 2928 facile
1373 2906 1427 2937 per
1443 2905 1686 2938 procuratorem
1702 2905 1772 2936 quis
1788 2893 1950 2926 excusabi-

1079 2947 1145 2971 tur:
1170 2939 1233 2979 (ita
1251 2939 1370 2970 habent
1385 2939 1529 2979 plerique
1556 2938 1644 2976 libri,
1669 2945 1859 2977 quamquam
1876 2934 1950 2966 Flo-

1078 2981 1187 3013 rentiae
1205 2980 1269 3018 est,
1286 2980 1488 3021 accusabitur)
1504 2980 1655 3020 quoniam
1671 2979 1765 3010 famae
1781 2976 1870 3008 causa
1884 2975 1949 3008 estz

1078 3030 1287 3063 praeterquam
1307 3022 1336 3052 in
1349 3022 1473 3053 duobus
1484 3021 1616 3053 cafibus.
1640 3028 1774 3061 quorum
1786 3026 1865 3062 unus
1882 3015 1950 3061 est,

1077 3063 1143 3096 Nifi
1160 3063 1303 3102 constet,
1328 3064 1356 3094 ei
1375 3072 1391 3093 a
1408 3070 1516 3094 tutore
1540 3062 1720 3093 mandatum
1746 3064 1946 3090 nominatim.

1077 3107 1157 3137 altcr
1174 3105 1238 3144 est,
1262 3105 1326 3136 Aut
1343 3103 1364 3136 fi
1383 3105 1478 3135 etiam
1496 3104 1624 3135 absente
1640 3110 1764 3146 tutore,
1781 3096 1864 3138 quati
1880 3106 1950 3129 non

1078 3146 1308 3179 defenderetur
1330 3168 1339 3184 ,
1370 3144 1493 3177 Praetor
1525 3153 1592 3176 erat
1625 3148 1819 3182 cogniturus.
1857 3138 1951 3177 quod

1077 3191 1206 3229 quando
1230 3188 1417 3227 contingat,
1441 3194 1572 3226 apparet
1597 3194 1636 3216 ex
1650 3183 1669 3213 l.
1687 3192 1715 3221 7·
1733 3181 1761 3222 §-
1779 3180 1832 3211 ult·
1851 3178 1895 3210 D·
1912 3180 1948 3210 ἀὲ

161 3234 179 3265 L
192 3244 222 3275 4·
240 3232 283 3267 D·
299 3233 333 3265 de
347 3242 377 3265 re
387 3231 514 3275 judicat·
536 3229 618 3270 Sed,
634 3234 735 3270 pum>
753 3226 805 3259 ¹¹50
822 3226 906 3261 idem
926 3227 1034 3261 dicen·
1068 3230 1193 3271 suspect.
1210 3235 1299 3265 tutor.
1324 3227 1378 3263 Est
1396 3228 1426 3262 ὅ(
1442 3229 1519 3261 alius
1533 3225 1622 3261 casus
1638 3232 1702 3265 quo
1721 3222 1791 3264 quis
1808 3220 1949 3262 eiusdem·

1855 3260 1950 3292 actio-
