2036 3495
146 115 192 150 94
590 91 1250 147 GeitAnD1NooD’r
1307 111 1518 147 COMM.

195 194 271 227 Non
299 196 398 226 minus
422 193 549 234 eiegans
565 191 609 222 est
627 191 758 231 sequens
776 191 904 231 Ulpiani
921 192 1026 224 obser-

153 238 242 267 vatio
262 237 290 266 in
310 236 329 265 l.
351 238 396 265 16.
413 234 441 266 b.
461 240 482 263 t.
518 233 554 263 In
578 235 667 262 cazn‘oe
691 235 850 272 cognitione
873 235 959 264 etiam
977 234 1027 265 hoc

151 278 331 316 versabitur,
349 285 419 305 num
428 275 508 313 forte
527 274 586 304 alia
600 273 672 303 attio
686 271 769 315 poffit
786 281 934 314 competere
952 276 1027 306 citra

149 320 181 348 in
199 320 342 357 integrum
359 314 575 354 restitutionem.
621 314 703 345 Nam
715 315 742 353 Ji
759 317 900 346 communi
915 318 1024 347 auxilio

150 358 187 392 ἃ
204 367 275 387 mero
287 358 358 397 jitre
375 357 504 386 munitus
516 354 576 393 sit,
600 366 657 387 non
675 358 750 386 (lebet
775 358 801 387 ei
818 359 908 388 tribui
929 363 1023 389 extra*

148 397 494 429 ordinariumauxilinm.
519 396 615 428 Etest
626 399 807 438 exemplum
828 397 1024 438 Ulpianicla-

146 448 215 470 rum
239 439 269 469 dt
288 447 430 470 certum:
459 438 502 469 Ut
521 445 615 478 puta,
639 449 702 469 czmz
721 440 830 479 pupillo
847 439 1026 471 contrabium

148 478 187 520 est
200 478 264 516 fine
282 481 386 511 tutoris
401 479 584 511 autioritate.
632 479 683 511 Est
700 481 783 511 enim
803 481 939 521 pupillus
958 482 1025 522 ipso

146 523 214 561 ,iure
234 529 339 552 tutus:
357 521 426 553 solo
442 521 600 562 obligatus
618 531 735 553 naturae
753 523 820 562 jure
838 532 879 554 ex
899 531 964 561 quo
980 524 1023 561 ju-

147 571 182 593 re
203 562 288 593 civili
308 572 371 594 non
389 563 434 594 est
452 564 578 602 petitio,
624 561 702 594 Non
726 563 888 602 peccabo:
914 564 933 595 li
952 564 1024 594 huic

148 604 301 643 exemplo
321 604 478 644 subjiciam
496 605 578 635 aliud
596 604 760 636 consimile
780 615 819 636 ex
838 605 856 635 l,
869 614 917 644 25.
934 604 976 635 D.
993 606 1026 635 de

140 643 357 686 fidejirfforibus
376 655 445 684 quae
464 645 629 686 desumpta
646 645 687 677 eil
708 656 747 677 ex
764 647 880 677 eodem
901 645 1024 686 Ulpiani

146 687 200 717 lib.
216 696 267 717 XI.
314 688 362 718 Ad
382 686 554 725 EdiCtum3
578 696 617 717 ei<
638 696 704 726 quo
722 687 766 718 est
784 689 811 718 d.
829 687 846 717 l.
870 692 914 718 16.
931 688 1025 728 eique

148 728 224 759 olim
243 727 382 759 cohaefit.
409 728 516 759 Verba
531 728 550 758 l.
565 738 612 767 25.
623 728 908 768 Marcellzcsscribit:
921 728 950 766 fi
961 732 1025 770 quis

140 775 195 810 pro
207 770 318 809 pupillo
331 770 394 808 fine
412 772 517 800 tutoris
540 768 714 801 azitioritcite
730 771 869 812 obligato,
888 773 1021 811 prodigo-

146 820 200 848 νε,
221 811 267 841 vel
275 807 390 851 furioso
401 811 573 852 fidejnfferit
581 821 591 840 .·
606 813 698 852 magis
714 810 782 851 effe,
799 817 830 842 ut
847 813 872 842 ei
887 822 943 842 non
958 813 1021 847 lul)-

145 853 303 883 veniatur:
325 855 459 894 quoniam
481 853 525 883 hz‘s
549 854 679 883 manduit
702 854 775 884 (telio
801 863 858 884 non
882 855 1022 893 competit.

145 893 194 934 Jta
218 894 323 932 paffiin
350 895 476 934 legitur.
507 893 558 925 sed
583 894 697 925 incidit
715 896 857 925 Antonio
881 894 1022 934 Contio,

142 934 186 967 V.
213 935 271 966 CL.
297 935 345 966 lib.
371 946 398 967 2.
428 935 502 966 Var.
528 934 589 966 leci.
610 945 632 966 c.
653 945 681 976 3.
711 946 887 976 reponere:
917 936 960 967 Ut
979 938 1022 966 his

143 986 201 1007 non
212 976 427 1017 subveniatur,
447 979 583 1018 quoniam
598 979 623 1008 ei
638 979 770 1008 mandati
786 977 860 1009 αὲἶίο
876 987 932 1008 non
949 987 1021 1008 com·

139 1018 224 1058 petit.
250 1016 405 1057 Optimo,
423 1019 559 1059 opinor,
576 1017 661 1049 sensu
678 1019 729 1058 qui
748 1027 820 1050 ante
831 1027 897 1050 erat
909 1019 1021 1050 nullus.

143 1060 169 1090 is
186 1058 256 1090 iane
274 1061 364 1091 locus
387 1060 527 1098 pertinet
544 1060 582 1091 acl
600 1059 747 1092 Edictum
764 1062 803 1091 de
822 1060 1021 1091 restitutione

141 1101 323 1140 minorum,
336 1102 364 1132 ὅ(
381 1102 425 1134 est
442 1102 684 1141 conjungendus
702 1111 775 1133 curn
791 1100 853 1132 fine
874 1102 1020 1142 principii

142 1142 170 1173 d.
190 1141 209 1172 l.
233 1146 279 1174 16.
306 1144 349 1174 ita
372 1152 435 1174 non
453 1144 604 1183 quaeritur
627 1143 667 1174 de
683 1143 881 1174 restitutione
898 1142 1021 1183 fidejus-

143 1183 221 1214 soris
246 1185 299 1224 qui
325 1185 498 1216 intervenit
526 1194 584 1225 pro
609 1185 732 1225 pupillo
756 1183 818 1216 fine
835 1185 950 1215 tutoris
971 1194 1018 1215 au-

145 1224 293 1257 Qoritate
311 1226 476 1267 obligato,
499 1233 552 1256 aut
579 1235 637 1266 pro
657 1227 812 1266 prodigo,
836 1225 1020 1264 furiosove,

141 1265 441 1308 fimiliterobligatis
451 1266 514 1299 fine
524 1266 675 1298 consensu
686 1268 856 1298 curatoris:
876 1267 926 1298 sed
938 1277 1018 1307 quae-

143 1309 223 1339 ritui·
241 1310 281 1339 de
298 1309 497 1340 restitutione
515 1309 646 1348 pupilli,
664 1309 809 1349 prodigi,
825 1316 877 1339 aut
896 1308 1018 1339 furiosi:

142 1349 172 1380 6:
191 1348 236 1380 est
254 1351 419 1390 utriusque
441 1350 470 1382 ὅ(
490 1350 636 1381 Marcelli
656 1351 684 1381 dc
702 1349 830 1390 Ulpiani
849 1349 964 1381 sensus:
988 1349 1019 1380 Si

141 1392 211 1431 quis
229 1390 480 1432 fidejusseritpro
499 1392 621 1432 pupillo
637 1391 699 1422 fine
718 1393 832 1423 tutoris
850 1392 1017 1422 auctorita-

141 1439 176 1462 te
192 1432 336 1473 obligato
348 1456 357 1471 ,
373 1441 424 1463 aut
443 1442 501 1471 pro
519 1433 674 1472 prodigo,
694 1431 874 1464 furiosove:
891 1442 955 1464 non
974 1431 1018 1464 est

142 1473 210 1509 his,
236 1475 267 1504 id
288 1473 332 1504 est
349 1497 358 1511 ,
384 1474 526 1513 pupillo,
550 1474 709 1513 prodigo,
732 1482 784 1504 aut
804 1473 941 1512 furioso,
966 1483 1019 1505 ric-

141 1514 268 1545 cessaria
286 1515 316 1545 in
335 1514 494 1554 integrum
513 1514 690 1546 restitutio:
717 1515 789 1555 quia
809 1514 880 1547 satis
905 1515 1017 1546 muniti

139 1555 209 1586 sunt
223 1556 291 1595 jure
309 1559 492 1595 communi;
516 1565 589 1587 curn
606 1556 699 1593 huic,
724 1557 756 1587 id
775 1556 839 1594 est,
862 1555 1016 1596 fidejusso-

137 1597 184 1635 ri,
200 1596 440 1636 adversusipsos
459 1597 544 1628 nulla
560 1598 628 1637 jure
644 1597 731 1629 civili
748 1605 914 1638 competat
931 1607 1017 1629 man·

138 1639 203 1669 dati
221 1637 315 1669 aCtio.
358 1637 422 1669 Hic
440 1640 565 1679 Ulpiani
583 1637 704 1676 sensus,
729 1639 758 1670 ἃ
775 1638 879 1677 solus,
902 1649 967 1670 non
985 1649 1012 1670 a-

135 1676 207 1711 ]ius.
235 1679 281 1711 Ita
298 1689 362 1711 non
382 1687 515 1721 oportet
533 1690 573 1711 eo
592 1689 631 1710 ex
649 1681 725 1710 loco
746 1680 876 1711 ulterius
898 1682 993 1721 quaeri
1006 1704 1016 1719 ,

136 1721 246 1762 (quod
272 1730 288 1752 a
307 1721 467 1761 plerisque
485 1721 553 1753 fieri
570 1721 686 1762 video)
712 1731 750 1753 an
770 1722 838 1753 talis
856 1721 1015 1762 fidejuffor

133 1761 203 1803 jure
220 1763 306 1793 civili
327 1763 486 1804 obligatus
512 1763 717 1803 intelligatur.
755 1772 825 1795 nam
844 1765 883 1794 de
900 1763 964 1794 hoc
983 1764 1014 1795 in

134 1803 303 1844 proposito
323 1813 428 1844 neque
440 1803 596 1846 Ulpianus
615 1805 794 1844 cogitavit,
813 1814 917 1846 neque
928 1804 1014 1836 Mar-

137 1846 248 1877 celius.
296 1844 385 1889 Quid
403 1848 497 1886 igitur
518 1845 588 1877 est?
612 1847 640 1876 ei
660 1847 713 1885 qui
731 1845 795 1877 hoc
812 1845 890 1877 scii-e
906 1847 1017 1885 volet,

138 1886 305 1926 suadeam,
330 1888 375 1918 ire
393 1889 432 1918 ad
447 1889 505 1919 alia
524 1887 752 1919 Pandeuarum
770 1890 874 1929 capita
899 1890 930 1919 in
947 1889 1016 1928 qui-

137 1929 196 1959 bus
215 1938 250 1960 ea
269 1927 400 1968 quaestio
417 1929 576 1960 tractatur.
618 1938 658 1959 ex
674 1928 738 1960 hoc
755 1931 839 1961 enim
857 1930 932 1960 loco
949 1939 1015 1961 non

138 1970 255 2002 discet:
273 1971 344 2008 Quia
360 1972 389 2001 in
402 1971 466 2002 hoc
477 1979 541 2002 non
553 1969 598 2001 est
613 1970 727 2002 acrum.
753 1970 916 2011 Superiori
934 1980 1014 2011 quae-

137 2009 231 2043 stioni
252 2012 352 2044 affinis
379 2011 424 2043 est
449 2013 519 2049 illa,
542 2021 581 2042 an
606 2012 710 2043 minor
738 2014 847 2053 viginti
873 2013 1015 2053 quinque

137 2054 246 2090 annis,
265 2053 285 2085 fi
304 2054 473 2085 contrahat
491 2053 554 2085 fine
572 2053 725 2084 curatoris
741 2053 914 2091 consensu,
933 2064 1014 2095 opus

138 2094 254 2126 habeat
278 2096 307 2125 in
332 2096 488 2136 integrum
515 2094 740 2125 restitutione?
765 2096 956 2136 proponitur
979 2105 1015 2126 ea

136 2134 166 2166 in
184 2137 203 2166 l.
226 2146 254 2177 3.
275 2136 308 2167 C.
324 2137 351 2167 b.
370 2142 391 2168 t.
409 2138 437 2168 dt
456 2136 499 2168 est
519 2145 579 2167 una
595 2136 771 2175 dubitatio,
796 2145 900 2168 utrum
917 2137 953 2168 fit
970 2138 1014 2177 ip·

138 2176 171 2207 so
186 2177 255 2216 jure
273 2185 380 2215 tutus,
404 2187 440 2208 an
459 2188 534 2209 non.
566 2177 627 2208 Sed
644 2176 726 2208 hanc
743 2188 784 2209 ex
803 2177 944 2217 proferro
962 2187 1014 2209 ex-

135 2218 246 2258 pedivi
261 2218 308 2250 lib.
327 2218 377 2250 Ad
394 2219 490 2251 Editi.
511 2219 556 2249 De
567 2217 643 2259 pati.
655 2218 834 2257 &tramiti
853 2229 877 2250 c.
895 2230 943 2252 20.
962 2219 1014 2251 Ne

137 2261 448 2300 praetermittendum
474 2260 602 2301 quidem
626 2259 714 2291 foret
739 2263 921 2301 exemplum
938 2261 965 2302 §.
988 2270 1015 2293 1.

136 2304 164 2333 d.
185 2302 205 2333 l.
225 2306 271 2333 16.
295 2301 349 2333 nisi
365 2302 396 2333 id
410 2300 631 2342 *exposuissem
656 2301 702 2332 lib.
724 2302 768 2333 De
786 2304 879 2343 sorni.
903 2303 1012 2335 emerici.

136 2343 191 2374 dol.
204 2343 270 2374 mol.
283 2353 307 2374 c.
320 2352 349 2384 7.
368 2343 398 2374 in
416 2352 482 2383 quo
498 2344 592 2374 etiam
604 2366 613 2380 ‚
633 2344 720 2382 quod
741 2343 785 2375 est
802 2344 1013 2384 digniffimum

140 2383 310 2416 observatu
323 2408 332 2423 ‚
351 2384 508 2421 indicavi,
522 2385 582 2424 l.5.
601 2384 634 2414 C.
652 2385 678 2415 h.
698 2391 718 2415 t.
736 2384 798 2416 effe
815 2394 936 2426 partem
955 2385 1010 2425 l.5.

137 2425 171 2456 C.
189 2427 221 2456 de
230 2427 345 2466 rescindf
359 2428 444 2457 vend.
463 2426 660 2457 monstrante
670 2425 746 2466 legis
757 2436 922 2466 utriusque
937 2436 1011 2458 cuin

134 2473 266 2503 tenore,
284 2475 350 2498 tum
368 2467 576 2507 inscriptione
594 2476 663 2507 quae
681 2468 726 2499 est
743 2468 835 2509 lmpp.
849 2469 1008 2500 Diocletia-

134 2508 167 2538 ni
184 2507 220 2541 ὃ)
239 2508 421 2540 Maximiani
436 2511 474 2540 ad
490 2508 617 2548 Rufum.

178 2548 276 2580 Volui
301 2550 462 2582 discedere
483 2560 500 2581 a
515 2553 542 2582 d.
560 2551 578 2581 l.
602 2554 647 2581 1'6.
673 2548 724 2581 sed
748 2551 866 2582 retinet
884 2561 936 2583 me
955 2552 1009 2582 du-

132 2590 210 2632 plex
235 2589 395 2629 scrupulus
420 2594 451 2623 in
469 2592 516 2622 his
531 2592 636 2622 verbis
646 2598 693 2632 pr.
714 2593 742 2623 d.
761 2592 778 2623 l.
806 2593 842 2623 In
859 2594 952 2633 causae
967 2603 1010 2624 co-

130 2633 262 2674 gnitione
288 2633 372 2662 etiam
396 2634 446 2664 hoc
469 2634 631 2670 versabitur
647 2657 656 2671 ‚
680 2643 751 2664 num
762 2634 843 2673 forte
859 2635 918 2665 alia
937 2634 1010 2665 attio

130 2671 214 2714 poffit
230 2678 380 2711 competere
393 2696 401 2710 ‚
414 2675 487 2705 citra
504 2676 536 2705 in
546 2677 692 2716 integrum
706 2673 922 2715 restitutionem.
944 2676 1008 2708 Pri-

133 2724 172 2745 or
187 2712 354 2744 difficultas
375 2713 436 2751 est,
461 2717 547 2755 quod
565 2726 630 2747 non
655 2716 724 2747 satis
743 2719 787 2747 eis
805 2720 1008 2748 conveniunt

134 2755 309 2796 sequentia.
353 2754 436 2785 Nam
451 2755 473 2792 fi
488 2759 632 2788 communi
647 2759 777 2796 auxilio,
802 2757 839 2792 ἐξ
854 2769 927 2789 mero
939 2759 1009 2800 jure

132 2797 266 2828 miirzitus
278 2794 339 2834 fit,
362 2805 419 2826 non
436 2797 513 2827 debet
528 2800 552 2828 ei
570 2800 658 2829 tribui
672 2802 938 2831 extraordinarium
955 2811 1008 2831 au-

132 2839 256 2870 xilium:
272 2842 306 2867 ut
317 2843 411 2877 puta,
429 2846 494 2868 cum.
506 2840 613 2877 pupillo
632 2840 811 2872 contractum
826 2839 865 2882 est
873 2839 939 2879 fine
959 2848 1005 2873 tu-

133 2881 204 2911 toris
220 2878 412 2914 austeritate,
435 2887 486 2908 nec
502 2880 662 2918 locupletior
672 2881 777 2922 sottus
793 2881 841 2922 esi.
877 2883 959 2925 Quae
976 2894 1005 2915 e·

132 2922 199 2953 nim
217 2920 270 2951 liic
287 2918 332 2950 est
350 2919 434 2951 attio
457 2928 589 2960 propter
612 2931 703 2961 quain
722 2926 908 2965 deneganda
923 2924 958 2956 fit
974 2926 1006 2956 in

129 2962 291 3002 integrum
307 2959 492 2992 restitutio?
517 2961 624 2992 Altera
641 2964 807 2997 difficultas
827 2965 891 2998 est:
917 2968 1006 3005 quod

131 3003 163 3035 in
181 3003 210 3045 §.
228 3013 253 3034 2.
273 3004 300 3033 d.
324 3002 377 3033 loci
400 3002 540 3033 occurrit
558 3005 757 3042 exemplum:
781 3008 810 3037 in
833 3017 898 3047 quo
915 3009 1007 3039 datur

129 3044 162 3076 in
191 3052 349 3083 integrum
374 3043 549 3082 restitutio,
572 3044 625 3076 etii
650 3045 706 3076 alia
733 3056 897 3087 competat
914 3050 1005 3081 attio.

130 3084 283 3125 idemque
302 3085 410 3116 evenit
427 3085 446 3116 l.
462 3095 486 3118 1.
503 3085 521 3116 l.
532 3095 561 3126 3.
581 3084 617 3119 &²
631 3085 650 3115 l.
660 3096 688 3125 5.
709 3087 741 3117 C.
760 3086 793 3116 Si
808 3096 864 3119 tut.
881 3091 927 3120 vel
941 3101 1004 3122 cur.

129 3129 278 3158 interven.
324 3125 370 3158 Ut
388 3127 482 3168 igitur
499 3135 634 3166 uterque
650 3127 807 3158 eximatur
823 3128 1002 3167 scrupulus:

129 3168 302 3201 dicendum
327 3168 393 3206 est,
418 3169 506 3209 quod
525 3168 556 3199 in
575 3170 602 3199 d.
619 3167 638 3199 l.
659 3171 704 3199 16.
724 3175 773 3209 pr.
802 3167 855 3199 sub
873 3171 1006 3204 aci-,ionis

1069 195 1195 243 dicendi
1207 199 1336 232 nullum.
1356 201 1439 233 &est
1457 201 1576 236 sensus:
1596 202 1736 246 Quoties
1752 202 1820 247 quis
1836 209 1877 240 ita
1893 204 1939 242 est

1069 246 1207 270 munitus
1225 240 1292 281 ipso
1307 242 1395 282 jure:
1418 252 1452 274 ut
1475 245 1570 282 poffit
1587 247 1616 276 id
1636 247 1722 286 quod
1739 247 1858 287 gestum
1874 250 1937 289 est,

1070 280 1190 312 nullum
1210 282 1336 315 dicere:
1361 292 1425 315 tum
1448 284 1569 316 Praetor
1584 287 1612 317 ei
1632 297 1696 318 non
1716 293 1941 323 accommodat

1069 319 1132 366 hoc
1148 325 1430 356 extraordinarium
1446 335 1475 356 in
1494 335 1649 367 integrum
1668 328 1872 363 restitutionis
1889 341 1939 364 au-

1068 362 1199 395 xilium:
1224 373 1394 404 propterea
1410 368 1497 407 quod
1515 378 1578 399 non
1598 369 1643 400 est
1666 379 1746 409 opus
1771 371 1940 404 restitutio-

1069 411 1110 434 ne
1128 413 1187 442 qua
1204 406 1322 438 nullum
1341 406 1393 438 fiat
1418 410 1600 449 negotium,
1626 412 1712 450 quod
1736 411 1780 443 est
1798 413 1938 455 nullum,

1070 444 1099 474 &
1116 446 1247 492 quidem⁵
1259 447 1325 486 ipso
1339 449 1417 488 jure.
1443 451 1504 481 tale
1521 452 1702 492 exemplum
1719 452 1778 484 est:
1800 453 1822 485 fi
1839 455 1941 495 pupil-

1070 485 1115 515 lus
1135 485 1164 517 se
1182 487 1372 533 obligaverit
1388 490 1451 522 fine
1468 494 1581 523 tutoris
1597 493 1806 532 auctoritate,
1825 505 1885 527 nec
1903 496 1940 529 fit

1068 526 1261 572 locupletior
1284 528 1402 562 factus:
1424 541 1478 563 aut
1503 532 1523 564 fi
1546 536 1650 565 minor
1674 535 1703 566 in
1721 537 1939 569 contrahenda

1067 566 1222 614 societate
1238 569 1274 600 fit
1291 572 1369 602 doto
1386 574 1468 605 malo
1486 575 1735 608 circumventus
1761 578 1836 616 quid
1855 579 1939 612 enirn

1069 608 1268 648 restituatur3
1292 612 1342 642 ubi
1361 615 1447 652 quod
1469 615 1663 654 restituatur,
1689 627 1754 650 non
1772 619 1845 651 est?
1871 620 1941 652 Cae·

1069 657 1170 681 terum
1190 650 1209 682 fi
1227 651 1293 689 ipso
1306 652 1375 691 jure
1391 656 1474 686 civili
1492 665 1597 689 teneat
1614 658 1734 700 gestum
1752 669 1825 692 cum
1842 662 1942 693 mino-

1069 701 1120 738 re:
1138 700 1203 723 tum
1220 691 1264 723 est
1282 696 1309 724 in
1321 703 1478 736 integrum
1495 699 1695 731 restitutione
1710 711 1809 742 opus:
1827 711 1886 734 nec
1903 712 1940 734 ea

1067 736 1241 780 impeditur
1251 743 1292 780 eo
1308 740 1395 774 quod
1412 739 1524 770 minori
1541 742 1636 772 etiarn
1654 743 1714 773 alia
1726 745 1883 782 competit
1897 744 1942 784 Ju-

1066 784 1100 805 re
1124 774 1208 806 CiVill
1232 775 1428 821 avelim-quia
1452 788 1516 810 non
1540 781 1584 813 est
1609 792 1712 815 minor
1729 784 1768 816 fic
1789 785 1856 824 ipso
1874 786 1942 825 Jure

1067 817 1224 853 munitus;
1243 816 1293 848 led
1311 817 1368 848 alia
1386 819 1528 860 athone,
1545 823 1575 853 in
1594 823 1752 864 integrum
1768 825 1942 858 restitutio-

1064 859 1096 888 ni
1116 860 1309 902 accedente:
1330 868 1364 889 tlt
1381 859 1426 891 est
1440 864 1552 893 incerti
1565 866 1726 898 condictio
1736 867 1870 909 §.2.cl.l.
1887 871 1941 899 16:

1068 899 1096 929 ἀ
1113 900 1181 929 ‘unt
1198 899 1422 945 aliaeat‘li'ones
1440 912 1468 933 in
1486 904 1514 934 cl.
1533 904 1552 934 l.
1562 914 1589 945 3.
1611 905 1646 939 δέ’
1666 918 1693 946 5.
1714 909 1766 940 Sic
1782 911 1942 949 accipien-

1066 942 1141 986 dum
1160 940 1247 980 quod
1265 950 1294 971 in
1313 943 1340 972 d.
1358 943 1375 972 l.
1391 949 1434 973 io.
1454 943 1472 985 §
1494 954 1521 985 3.
1539 949 1729 986 generaliter
1746 949 1871 989 subjicit
1888 950 1942 982 Ul-

1066 990 1196 1020 pianus,
1221 981 1262 1012 Et
1283 986 1452 1023 generaliter
1477 988 1651 1024 probandum
1673 988 1730 1029 esi,
1754 992 1802 1021 nbi
1827 998 1942 1022 contra-

1066 1022 1127 1053 δέω
1140 1033 1207 1094 ἀηῖπ
1230 1024 1308 1055 valer
1325 1048 1335 1063 ,
1358 1033 1413 1066 pro
1438 1033 1512 1058 certo
1538 1028 1691 1062 Praetorem
1714 1034 1891 1072 interponere
1905 1033 1941 1073 se

1062 1074 1120 1095 non
1159 1074 1172 1094 e
1192 1074 1246 1096 ere.

1103 1105 1165 1137 Res
1183 1105 1279 1138 finem
1295 1117 1360 1140 non
1386 1109 1548 1150 inveniet,
1573 1113 1592 1144 si
1613 1113 1707 1145 velim
1731 1118 1844 1147 omnes
1867 1124 1944 1149 enu-

1064 1157 1186 1193 merare
1203 1148 1309 1187 casus,
1332 1151 1363 1196 in
1383 1152 1497 1190 quibus
1514 1155 1612 1186 ccss'et
1625 1156 1656 1187 in
1677 1157 1835 1196 integrum
1853 1157 1940 1189 resti-

1066 1197 1160 1220 tutio.
1191 1199 1263 1220 cutn
1283 1200 1371 1237 *enirn
1398 1196 1587 1233 generaliter
1613 1197 1698 1227 dicat
1717 1196 1856 1237 Praetor,
1884 1198 1940 1230 Uti

1063 1240 1178 1271 qnoeque
1193 1238 1318 1277 res-ern,
1338 1235 1587 1268 animadvertam:
1603 1246 1754 1278 apparet,
1767 1250 1830 1270 non
1847 1240 1938 1273 aliter

1063 1272 1102 1302 ab
1119 1282 1159 1302 eo
1177 1273 1261 1310 dari,
1287 1282 1379 1314 quam
1400 1274 1419 1306 fi
1435 1277 1510 1316 julla
1527 1278 1615 1310 causa
1632 1279 1694 1310 esse
1714 1281 1868 1312 videatur.
1907 1281 1941 1314 Si

1064 1320 1167 1344 tamen
1181 1313 1329 1346 molestus
1345 1326 1409 1347 non
1430 1327 1506 1358 ei·0;
1529 1321 1640 1352 addam
1659 1321 1762 1354 causas
1782 1323 1940 1362 paucas&

1061 1355 1257 1402 elegantem·
1284 1355 1386 1387 Prima
1407 1359 1594 1391 deliberatio
1610 1363 1687 1393 erit:
1713 1372 1750 1393 an
1771 1364 1864 1404 posiit
1883 1365 1941 1396 mi·

1061 1405 1137 1434 nor,
1164 1395 1234 1442 post
1249 1406 1450 1443 impetratam
1468 1410 1484 1431 a
1502 1401 1650 1443 Principe
1672 1404 1774 1435 aetatis
1793 1406 1940 1444 veniam,

1063 1446 1128 1468 reni
1155 1438 1236 1468 luam
1263 1447 1365 1470 minus
1385 1442 1503 1473 idonee
1521 1453 1654 1483 gerens,
1678 1453 1788 1485 petere
1809 1447 1839 1476 in
1858 1447 1940 1477 inte-

1061 1487 1151 1519 grum
1168 1479 1411 1512 restitutionem.
1436 1484 1567 1523 quaestio
1586 1485 1648 1524 est,
1666 1496 1705 1517 an
1723 1486 1844 1527 fitjusta
1864 1496 1938 1519 cau-

1063 1520 1117 1551 la?
1136 1520 1187 1566 sed
1205 1529 1299 1566 negat
1318 1521 1524 1563 Aurelianus,
1537 1534 1633 1567 atque
1650 1528 1772 1566 optima
1790 1531 1937 1567 ratione;

1061 1570 1100 1607 nte
1124 1560 1155 1592 hi
1175 1570 1229 1606 qui
1248 1571 1320 1607 cuin
1347 1573 1388 1594 eo
1409 1567 1621 1605 contrahunt,
1645 1568 1810 1608 Principali
1828 1569 1939 1601 autio-

1060 1610 1153 1633 ritate
1176 1604 1403 1645 circumscripti
1431 1606 1494 1637 esse
1519 1609 1685 1640 videantur
1703 1609 1723 1640 l.
1746 1618 1771 1641 1.
1790 1609 1821 1640 C.
1848 1611 1881 1641 de
1895 1612 1937 1642 bis

1058 1646 1110 1689 qui
1126 1653 1192 1675 ven.
1211 1649 1288 1676 aetat.
1306 1646 1416 1686 impetr.
1452 1648 1568 1681 Similis
1588 1650 1679 1681 causa
1692 1651 1884 1692 denegandae
1902 1652 1937 1685 in

1059 1693 1217 1731 integrum
1236 1685 1445 1731 restitutionis
1461 1690 1527 1728 est3
1550 1691 1570 1722 fi
1589 1693 1687 1732 major
1704 1700 1804 1724 ratum
1820 1692 1937 1725 habue-

1059 1733 1101 1757 rit
1113 1727 1203 1774 ouod
1222 1737 1326 1759 minor
1343 1730 1444 1769 geffir.
1470 1732 1545 1771 quid
1563 1736 1648 1764 enirn
1665 1733 1812 1773 interest,
1830 1742 1937 1768 utrum

1057 1777 1159 1808 major
1174 1777 1282 1809 gerat,
1306 1780 1343 1802 an
1361 1773 1449 1811 quod
1469 1774 1572 1805 minor
1586 1775 1685 1815 geffit.
1709 1776 1808 1815 major
1822 1785 1937 1817 appro-

1059 1809 1140 1842 bet‘?
1157 1809 1208 1841 sed
1228 1809 1381 1858 Ulpianus
1399 1813 1418 1844 l.
1436 1823 1464 1853 3.
1481 1814 1509 1856 §.
1532 1825 1557 1847 1.
1576 1817 1604 1847 h.
1625 1822 1644 1847 t.
1664 1817 1728 1857 ait,
1746 1818 1890 1858 placere,
1903 1817 1936 1850 δε

1059 1850 1121 1882 effe
1138 1851 1346 1886 constitutum
1358 1877 1366 1893 ‚
1390 1854 1410 1886 fi
1428 1858 1496 1894 quis
1515 1858 1612 1897 major
1628 1857 1728 1890 faetus
1745 1860 1938 1899 comproba-

1059 1894 1256 1934 verit,quod
1274 1897 1379 1927 minor
1393 1896 1544 1937 generat,
1561 1898 1678 1931 ccffare
1690 1900 1937 1933 restitutionem.

1058 1936 1243 1981 eodemque
1260 1935 1376 1976 spectat
1391 1939 1408 1968 l.
1430 1947 1454 1969 1.
1474 1939 1510 1974 ἐξ
1529 1950 1556 1974 2.
1575 1941 1606 1972 C.
1646 1942 1679 1972 Si
1693 1942 1762 1983 maj.
1779 1941 1852 1980 fati.
1872 1947 1932 1974 rat.

1057 1977 1129 2022 hab..
1166 1976 1284 2009 Similis
1304 1978 1390 2010 casus
1412 1979 1474 2013 est:
1497 1980 1517 2012 fi
1537 1982 1641 2014 minor
1656 1983 1783 2014 alterius
1800 1983 1935 2014 circum-

1058 2019 1205 2049 veniendi
1233 2020 1322 2050 causa
1340 2043 1349 2057 ‚
1373 2019 1404 2052 se
1427 2023 1578 2062 majorem
1603 2024 1735 2056 dixerit:
1760 2023 1877 2062 sciens,
1902 2023 1934 2055 se

1058 2060 1215 2092 minorem
1228 2060 1298 2106 ‘lm-²5
1315 2061 1412 2102 Atqui
1429 2063 1473 2094 est
1489 2063 1601 2096 minor.
1620 2064 1681 2096 Sed
1693 2074 1849 2106 nequam3
1866 2075 1934 2098 non

1057 2101 1209 2140 fimplex;
1229 2103 1279 2133 led
1292 2104 1437 2143 improbe
1452 2105 1595 2137 callidus.
1620 2107 1662 2138 ita
1677 2107 1794 2138 malitia
1807 2107 1933 2147 supplet

1057 2150 1202 2173 aetatein:
1220 2151 1330 2183 certo,
1349 2146 1437 2184 quod
1451 2147 1579 2185 publica
1593 2147 1660 2187 jura
1675 2149 1866 2187 minoribus,
1884 2158 1932 2180 er-

1057 2184 1218 2221 rantibus,
1234 2194 1298 2216 non
1318 2186 1413 2218 etiam
1428 2186 1633 2228 fallentibus,
1658 2189 1848 2221 subveniunt
1864 2190 1882 2220 l.
1900 2199 1930 2222 2.

1059 2225 1092 2257 C.
1110 2226 1142 2256 Si
1159 2227 1277 2265 minse
1291 2228 1359 2269 maj.
1378 2229 1440 2259 dix.
1479 2228 1554 2260 Non
1579 2231 1665 2262 idem
1688 2230 1774 2271 rigor
1792 2230 1932 2264 servatur

1057 2267 1204 2298 adversus
1216 2268 1371 2299 minorem
1389 2271 1441 2308 qui
1457 2271 1608 2311 majorem
1625 2280 1750 2304 aetatem
1762 2273 1932 2312 probavit,

1056 2308 1086 2340 id
1104 2309 1167 2347 est,
1192 2311 1317 2349 putavit
1335 2309 1364 2341 se
1381 2312 1517 2351 probare
1533 2336 1544 2352 ,
1570 2314 1683 2345 tabulis
1701 2313 1933 2353 profeffionum

1057 2349 1177 2382 suarum
1195 2349 1249 2381 fibi
1266 2352 1398 2384 oblatis:
1417 2361 1489 2385 cum
1508 2353 1661 2393 nesciret,
1682 2354 1772 2386 falsas
1792 2354 1853 2386 effe
1868 2356 1930 2388 l.<1.

1056 2391 1089 2422 C.
1109 2393 1136 2422 d.
1158 2397 1179 2422 t.
1205 2390 1281 2423 Non
1299 2394 1382 2424 enim
1399 2392 1479 2425 fecit
1495 2394 1524 2426 se
1540 2395 1741 2427 restitutione
1763 2396 1932 2437 indignum

1055 2434 1107 2472 qui
1124 2433 1228 2463 noluit
1251 2434 1345 2465 aliurn
1364 2435 1531 2476 decipere,
1548 2436 1613 2477 ipse
1637 2437 1790 2475 deceptus
1814 2437 1932 2469 oblatis

1054 2473 1284 2513 professionum
1296 2475 1415 2507 [uarum
1427 2477 1540 2509 tabulis
1550 2487 1625 2517 quas
1641 2479 1772 2518 putabat
1782 2487 1871 2510 veras
1881 2488 1931 2510 es-

1054 2515 1094 2545 se.
1116 2514 1345 2547 Profeffionem
1358 2518 1499 2558 intellige
1508 2519 1618 2550 natalis
1629 2530 1636 2550 :
1647 2519 1687 2550 fic
1697 2520 1779 2551 enim
1792 2528 1929 2552 vocatur

1054 2557 1073 2587 l.
1089 2560 1116 2587 6.
1130 2556 1162 2588 C.
1181 2558 1213 2586 de
1222 2557 1277 2596 fid.
1294 2556 1375 2598 inste.
1399 2559 1514 2590 dicitur
1530 2560 1560 2591 δε
1577 2559 1760 2600 fimpliciter
1776 2561 1928 2601 profeffio

1054 2598 1073 2628 l.
1099 2607 1143 2636 ¹4·
1163 2597 1194 2629 C.
1213 2600 1246 2629 de
1258 2601 1369 2638 probat.
1396 2600 1470 2631 inde
1486 2600 1538 2631 hic
1555 2602 1669 2632 tabulae
1685 2602 1929 2643 profeffionum.

1050 2639 1165 2670 Solent
1181 2648 1287 2672 autem
1302 2649 1447 2678 parentes
1466 2649 1576 2674 vetere
1593 2653 1685 2675 more
1698 2645 1815 2684 (quem
1832 2654 1927 2676 revo-

1051 2679 1151 2718 casse,
1175 2681 1205 2711 &
1228 2681 1385 2721 ampliaffe
1404 2683 1600 2715 Antoninum
1619 2684 1868 2726 Philosophum,
1892 2695 1927 2717 o-

1051 2721 1166 2753 stendit
1184 2721 1303 2761 Lipfius
1321 2722 1445 2761 ExcurlL
1462 2725 1501 2755 A,
1519 2727 1557 2756 ad
1573 2726 1620 2757 lib.
1630 2737 1661 2766 5.
1678 2727 1791 2758 Annal.
1811 2726 1924 2767 Taciti)

1051 2763 1135 2803 apud
1148 2762 1215 2794 acra
1234 2762 1378 2803 profiteri
1395 2774 1485 2797 natos
1502 2765 1557 2798 fibi
1573 2767 1711 2806 liberos,
1731 2778 1796 2806 quo
1812 2769 1852 2800 de
1868 2778 1924 2800 eo-

1050 2814 1118 2836 rum
1136 2804 1309 2842 natalibus,
1322 2806 1448 2845 quoties
1466 2817 1547 2848 opus
1559 2808 1653 2848 effer,
1670 2809 1838 2842 constaret.
1863 2809 1925 2842 Hae

1050 2845 1261 2886 profeffiones
1286 2845 1367 2886 saepe
1391 2857 1480 2880 erant
1506 2859 1587 2881 verae
1608 2861 1618 2889 ;
1646 2851 1818 2891 aliquando
1839 2850 1925 2882 faisae

1050 2888 1069 2918 l.
1089 2896 1136 2923 29-
1155 2888 1184 2929 §.
1207 2897 1231 2919 1.
1250 2887 1292 2919 D.
1309 2891 1367 2920 eorl.
1386 2890 1432 2921 tit.
1450 2891 1546 2922 etiam
1563 2892 1693 2924 diversae
1709 2893 1786 2933 l.13.
1803 2892 1843 2925 D.
1861 2893 1923 2924 eod.

1050 2930 1096 2959 tit.
1115 2932 1237 2970 quippe
1254 2939 1325 2960 cum
1347 2940 1410 2962 non
1427 2933 1524 2963 modo
1541 2934 1637 2973 patris
1649 2957 1657 2972 ,
1681 2933 1734 2965 sed
1747 2934 1841 2965 etiam
1858 2942 1924 2964 ma-

1051 2971 1124 3008 tris,
1151 2970 1180 3002 &
1207 2971 1277 3009 avi,
1302 2971 1455 3012 profeffio
1473 2975 1670 3014 reciperetur
1684 2975 1701 3005 l.
1725 2978 1771 3006 16.
1789 2973 1831 3005 D.
1849 2974 1877 3004 d.
1895 2978 1919 3004 t.

1049 3021 1090 3042 ne
1116 3020 1229 3043 omnes
1255 3014 1384 3053 quidem
1409 3013 1529 3046 fiebant
1553 3017 1584 3047 in
1611 3015 1741 3056 publico
1757 3013 1920 3045 tabulario.

1049 3060 1137 3084 erant
1160 3053 1190 3084 &
1214 3053 1407 3086 domesticae.
1446 3056 1547 3096 liquet
1576 3066 1616 3088 ex
1639 3055 1774 3094 Apulejo
1795 3054 1918 3095 Apolog.-

1048 3095 1087 3125 ab
1104 3103 1205 3135 eaque
1226 3095 1314 3126 causa
1332 3095 1428 3128 facile
1445 3098 1605 3129 ementitae
1622 3099 1649 3128 d.
1665 3097 1685 3128 l.
1706 3105 1752 3134 14.
1769 3094 1920 3133 Superio-

1046 3136 1133 3167 ribus
1152 3136 1332 3169 addendum
1351 3147 1391 3168 ex
1411 3138 1431 3169 l.
1451 3148 1479 3178 3.
1500 3139 1533 3169 C.
1551 3138 1581 3175 fi
1595 3139 1665 3169 min.
1682 3135 1713 3176 ft
1735 3136 1831 3176 major.
1852 3136 1918 3169 dix.

1046 3176 1068 3207 fi
1087 3187 1150 3209 non
1169 3178 1301 3209 minoris
1318 3178 1409 3210 dolus
1425 3180 1617 3219 reperiatur,
1630 3177 1679 3208 sed
1690 3176 1856 3208 adversarii
1874 3178 1922 3209 in-

128 3209 345 3251 ssppellatfflsse
370 3210 555 3243 continetur
578 3211 626 3250 ius
649 3209 681 3242 id
700 3209 787 3251 quod
805 3209 927 3251 gestum
948 3212 1003 3252 fit,
1042 3218 1123 3256 juria
1139 3219 1190 3251 vel
1207 3219 1486 3264 circumventione
1499 3217 1747 3258 fueritfastum,
1761 3225 1795 3250 ut
1808 3218 1842 3251 se
1855 3226 1919 3264 rna-

1865 3266 1914 3298 Jo-

2032 1108 2034 1122 l
