2036 3495
625 100 913 146 Jntius

973 100 1381 153 PAU‘LtrsffSoe.

1830 115 1898 155 473

101 186 183 231 liffei
196 189 285 233 'quast
308 190 483 222 etiamnum
500 188 531 236 isti
548 189 651 220 honore
666 189 808 237 babuerit.
841 197 905 230 ergo
921 190 981 221 ideo
1014 199 1108 231 tum,
1131 191 1168 228 ὅ)
1183 191 1300 226 Divum
1318 194 1500 228 Commodum
1514 194 1695 237 constituisse.
1737 195 1782 228 Ut
1798 203 1896 230 autem

95 234 151 264 ‘hoc
170 234 240 277 stitit
252 257 260 271 ,
284 239 318 263 ut
335 233 416 264 tollat
434 233 550 278 causant
562 240 650 272 quam
663 236 761 276 potuit
775 229 916 278 Juturnci
929 231 978 262 ha·
1022 233 1089 264 boni
1111 235 1173 265 viri
1194 236 1342 268 arbitratu
1365 238 1406 276 is,
1430 239 1479 269 cui
1494 237 1680 279 usitsfruoiits
1696 237 1814 270 relicitus
1831 237 1892 278 eft,

95 276 165 305 bere
185 273 356 315 suspefitam.
400 274 476 304 Sane
496 272 564 304 tatis
581 272 639 303 boec
650 274 755 313 figura
774 269 832 311 est,
855 278 887 303 ut
905 272 979 304 illud
1023 280 1127 306 utatur
1128 276 1269 316 fruatur:
1279 278 1394 309 minime
1393 281 1616 318 satisdationem
1624 278 1890 321 rentittiltefiamen-

101 312 332 356 Sallustianum,
352 315 442 346 Mare
458 315 631 346 Ponticum
648 313 789 353 dulcius,
806 322 900 355 quam
917 322 976 345 cae-

102 365 187 388 tera:
209 367 273 388 cum
288 357 402 387 mittum
418 356 499 387 dulce
507 355 558 394 fit.

141 400 284 430 Alterum
304 399 487 439 exemplum
506 405 603 436 atque
621 396 705 429 idem
724 394 896 435 superiori,
919 397 972 429 ha-

98 440 154 470 bet
175 439 325 479 Ulpianus
342 439 361 470 l.
379 449 408 475 4.
430 439 470 470 D.
491 440 522 469 cle
536 439 717 468 curatoribus
729 438 839 476 furioso
856 438 891 473 ὃ
907 440 972 470 aliis

95 488 178 511 extra
196 482 314 512 minores
330 481 450 511 dandis.-
466 488 538 510 cum
556 477 597 510 iic
615 479 684 510 infit
696 502 706 517 ,
731 477 853 518 Furiosae
871 483 973 512 matris

95 524 208 553 curatio
234 521 387 560 adsiliunt
407 521 548 561 pertinet:
569 521 663 559 pietus
687 522 763 551 enim
780 523 971 562 parentibus,

96 563 146 598 εἴθ
165 564 312 605 inaequalis
328 561 367 603 esi
382 572 477 593 eorum
488 562 611 602 potestas
622 585 631 601 ,
653 572 734 604 aequa
751 563 876 594 debetur.
908 563 972 595 Pri-

95 614 150 636 mo
168 605 314 645 adipee'tu
338 605 462 635 videtur
483 604 585 641 vello,
610 607 695 643 quod
714 603 809 635 Civili
828 604 903 643 Jure
919 605 970 637 ali-

94 655 154 685 qnn
174 647 279 677 matris
292 645 335 676 est
348 647 377 676 in
389 645 506 676 liberos
524 645 681 684 potestas,
699 654 888 685 quamquam
905 655 970 678 non

96 694 202 723 tanta,
228 695 344 726 quanta
370 686 415 718 est
441 695 554 726 patris:
574 688 646 727 quia
671 687 835 726 inaequalis
858 697 970 719 eorum

91 729 232 768 poteslas
258 727 312 759 cst.
358 730 399 759 At
420 728 482 759 hoc
503 737 599 759 nemo
627 727 781 760 Veterum
805 730 905 760 dixit:
932 739 971 760 ne

94 768 251 807 Ulpianus
267 770 407 809 quidem.
433 771 508 809 quin
536 770 560 800 is
584 770 604 801 l.
623 779 651 809 4.
673 769 714 800 D.
745 771 777 800 cle
792 769 836 800 his
853 771 972 810 qztisui

91 812 136 841 ‘vel
154 812 241 842 alieni
252 811 332 852 juris
344 813 412 846 liant
428 811 469 842 fic
487 811 612 849 scribit,
672 812 702 841 ni
717 820 752 841 ex
769 821 811 841 me
827 810 864 845 ὃ)
881 821 970 842 uxore

92 862 154 883 mea
169 852 298 885 nal'citur
314 853 346 883 in
362 862 423 883 inea
437 851 571 892 [mostata
588 851 636 893 est.
675 852 717 883 Et
733 851 920 891 Justinianus
937 852 966 893 §.

95 901 141 925 10.
162 892 232 934 Inst.
249 895 282 924 ile
298 895 496 935 adoptionibus
514 902 627 935 negat,
650 893 798 925 foeminas
814 894 968 933 adoptare

91 934 197 975 poll'e:
223 935 251 966 &
278 937 365 966 addit
390 936 566 973 rationem3
590 945 626 966 ea
643 937 723 966 ratio
743 934 807 974 est,
830 937 900 976 quia
917 944 969 965 nec

90 978 240 1008 naturales
256 977 354 1008 liberos
372 978 403 1007 in
413 979 473 1017 sua
484 975 622 1017 potestate
638 977 751 1007 babent.

129 1018 277 1050 Tertium
305 1019 487 1059 exemplum
513 1027 668 1059 apponam
689 1028 729 1049 ex
745 1018 763 1047 l.
786 1027 832 1049 12.
850 1018 883 1048 C.
916 1017 968 1048 Ex

91 1062 195 1100 quibus
213 1058 305 1097 causis
321 1061 445 1098 infamia
461 1061 614 1101 irrogatur.
663 1058 770 1090 Verba
793 1059 861 1090 haec
886 1057 964 1089 sunt.

93 1102 126 1131 Si
146 1107 172 1131 te
188 1100 321 1141 eapilaffe
339 1102 520 1132 hereditatem
535 1102 676 1136 sententia
689 1098 821 1138 Praefidis
837 1097 966 1140 constite-

91 1143 149 1181 rit,
173 1153 230 1173 non
255 1152 291 1173 ex
314 1151 341 1173 eo
367 1144 441 1184 qnod
460 1152 517 1173 non
537 1141 572 1176 &²
590 1142 648 1172 alia
660 1149 748 1181 poena
765 1143 818 1171 tibi
834 1143 965 1182 irrogata

90 1182 129 1222 est
141 1207 149 1221 ‚
173 1184 251 1221 furti
268 1184 445 1224 improbiori]
461 1183 614 1222 infamiam
630 1181 757 1222 evitasti.
783 1182 964 1213 Alexander

90 1226 238 1264 expilatae
257 1225 440 1255 hereditatis
458 1225 577 1255 crimen
591 1232 687 1254 vocat
700 1225 838 1260 furtum,
863 1224 892 1254 δε
913 1224 962 1254 im-

84 1267 211 1306 probius.
258 1265 386 1305 Ineptus
405 1274 509 1296 tamen
527 1264 622 1295 fuerit
639 1266 691 1304 qui
714 1263 789 1294 hinc
811 1264 962 1304 colligat,

91 1317 168 1348 ergo
192 1307 221 1337 id
245 1309 365 1337 crimen
390 1305 452 1336 ess'e
476 1305 596 1336 furtum
614 1305 688 1344 Jure
712 1304 828 1343 Civili;
851 1314 890 1336 ex
908 1315 961 1336 eo-

87 1357 150 1387 que
167 1347 242 1378 surii
260 1348 318 1388 agi.
342 1348 406 1378 hoc
427 1348 509 1378 enim
530 1346 640 1386 procul
657 1355 735 1377 vero
753 1345 835 1384 effe,
861 1347 963 1387 liquet

89 1399 129 1420 ex
146 1388 287 1428 Ulpiano
305 1389 324 1420 l.
344 1399 374 1420 2.
394 1388 434 1418 D.
461 1387 607 1428 Eoi-pilam
633 1388 806 1418 herodiianis.
855 1386 962 1419 Verba

87 1428 236 1471 Ulpiani,
262 1430 294 1460 Si
314 1431 443 1469 expitntae
466 1430 630 1460 hereditatis
646 1430 753 1460 crimen
768 1430 956 1467 intendatur,

86 1472 193 1510 Praisos
212 1473 367 1512 provinciae
390 1472 577 1512 cognitionem
591 1472 673 1508 luam
687 1475 898 1501 accommodare
915 1472 959 1501 cte-

87 1514 145 1543 het:
170 1523 233 1543 cuin
256 1515 329 1543 enim
351 1513 426 1548 furt-i
448 1514 498 1553 agi
524 1521 582 1543 non
603 1508 708 1551 potest,
730 1512 822 1549 solum
835 1510 960 1552 superest

79 1555 233 1585 *auxilinm
264 1552 405 1591 Praefiiits.
448 1554 509 1584 Sed
535 1554 564 1584 δι
588 1553 702 1584 Paulus
719 1552 737 1584 i.
757 1553 811 1584 itit.
828 1553 870 1584 D.
899 1555 959 1585 eod.

86 1597 130 1626 tit.
150 1595 190 1626 sic
210 1595 331 1631 scribit,
352 1595 403 1625 Rei
418 1594 721 1634 bereditariaefurtztm
737 1604 794 1625 non
803 1593 863 1634 fit,
879 1593 959 1632 ficut

85 1646 136 1667 nec
152 1637 213 1677 ejus
230 1647 290 1677 qziae
305 1636 367 1673 fine
384 1637 497 1666 dominii
514 1634 564 1676 eft.

130 1677 284 1720 Quartum
302 1678 484 1717 exemplum
501 1678 544 1708 est
562 1677 591 1708 in
610 1675 628 1706 l.
649 1686 676 1707 2.
699 1675 731 1707 C.
756 1675 866 1711 Rerum
884 1686 959 1708 amo-

85 1724 199 1750 tarum:
225 1720 254 1749 in
275 1728 333 1759 qua
353 1720 394 1749 ita
411 1718 586 1749 relcribunt
604 1716 826 1748 Diocletianus
842 1718 870 1748 ἀ
885 1718 956 1749 Ma·

82 1761 249 1791 xiinianus.
306 1760 437 1790 Divortii
454 1760 539 1794 causa
555 1760 637 1790 rebus
655 1759 753 1789 uxoris
770 1768 787 1789 a
807 1761 909 1790 marito
925 1770 956 1790 (ι-

84 1803 164 1832 motii·
175 1825 183 1839 ‚
207 1802 252 1832 vel
266 1802 300 1832 ab
317 1811 405 1831 uxore
421 1802 538 1839 mariti,
562 1809 659 1830 rerum
674 1804 834 1831 amotarum
853 1800 956 1831 Edicto

77 1850 213 1883 perpetuo
228 1844 406 1882 permittitur
423 1842 506 1872 attio.
538 1841 580 1872 Et
596 1840 777 1879 causantur,
801 1841 956 1881 Constante

78 1885 186 1914 ‘etenim
211 1885 390 1915 matrimonio
413 1884 514 1914 neutri
531 1893 626 1914 eornm
643 1892 731 1922 neque
744 1883 883 1921 premiis,
908 1893 955 1914 ne-

83 1935 137 1967 qne
151 1927 260 1962 famosa
272 1949 280 1963 ‚
304 1925 377 1956 αὲῐίο
394 1925 542 1964 competit,
558 1925 610 1963 ‘led
627 1925 659 1954 cie
676 1926 779 1953 (terrimo
797 1923 956 1962 infastum

81 1970 169 1997 datter
191 1966 273 1997 anio.
319 1967 366 1997 An
392 1967 486 2006 igitur
510 1965 592 1997 actio
609 1973 713 1995 rerum
732 1974 906 1997 amotarum
926 1967 955 1997 ὅ(

80 2008 213 2048 poenalis
238 2009 266 2038 ἃ
284 2007 402 2038 famola
426 2008 471 2038 cst
490 2006 583 2038 Civili
605 2006 704 2045 jure?
728 2015 825 2044 cave,
850 2015 953 2046 putes.

79 2059 143 2080 non
172 2050 254 2080 enim
275 2049 407 2089 poenalis
423 2048 486 2087 est,
511 2050 582 2088 quia
606 2049 681 2078 iicet
698 2057 737 2078 ex
754 2049 871 2079 delicio
888 2058 954 2079 nas-

77 2099 188 2126 catur-3
207 2099 310 2121 tamen
329 2091 373 2121 rei
391 2089 649 2127 persecutionem
669 2090 856 2127 continere,
876 2090 952 2121 Pau-

80 2131 126 2162 lus
151 2133 248 2163 docet
271 2132 289 2162 ἰ.
309 2141 356 2162 21.
376 2131 403 2172 §.
418 2141 448 2170 5.
466 2130 508 2161 1).
525 2133 583 2162 emt.
601 2132 647 2161 tit.
674 2129 726 2160 sed
752 2139 812 2161 nec
833 2130 952 2162 famosa

80 2172 140 2203 est:
166 2173 255 2211 quia,
279 2182 313 2203 ut
340 2171 438 2212 Gajus
465 2173 528 2210 ait,
553 2181 657 2203 rerum
676 2179 853 2202 amotarum
872 2173 955 2203 aetio

80 2214 244 2244 condictio
262 2213 305 2245 est
321 2214 338 2245 l.
359 2219 407 2245 20.
425 2213 466 2244 D.
486 2215 542 2244 eod.
563 2216 608 2244 tit.
632 2212 727 2244 cessat
742 2221 848 2244 antem
864 2214 955 2254 igno-

78 2256 173 2286 minia
191 2255 221 2285 in
240 2254 496 2286 concliCtionibus
508 2278 516 2292 ‚
529 2255 672 2295 quamvis
683 2264 723 2285 ex
740 2253 866 2286 famosis
883 2264 954 2286 cau-

78 2295 114 2328 fis
140 2297 298 2335 pendeant
314 2296 333 2326 l.
351 2299 400 2337 36.
422 2295 461 2326 I).
491 2297 523 2326 de
545 2296 763 2337 obligationibus
781 2295 817 2329 &³
836 2295 955 2327 aelioni-

77 2338 138 2368 bus.
165 2337 251 2378 Quid
271 2347 347 2378 ergo
365 2337 478 2367 volunt
498 2336 719 2368 Diocletianus
737 2337 767 2367 ὅ(
786 2337 953 2369 Maximia-

77 2388 136 2409 nus
153 2386 180 2409 (l.
201 2380 218 2409 i.
237 2389 264 2410 2.
280 2379 313 2410 C.
338 2388 433 2409 rerum
450 2378 639 2409 amotarum?
663 2378 750 2418 quod
773 2387 887 2409 marito
905 2388 951 2411 re-

76 2419 135 2450 bus
159 2421 273 2451 amotis
303 2430 336 2451 re
361 2429 434 2450 vera
452 2419 572 2450 furtum
593 2419 627 2450 fit
645 2420 683 2450 ab
701 2428 802 2450 uxore
819 2420 836 2449 l.
855 2429 904 2451 21.
921 2421 950 2462 §.

77 2462 132 2492 tilt.
151 2462 169 2491 l.
190 2471 238 2497 29,
259 2460 300 2492 D.
318 2463 376 2492 eod.
394 2462 439 2491 tit.
465 2460 519 2492 etsi
536 2463 566 2492 in
583 2461 739 2492 honorem
759 2462 952 2493 matrimonii

76 2501 201 2533 leniore
219 2511 342 2534 utamur
357 2502 535 2534 vocabulo:
559 2512 631 2533 cum
648 2511 753 2533 autem
771 2503 905 2543 poenalis
922 2503 952 2534 ἃ

75 2541 196 2574 famosa
210 2543 287 2575 furti
304 2544 386 2574 aelio
405 2545 520 2575 marito
538 2544 686 2575 adversus
704 2553 856 2582 uxorem,
875 2554 951 2575 con-

77 2582 178 2614 stante
195 2585 417 2623 matrimonio,
433 2593 565 2626 negetur
583 2586 600 2616 l.
617 2595 641 2616 1.
664 2584 700 2619 {5⁹
719 2595 747 2616 2.
767 2585 809 2616 D.
827 2587 884 2616 eod.
903 2587 949 2616 tit.

78 2623 96 2653 l.
117 2634 165 2663 52·
183 2624 211 2665 §.
233 2635 259 2656 1.
278 2625 314 2659 δέ)
331 2636 357 2657 2.
377 2626 415 2656 D.
435 2627 590 2665 defiirti53
608 2627 729 2658 idcirco
747 2629 774 2657 ei
792 2636 831 2658 ne
847 2636 951 2658 rerum

78 2666 208 2702 quidem
232 2675 407 2701 amotarum
425 2667 507 2698 aCtio
524 2669 669 2700 adversus
696 2677 849 2707 uxorem,
874 2677 949 2699 con-

78 2705 180 2737 stante
197 2708 420 2745 matrimonio,
445 2713 552 2740 riatur:
578 2710 648 2749 quia
667 2718 702 2740 ca
721 2709 821 2749 attio,
839 2709 893 2740 etsi
909 2709 952 2740 fa-

77 2745 162 2778 mosa
181 2756 244 2777 non
261 2746 296 2778 fit
314 2746 511 2787 CiviliJure;
528 2757 632 2781 tamen
651 2759 685 2781 re
700 2750 763 2790 ipsa
781 2751 810 2782 ὅ(
828 2751 951 2790 opinio-

76 2797 118 2819 ne
130 2788 272 2828 gravi'um
284 2788 423 2819 virorum
439 2797 497 2829 pro
508 2790 626 2822 famosa
638 2791 784 2825 liabetur.
809 2794 839 2823 in
855 2800 950 2832 quern

76 2836 183 2859 autem
203 2827 322 2860 famosa
338 2829 420 2860 attio
436 2839 499 2861 non
518 2832 730 2871 permittitur,
755 2833 784 2864 in
800 2842 872 2864 eum
889 2842 950 2864 nec

76 2870 129 2901 illa
145 2871 303 2910 competit
326 2879 394 2910 quae
412 2880 444 2901 re
460 2871 523 2910 ipsa
543 2872 573 2903 δε
599 2873 832 2905 existimatione
849 2874 950 2905 homi-

70 2920 152 2954 ·num
169 2912 326 2943 bonorum
345 2912 371 2941 ὅ(
389 2912 532 2951 gravium
547 2922 611 2944 non
629 2914 728 2945 evitat
744 2915 880 2946 infamiae
894 2924 949 2946 no-

77 2961 159 2984 tam:
184 2951 238 2984 etsi
267 2951 360 2984 Civili
386 2954 458 2991 jure
485 2962 548 2984 non
574 2953 727 2986 habeatur
751 2955 888 2987 famosa:
914 2963 949 2986 ut

75 3002 207 3034 apparet
232 3003 271 3025 cx
295 2994 312 3023 l.
335 3003 363 3024 2.
388 2994 406 3024 l.
424 3004 454 3033 5.
474 2994 493 3024 l.
512 3003 540 3034 7.
553 3000 601 3034 pr.
620 2996 650 3036 ᾗ.
670 3004 695 3027 1.
715 2995 836 3038 &Jew-
855 2997 898 3030 J).
916 2999 949 3027 de

77 3036 214 3076 obsequiis
228 3042 397 3075 parentum.
505 3064 508 3067 A

116 3076 275 3119 Quintum
293 3076 495 3116 exemplum,
519 3084 614 3117 atque
634 3076 732 3116 ipsum
749 3077 887 3120 insigne,
903 3079 947 3111 est

45 3126 52 3136 s
74 3117 106 3148 in
125 3117 144 3148 l.
162 3127 190 3157 7.
209 3118 240 3149 C.
270 3117 314 3148 Ut
332 3120 362 3149 in
375 3117 564 3159 poffeffionem
582 3119 759 3160 legatorum:
781 3120 811 3150 in
830 3129 890 3159 qua
905 3120 946 3152 sic

1020 319 1047 360 to
1056 315 1142 363 poffet
1168 317 1252 360 Quia
1268 326 1364 360 negat
1379 320 1576 361 Alexander,
1595 322 1736 363 priorem
1752 322 1892 354 fructua-

1018 365 1070 387 riae
1089 360 1300 391 satisdationis
1319 359 1487 394 clausulam
1511 372 1581 403 qua:
1597 362 1660 402 est,
1683 362 1891 396 Frutiuan‘um

1015 401 1137 446 usurpari
1155 400 1329 440 fruiturum
1352 404 1497 435 arbitratu
1517 406 1582 436 boni
1596 407 1674 443 viri,
1699 405 1890 438 testamento

1016 448 1136 490 remitti
1163 442 1269 481 poffe;
1293 452 1354 474 nec
1378 445 1511 477 verbum
1535 446 1624 477 addit
1649 447 1688 478 de
1712 447 1890 487 posteriore

1017 480 1151 513 clausula
1176 490 1245 523 quae
1269 484 1331 523 est,
1356 483 1575 525 Restitztturum
1589 489 1642 526 je,
1659 487 1747 527 finito
1771 491 1888 529 usufru-

1016 521 1083 568 ἃμ,
1100 524 1129 554 id
1143 527 1218 571 quoti
1232 535 1268 556 ex
1282 535 1311 556 re
1312 525 1490 566 fructuaria
1504 530 1631 560 extabit.-
1650 530 1771 561 idcirco
1790 530 1888 562 visum

1015 562 1079 610 fuit
1093 566 1224 612 eruditis
1242 566 1445 607 hominibus,
1468 568 1509 600 fic
1526 579 1597 601 euin
1614 572 1781 611 accipere3
1805 572 1887 612 quali

1014 606 1117 644 nolit,
1143 615 1285 654 priorem
1308 609 1372 648 ejus
1396 610 1553 642 cautionis
1576 611 1741 644 clausulam
1764 623 1780 644 a
1798 613 1888 645 testa-

1016 653 1086 692 tore
1104 650 1244 687 remitti3
1269 650 1319 681 ied
1341 650 1548 691 posteriorem
1567 654 1704 692 remitti,
1731 664 1794 686 non
1813 664 1886 695 pro-

1015 687 1134 732 hibeat.
1159 691 1202 735 At
1217 690 1298 721 hanc
1313 692 1538 725 collectionem
1555 703 1720 734 perperam
1739 695 1805 727 fieri
1823 696 1888 726 exi·

1014 727 1126 760 stimo:
1150 739 1223 777 quia
1247 741 1351 773 neque
1378 735 1460 766 ratio
1481 735 1557 775 J'uris
1579 745 1649 767 eam
1672 736 1755 775 fert,
1779 746 1885 777 neque

1014 769 1187 814 Alexandri
1205 772 1369 806 sententia.
1407 775 1518 808 Fuerit
1536 778 1634 816 tanti,
1658 786 1823 819 utramque
1840 780 1883 808 vi-

1011 809 1097 841 diss'e.
1141 811 1240 858 Quod
1264 816 1301 860 ad
1322 816 1370 855 jus
1395 819 1528 850 attinet:
1550 827 1638 849 certa
1662 829 1710 851 res
1726 819 1780 851 est.
1814 829 1884 851 nam

1009 850 1153 896 Praetor,
1177 853 1197 884 si
1224 863 1311 899 cujus
1336 858 1379 888 rei
1399 859 1593 892 ususfructus
1611 861 1732 902 legatus
1750 861 1804 898 sit,
1828 871 1884 890 vo·

1011 891 1086 937 luit,
1111 892 1296 939 legatarium
1321 898 1360 928 de
1387 907 1525 941 utroque
1550 911 1684 942 cavere;
1704 904 1733 934 ὅ(
1761 902 1883 933 usurum

1008 932 1180 965 fruiturum
1206 936 1235 966 ie
1262 937 1338 968 boni
1362 940 1418 970 viri
1444 943 1614 981 arbitratu3
1639 944 1686 981 ἃ,
1710 953 1781 975 cuni
1801 942 1884 974 usus-

1007 972 1129 1020 fruCtus
1154 976 1194 1006 ad
1219 986 1291 1008 enm
1317 982 1478 1018 pertinere
1502 983 1641 1022 desinet,
1667 985 1883 1016 restituturum

1011 1016 1100 1055 quod
1118 1017 1192 1047 inde
1207 1018 1331 1050 extabit
1349 1020 1368 1051 i.
1384 1030 1407 1052 i.
1419 1022 1461 1053 D.
1483 1024 1730 1064 Usitsrubiuarizis
1746 1030 1881 1068 quemad-

1009 1057 1123 1087 modum
1149 1064 1261 1089 cavent.
1280 1063 1383 1105 ¹qnod
1399 1062 1420 1093 fi
1440 1074 1503 1096 non
1532 1065 1659 1099 satisdet
1674 1067 1883 1105 statilianam

1008 1105 1164 1137 praeterea
1183 1100 1325 1139 promisit
1343 1102 1483 1144 Praetor,
1507 1106 1666 1140 actionem
1684 1109 1712 1140 ei
1731 1119 1794 1140 non
1809 1110 1883 1139 dare

1008 1139 1031 1184 l.
1048 1148 1094 1179 13.
1113 1139 1156 1185 D.
1175 1142 1208 1170 de
1224 1143 1387 1181 usufructu.
1414 1155 1474 1177 nec
1490 1147 1607 1187 refert,
1626 1158 1730 1181 utrum
1748 1150 1885 1181 fructua-

1007 1188 1056 1210 rio
1073 1180 1196 1212 remiss'a
1215 1182 1406 1216 testamento
1423 1188 1531 1219 cantio
1550 1187 1585 1220 fit
1598 1213 1606 1228 ‚
1627 1190 1688 1221 sive
1706 1199 1794 1230 tota,
1819 1192 1882 1222 sive

1007 1229 1047 1266 ex
1064 1230 1172 1263 parte,
1197 1233 1299 1269 caque
1318 1228 1445 1265 priore,
1469 1237 1522 1260 ant
1539 1232 1735 1269 polteiiore3
1760 1242 1796 1263 an
1816 1242 1882 1263 non

1006 1263 1055 1292 iit.
1087 1272 1152 1294 non
1178 1274 1262 1311 enim
1290 1267 1450 1309 distinguit
1477 1271 1618 1303 Praeior:
1643 1274 1671 1303 ot
1690 1282 1880 1312 quamquam

1006 1311 1065 1342 pro
1084 1304 1154 1344 lege
1173 1305 1313 1352 servetur
1330 1310 1487 1343 testatoris
1505 1313 1651 1344 voluntas
1671 1314 1688 1344 l.
1706 1323 1768 1346 120.
1787 1314 1830 1345 D.
1848 1316 1882 1344 (ie

1004 1346 1157 1376 verborum
1172 1346 1405 1390 figrzifzcatione,
1431 1355 1559 1392 quando
1577 1364 1593 1385 a
1610 1355 1731 1396 legibus
1746 1365 1812 1387 non
1829 1356 1881 1386 ab·

1005 1385 1135 1425 liorrct3
1162 1397 1266 1421 tamen
1287 1394 1414 1430 quoties
1432 1395 1491 1425 illis
1508 1396 1708 1435 adversatur,
1733 1406 1791 1437 pro
1808 1397 1880 1438 lege

1003 1435 1068 1457 non
1085 1427 1221 1461 habetur
1237 1432 1255 1462 t,
1274 1442 1324 1471 55.
1342 1434 1361 1463 l.
1385 1443 1449 1466 112.
1470 1436 1497 1477 §.
1513 1444 1580 1477 pen.
1599 1437 1640 1468 D.
1660 1440 1693 1468 ste
1709 1437 1811 1479 legatis
1828 1438 1877 1469 tib.

1008 1476 1033 1498 1.
1075 1468 1179 1516 Quod
1197 1469 1218 1502 si
1234 1472 1475 1519 ein-efficitur:
1501 1486 1552 1517 ut,
1577 1477 1598 1509 fi
1616 1478 1806 1511 testamento
1825 1479 1881 1511 fiac

1003 1513 1140 1542 reinissio
1163 1511 1343 1559 fruftuariae
1369 1517 1527 1549 cautionis
1545 1541 1555 1557 ‚
1586 1518 1648 1551 sive
1674 1521 1792 1558 totius,
1815 1521 1880 1552 five

1004 1559 1063 1590 pro
1081 1559 1191 1591 parte,
1215 1562 1339 1594 priore,
1365 1559 1415 1590 vel
1436 1559 1630 1598 posteriore,
1653 1570 1690 1591 ea
1716 1562 1789 1602 quia
1803 1561 1880 1594 Edi-

1005 1592 1058 1622 cto
1076 1602 1250 1634 repugnat,
1275 1599 1398 1629 ratione
1412 1599 1487 1639 juris
1503 1601 1714 1642 improbetur.
1746 1602 1789 1633 At
1806 1612 1880 1634 nec-

1004 1633 1079 1665 dum
1096 1635 1213 1680 secura:
1237 1638 1276 1668 ab
1293 1639 1476 1672 Alexandro
1494 1652 1543 1673 res
1560 1642 1639 1674 sunt.
1683 1642 1776 1675 Toto
1793 1653 1878 1676 erras

1003 1676 1107 1721 ‚coe-lo:
1131 1686 1156 1723 is
1173 1676 1352 1721 Imperator
1365 1681 1507 1714 rescribit
1524 1685 1624 1716 veteri
1643 1685 1878 1718 convenienter

999 1725 1071 1755 juri.
1114 1717 1186 1749 Ain'
1204 1721 1264 1751 tu?
1288 1720 1323 1752 In
1344 1732 1409 1754 rem
1428 1724 1612 1764 praesentem
1632 1726 1724 1757 veni:
1749 1725 1878 1758 senties.

1001 1757 1201 1806 Consulcbat¹
1221 1762 1436 1796 Alexandrum
1461 1766 1683 1806 Proculianns,
1707 1767 1766 1808 (ad
1791 1767 1877 1799 hunc

999 1808 1084 1843 enim
1111 1805 1296 1847 reici-iptnm
1322 1804 1386 1845 est)
1408 1816 1447 1838 an
1465 1807 1655 1840 testamento
1670 1809 1788 1840 remitti
1803 1817 1879 1850 pos-

999 1840 1044 1870 set
1068 1840 1227 1874 satisdatio
1257 1844 1451 1887 frustuaria,
1481 1858 1575 1889 quam
1601 1851 1783 1882 Alexander
1813 1850 1876 1891 (ut

1001 1890 1076 1928 mox
1094 1882 1277 1929 ostendam)
1301 1897 1397 1919 vocat
1415 1889 1669 1930 satisdationem,
1691 1891 1734 1923 Ut
1751 1893 1816 1923 boni
1829 1893 1875 1923 vi-

999 1932 1026 1952 rt
1051 1925 1195 1956 arbitratu
1218 1928 1242 1956 is
1265 1930 1313 1958 cui
1335 1931 1520 1969 ttsttsfrnbi‘its
1543 1932 1658 1964 relistus
1683 1931 1722 1973 est
1736 1955 1746 1970 ‚
1768 1933 1879 1964 utatur'

991 1963 1130 2003 fruatur.
1174 1965 1368 2009 Quaestionis
1394 1973 1482 2003 cansa
1507 1982 1593 2012 erat,
1617 1977 1703 2015 qnod
1723 1973 1764 2005 D.
1783 1973 1874 2005 Mar-

999 2015 1054 2036 cus
1073 2007 1102 2037 Ct
1122 2006 1164 2055 D.
1186 2011 1405 2051 commodus,
1429 2013 1664 2047 satisdationem
1682 2024 1774 2055 quam
1793 2015 1876 2046 Prae-

999 2054 1050 2077 tor
1068 2048 1161 2089 legati
1177 2060 1230 2082 aut
1247 2051 1477 2087 fideicommiffi
1495 2054 1636 2088 servandi
1656 2056 1746 2087 causa
1762 2056 1802 2088 ab
1818 2056 1876 2088 he-

996 2089 1073 2135 rede
1097 2091 1233 2137 pi-iestari
1253 2094 1344 2137 jubet
1366 2095 1386 2126 l.
1408 2105 1434 2127 1.
1454 2097 1495 2127 D.
1539 2096 1583 2128 Ut
1599 2098 1756 2139 legatorum
1769 2100 1819 2138 seu
1829 2098 1872 2138 ft-

1000 2132 1248 2172 ciezcominiſjormn
1271 2136 1477 2168 servandorum
1501 2142 1586 2174 causti
1611 2147 1752 2171 caveatur
1768 2162 1777 2178 ‚
1802 2140 1830 2169 ei
1857 2149 1874 2170 a

1001 2170 1152 2218 testatore
1168 2175 1287 2206 remitti
1305 2176 1378 2216 paffi
1396 2177 1465 2210 sunt
1479 2179 1498 2210 l.
1515 2189 1543 2211 2.
1564 2180 1632 2212 Cod.
1644 2183 1701 2212 eod.
1719 2181 1766 2212 tit.
1789 2179 1871 2212 Haec

1000 2212 1142 2259 quaeilio.
1174 2216 1213 2246 ad
1230 2226 1298 2248 eain
1314 2218 1469 2260 rescripsit
1489 2220 1685 2260 Alexander,
1709 2221 1871 2252 Proculia-

999 2262 1074 2284 num
1094 2256 1174 2302 lCire
1187 2266 1358 2298 oportere,
1381 2262 1468 2300 quod
1486 2271 1501 2292 a
1519 2264 1698 2295 remiffione
1712 2263 1871 2294 cautionis

997 2304 1066 2333 quae
1081 2295 1175 2336 legati
1192 2299 1244 2331 vel
1259 2298 1641 2336 fideicommiffiservandi
1658 2303 1746 2335 causa
1760 2304 1799 2335 ab
1817 2304 1872 2339 be—

997 2336 1072 2382 rede
1097 2338 1269 2383 praestanda
1293 2341 1358 2381 est,
1383 2352 1448 2375 non
1475 2345 1558 2376 valet
1586 2353 1807 2386 argumentum
1832 2346 1873 2377 ad

996 2378 1206 2424 remisi-ionem
1232 2383 1409 2423 cautionis,
1438 2384 1484 2416 Ut
1507 2386 1572 2416 boni
1596 2388 1658 2416 viri
1681 2387 1872 2417 arbitrantis

996 2428 1043 2449 cui
1059 2420 1242 2459 thusfruRus
1257 2424 1373 2456 relictus
1391 2424 1445 2466 est,
1471 2432 1575 2457 utatur
1584 2428 1725 2466 fruatur.
1763 2427 1871 2470 Quam

996 2460 1040 2505 ob
1064 2462 1158 2494 rem?
1181 2465 1254 2504 quia
1274 2465 1314 2496 de
1331 2467 1510 2498 remissione
1526 2469 1684 2500 cautionis
1701 2469 1870 2501 fideicom-

996 2501 1073 2552 ¹¹3¹ffi
1099 2503 1150 2534 vel
1176 2504 1271 2546 legati
1298 2506 1438 2539 servandi
1457 2509 1547 2540 cansa
1563 2508 1606 2540 D.
1628 2509 1757 2541 Marcus
1776 2511 1805 2541 &
1823 2510 1867 2543 D.

997 2543 1196 2576 commodus
1213 2549 1400 2580 nominatim
1418 2549 1668 2582 constituerunt:
1684 2552 1724 2583 de
1740 2553 1867 2584 remissi-

996 2593 1059 2615 one
1076 2592 1181 2617 autem
1197 2590 1373 2627 cautionis,
1403 2590 1447 2621 Ut
1463 2592 1527 2622 boni
1541 2592 1602 2622 viri
1614 2593 1761 2625 arbitratu
1776 2595 1799 2623 is
1817 2595 1867 2625 cui

994 2626 1180 2673 ztsusfruitus
1198 2629 1315 2660 retinas
1339 2629 1396 2670 est,
1418 2633 1676 2673 utaturfrztatur,
1700 2644 1806 2675 neque
1821 2636 1868 2667 illi

995 2667 1239 2715 rescripserunt,
1263 2680 1368 2716 neque
1384 2672 1445 2704 alii.
1469 2683 1575 2706 manet
1593 2675 1689 2716 igitur
1706 2686 1741 2707 ea
1758 2677 1867 2707 cautio

994 2707 1048 2739 sub
1067 2708 1169 2741 Editti
1189 2712 1304 2752 regulis
1319 2714 1466 2759 aquibus
1490 2724 1625 2756 excepta
1643 2726 1707 2749 non
1726 2717 1787 2748 est:
1810 2726 1866 2755 ac,

994 2758 1182 2796 quamquam
1193 2762 1231 2783 ex
1241 2752 1866 2798 Mai-etotCommodiConstitutionibus

993 2799 1113 2836 remitti
1125 2793 1216 2831 poffit
1226 2793 1384 2828 satisdatio
1393 2797 1486 2838 legati
1502 2807 1556 2830 aut
1567 2798 1797 2831 fideicommiffi
1808 2797 1868 2829 ser=

993 2833 1214 2880 vandiqcausa;
1238 2844 1343 2868 tamen
1366 2837 1548 2879 satisdatio,
1578 2840 1621 2871 Ut
1636 2842 1700 2871 boni
1715 2840 1775 2870 viri
1789 2840 1868 2870 arbi-

993 2879 1075 2920 ινᾳω
1092 2884 1117 2904 zs
1132 2877 1178 2906 citi
1194 2877 1378 2917 ususfruffl‘us
1393 2880 1509 2912 relittus
1526 2879 1583 2922 est,
1599 2888 1702 2912 utatur
1710 2881 1864 2920 fruatur,

992 2923 1122 2947 minime
1141 2917 1246 2956 potest
1263 2921 1392 2953 remitti.
1418 2922 1470 2954 Sic
1482 2923 1697 2955 Alexandrum
1709 2923 1868 2960 interpre-

993 2963 1073 2996 tor,
1104 2965 1199 2998 atque
1224 2969 1296 2993 eum
1321 2962 1475 3004 integram
1500 2963 1679 2995 fruCtuariae
1704 2961 1864 2994 cautionis

991 2996 1161 3045 formulam
1186 3001 1293 3040 primis
1316 3003 1381 3043 ejus
1405 3005 1511 3036 verbis
1537 3003 1723 3044 defignare:
1755 3001 1866 3035 ufitata

991 3037 1164 3073 Veteribus
1179 3043 1322 3083 ratione3
1339 3045 1408 3083 sed,
1426 3046 1498 3086 quia
1509 3044 1547 3075 ab
1563 3043 1793 3084 interpretibus
1810 3053 1866 3083 pa-

991 3089 1058 3113 rurn
1084 3081 1269 3124 observata,
1294 3095 1394 3126 pauca
1419 3093 1575 3126 apponam
1594 3085 1752 3125 exempla.
1796 3085 1864 3117 Pri-

989 3131 1074 3155 mum
1090 3124 1176 3154 dabit
1196 3117 1370 3167 Ulpianus:
1386 3128 1469 3166 apud
1487 3134 1580 3165 quem
1598 3127 1628 3156 in
1646 3126 1666 3156 l.
1683 3126 1736 3157 ult.
1755 3126 1797 3158 D.
1818 3126 1866 3170 U:

73 3157 144 3189 infit
163 3159 351 3207 Alexander.
387 3159 477 3207 'Scir-e
498 3160 618 3198 debetis,
631 3158 842 3207 ficieicornmzffi
865 3160 951 3202 [qui-'
979 3164 1209 3204 sufrubwarius
1224 3170 1459 3208 quemadmodum
1477 3172 1579 3198 caveat
1597 3166 1639 3198 sic
1657 3167 1808 3209 legimus,
1831 3170 1867 3202 Si

73 3198 150 3239 dem]
174 3198 210 3233 ὅ)
232 3200 321 3243 legati
328 3202 547 3241 satisdationem
565 3206 695 3241 remitti,
721 3201 838 3239 Divum
855 3205 941 3236 Mar·
985 3206 1303 3250 vasorum‹[ipsorum]
1326 3207 1514 3251 ususfruitus
1533 3207 1717 3248 relictusfit,
1739 3219 1796 3241 non
1811 3213 1866 3242 erit

82 3251 85 3258 i
113 3238 193 3273 Tom.
214 3240 242 3273 Ι.

1154 3257 1174 3280 Ο
1190 3259 1210 3281 0
1788 3261 1860 3288 Cau!
