2036 3495
163 77 230 112 :208
576 75 610 111 G
639 84 660 109 E
694 85 717 109 R
748 84 770 107 Α
801 84 824 109 R
858 81 883 107 D
915 80 930 107 1

207 164 301 197 Αέἶίο
325 172 396 204 quae
420 162 449 194 in
475 162 540 193 hoc
564 160 679 193 Edicto
696 159 907 201 proponitur,
929 161 971 192 ab
987 161 1040 193 Ul-

167 204 262 244 piano
279 205 310 237 in
325 205 344 236 l.
363 214 410 242 14.
428 203 458 244 §.
475 206 505 233 6.
528 209 660 232 vocatur
675 201 854 234 funeraria:
879 210 914 232 ut
931 211 1039 235 autem

165 247 274 278 locum
293 246 426 280 habeat.
444 242 564 274 funeris
575 242 664 274 causa
680 242 839 282 sumptum
857 242 975 275 factum
993 253 1040 275 es-

165 286 198 318 se
215 293 354 327 oportet.
378 284 419 316 fic
432 283 519 316 enim
539 283 681 324 loquitur
699 284 837 316 Praetor:
853 284 1041 326 Quodfune-

166 331 207 359 ris
221 327 309 362 causa
324 324 573 366 sumptus-fabilis
588 327 653 356 eric.
698 324 751 356 De
777 325 843 357 aliis
866 328 1043 367 sumptibus

166 376 232 399 non
257 366 406 407 loquitur.
454 365 544 397 Vidit
561 366 625 397 hoc
644 366 797 406 Ulpianus
811 368 841 398 cl.
861 367 881 399 l.
903 377 947 408 ¹4·
966 367 995 409 ς).
1011 371 1041 399 6.

167 408 315 446 testatus,
340 416 408 438 eam
424 407 592 440 ‚actionem
616 409 784 440 continere
807 406 928 439 funeris
951 408 1042 439 causa

165 447 360 489 impensam,
384 457 449 480 non
473 448 568 480 ctiam
592 457 784 480 caeterorum
810 448 960 490 sumptus.
985 459 1043 494 po-

162 499 226 528 ne,
251 490 353 521 factos
379 489 410 521 in
428 491 603 523 curandum
621 489 763 522 defunCti
783 491 937 523 morbum.
963 491 1043 536 ,Ali—

164 540 261 570 quem
290 539 421 563 moveat
445 532 465 563 1.
482 542 511 572 3.
536 532 568 563 C.
585 532 612 562 b.
630 538 650 562 t.
673 532 734 563 Sed
761 530 892 563 frustra:
916 541 988 573 quia
1009 540 1043 563 ut

163 572 241 604 facti
261 572 319 604 fint
343 572 373 604 in
397 573 544 604 morbum
569 582 609 604 ex
631 582 697 613 quo
716 573 818 604 secuta
835 582 921 605 mors
938 573 989 605 fit:
1012 580 1044 604 at

162 613 289 645 funeris
306 613 393 645 causa
421 613 494 646 facti
512 623 576 646 non
595 615 674 645 sunt.
699 623 885 654 repetantur
902 615 997 656 igitur
1013 624 1043 646 a·

164 654 274 686 ctione
298 655 501 697 negotiorum
524 655 685 697 gestorum
703 656 854 687 credendi
871 665 978 687 annno
995 654 1041 700 fa-

165 695 224 735 cti,
248 697 298 729 sed
321 695 445 728 actione
470 696 627 728 funeraria
654 706 718 728 non
743 706 947 737 repetentur:
971 706 1044 735 quia

166 739 207 769 de
227 737 273 770 his
291 739 424 779 praesens
442 746 527 770 tacet
543 737 707 771 Ediftum:
730 747 767 770 ac
790 738 962 771 secundum
978 738 1043 770 hoc

163 779 351 819 accipienda
367 781 396 811 tl.
415 780 432 810 l.
449 790 478 821 3.
709 819 715 824 .
1018 820 1024 825 ¹

205 821 254 852 Ut
284 821 378 862 igitur
411 820 633 861 intelligatur,
663 829 733 865 quis
757 821 897 862 sumptus
920 821 1042 853 funeris

164 863 254 894 causa
269 863 371 894 factus
387 862 449 894 effe
468 863 607 900 incatur,
629 861 785 902 subjiciam
802 864 879 902 exj.
900 872 945 903 14.
963 863 992 904 §.
1013 873 1040 904 3.

163 904 191 934 b.
211 911 232 935 t.
259 904 421 942 sequentia
439 903 563 944 Ulpiani
581 904 696 935 verba:
718 902 841 935 Funeris
866 905 1042 945 causosum-

160 951 233 985 ptus
250 945 348 982 fastus
366 947 482 977 viderur
500 947 523 976 is
541 946 670 983 (imizam,
693 948 745 986 qui
767 947 825 976 ideo
833 945 920 986 fuit,
944 952 976 976 ut
984 946 1042 986 fu-

164 996 222 1018 nus
238 989 382 1025 ducatur,
400 986 465 1024 fine
480 996 535 1027 quo
544 987 645 1026 funus
660 987 728 1017 duci
743 996 800 1017 non
811 985 909 1027 potest.
935 986 1041 1031 Funus

164 1029 283 1060 ducere
302 1029 439 1068 Ulpiano
458 1028 521 1067 est,
540 1037 702 1060 mortuum
720 1027 849 1067 efferre,
878 1028 1040 1069 exsequias

165 1071 301 1102 ducere.
318 1080 389 1102 nam
414 1069 510 1102 funus
528 1068 660 1101 Donato
679 1069 719 1100 ad
739 1067 931 1101 Terentium
944 1092 953 1108 ,
977 1069 1041 1101 An-

164 1112 230 1143 dria
252 1121 275 1143 1.
297 1121 319 1143 1.
345 1121 409 1144 100.
434 1111 497 1149 est,
521 1109 674 1143 funeralis
697 1119 833 1150 pompa:
857 1112 899 1142 ita
918 1113 1041 1150 optime

163 1151 322 1192 Ulpianus
338 1163 397 1195 pro
414 1153 566 1193 exemplo
584 1153 723 1192 sumptus
739 1152 812 1183 fatti
831 1151 951 1184 funeris
969 1161 1040 1183 cau-

163 1193 193 1225 sa
213 1196 323 1234 ponit:
350 1195 383 1226 Si
398 1196 469 1236 quid
483 1195 639 1235 impensum
656 1192 693 1232 est
709 1195 740 1223 in
758 1193 907 1224 elationem
924 1195 1040 1224 mortui.

165 1234 243 1268 Non
270 1236 373 1268 minus
399 1245 503 1267 tamen
527 1235 614 1267 recte
637 1236 743 1267 addit:
766 1235 884 1276 Siquid
900 1237 931 1266 in
950 1236 1042 1266 locum

156 1278 257 1318 fuerit
274 1284 422 1320 erogatum
438 1279 471 1308 z'rz
488 1287 571 1319 quem
594 1282 725 1307 mortuus
744 1277 906 1316 inferetur,
928 1277 1041 1313 funeris

164 1322 253 1353 caula
267 1320 362 1353 videri
374 1320 552 1359 impensum,
576 1318 736 1349 Labeonem
744 1319 887 1357 scribere:
909 1321 979 1360 quia
994 1327 1040 1348 ne-

164 1360 283 1401 ceffczrio
298 1361 375 1391 locus
388 1367 515 1401 paratur
532 1362 563 1390 in
575 1369 629 1400 quo
646 1365 748 1399 corpus
765 1361 907 1391 conditur.
952 1359 1040 1403 Idem

164 1403 198 1433 cie
212 1403 301 1443 pretio
317 1402 371 1433 loci
396 1401 505 1432 censet
527 1401 642 1432 Macer
657 1402 684 1430 d.
701 1400 721 1432 l.
741 1410 789 1441 37.
807 1401 833 1431 b.
852 1407 872 1432 t.
896 1410 992 1442 atque
1009 1409 1044 1432 ln

162 1443 192 1484 §.
215 1452 238 1475 1.
259 1444 354 1475 etiam
380 1442 522 1474 nominat
545 1443 926 1482 munimentumsepulcbri.
969 1441 1043 1474 Flo·

162 1483 275 1516 renriae
290 1485 413 1522 editur,
427 1485 642 1514 monimentum.
666 1480 718 1514 sed
728 1486 810 1522 apud
823 1484 1040 1515 Haloandrum

163 1524 547 1564 cstmunimentum:quod
564 1524 680 1564 probat
697 1522 847 1557 Eibertus
859 1523 1039 1564 Leoninus‚

163 1565 225 1598 Vir
245 1566 356 1598 doetus
379 1575 416 1596 ac
441 1565 582 1606 sapiens,
606 1565 654 1596 lib.
672 1574 701 1605 3.
721 1565 843 1597 Emend.
860 1577 884 1598 c.
907 1576 952 1599 10.
976 1567 1041 1597 hoc

165 1608 197 1639 ἃ
214 1607 345 1640 suadent
359 1607 520 1648 sequentia
536 1607 599 1638 loci
617 1607 733 1639 verba:
749 1607 972 1639 Munimentum
987 1618 1038 1639 au·

164 1656 221 1680 tem
236 1649 384 1691 sepulchri
408 1650 437 1680 id
460 1648 512 1689 effe
538 1649 642 1679 Divus
672 1647 848 1679 Hadrianus
880 1648 1038 1690 rescripfic‚

161 1691 239 1732 quod
255 1693 341 1722 caula
363 1691 515 1721 muniendi
538 1690 599 1731 ejus
616 1689 669 1719 Ioci
679 1688 797 1728 fastum
806 1689 847 1728 fil
864 1692 895 1722 in
909 1701 964 1732 quo
980 1700 1039 1721 cor-

160 1740 218 1774 pus
242 1730 403 1773 impoficum
421 1729 471 1769 fic.
495 1733 593 1772 itaque
609 1729 638 1768 fi
659 1730 784 1770 amplum
808 1733 879 1772 quid
900 1731 1041 1772 aedificori

163 1772 283 1814 testator
296 1770 430 1816 jufferit,
454 1773 545 1803 veluti
565 1774 596 1803 in
613 1772 740 1803 circuitu
754 1775 971 1813 porticaziones,
996 1783 1039 1804 eos

154 1815 294 1856 sumptus
303 1815 425 1854 funeris
443 1814 530 1855 causa
544 1823 602 1845 non
617 1812 677 1853 effe.
710 1813 933 1855 Superioribus
951 1815 1039 1847 addit

163 1855 316 1897 Ulpianus
340 1857 368 1896 ᾗ.
395 1865 424 1895 4.
448 1855 468 1888 l,
499 1864 544 1893 14.
567 1853 738 1895 impensam
763 1865 895 1898 peregre
921 1857 1039 1888 mortui

163 1906 235 1939 qua:
259 1897 343 1929 facta
367 1897 433 1936 est,
456 1903 491 1928 ut
513 1905 630 1936 corpus
648 1895 854 1935 perferretur.
880 1898 993 1930 Macer
1008 1900 1037 1930 d.

161 1939 182 1970 l.
205 1949 253 1981 37.
268 1947 314 1980 pr.
339 1939 417 1970 dicit
441 1938 613 1970 vestatam.
639 1938 667 1968 ὃ(
692 1941 736 1969 ait
760 1939 933 1979 Ulpianus,
958 1941 1040 1971 hanc

161 1980 282 2012 funeris
294 1980 354 2012 esl'e
365 2004 375 2020 ‚
392 1981 469 2012 licet
478 1980 620 2011 nondum
631 1978 731 2010 humo
747 1979 924 2013 funeretur.
941 1983 1039 2014 idem-

163 2031 228 2061 que
244 2022 325 2061 effe,
344 2023 373 2053 &
389 2021 407 2054 si
421 2022 496 2062 quid
514 2022 553 2052 ad
571 2029 688 2060 corpus
705 2021 970 2062 custodiendum,
987 2023 1039 2055 vel

162 2065 259 2095 etiam
279 2065 569 2095 commendandum
595 2062 712 2094 fastum
730 2062 783 2103 fit,
807 2065 859 2096 vel
878 2064 897 2096 li
914 2066 989 2105 quid
1007 2067 1038 2097 iu

162 2114 321 2144 marmor,
347 2105 396 2136 vel
417 2104 534 2136 vellem
551 2104 781 2137 collocandam.
825 2105 886 2138 Per
900 2115 1039 2139 marmor

163 2145 308 2188 intellige
332 2145 560 2187 sarcophagum
582 2146 670 2185 cujus
696 2146 818 2178 mentio
844 2147 874 2179 in
898 2149 927 2179 d.
951 2149 971 2179 l.
990 2158 1037 2189 37.

165 2187 268 2229 Quod
291 2189 369 2220 dicit
392 2189 432 2220 de
456 2186 542 2218 veste
566 2189 755 2219 collocanda
772 2211 781 2227 ‚
806 2186 913 2220 Graeci
938 2192 1038 2230 ‘expli-

161 2238 237 2260 cant
253 2229 411 2261 vestitum.
434 2230 633 2260 locutionem
650 2230 779 2270 attingit
796 2229 974 2263 Gutherius
987 2232 1037 2263 lib.

161 2280 192 2311 3.
211 2281 235 2302 c.
258 2280 305 2307 19.
336 2280 401 2302 rem
420 2271 451 2302 «St
467 2278 589 2302 morem
606 2269 840 2303 Kirchmannus
856 2273 904 2304 lib.
919 2281 977 2304 1.c.
991 2283 1037 2306 10.

166 2311 291 2351 Verba,
315 2313 350 2343 Si
371 2313 442 2354 quid
461 2313 499 2344 od
523 2318 627 2352 corpus
651 2311 885 2353 custodiendum,
910 2315 1037 2354 poss'unt

160 2354 303 2385 illustrari
326 2354 462 2394 pulchro
488 2354 611 2393 Apuleji
638 2352 714 2384 loco
730 2355 775 2386 lib.
797 2363 824 2387 2.
843 2355 1034 2397 Metamorpb.

162 2396 212 2426 cui
231 2397 312 2427 adde
329 2395 364 2426 sis
385 2395 633 2427 Kirchmannum
649 2397 677 2426 d.
693 2396 741 2427 lz'b.
764 2405 789 2427 1.
809 2406 834 2437 c.
856 2406 902 2428 12.
935 2397 1036 2441 Quod

162 2445 240 2467 vero
265 2436 307 2467 ait
332 2435 504 2476 Ulpianus,
528 2437 577 2467 Ad
594 2438 884 2470 commendandum
902 2448 1036 2480 corpus:

161 2476 194 2507 id
205 2477 267 2516 est,
283 2479 321 2509 ad
332 2488 448 2519 corpus
464 2479 590 2510 interim
607 2479 846 2518 deponendum.
865 2490 936 2512 nam
948 2491 1036 2513 com-

161 2521 313 2550 mendare
337 2519 400 2557 est,
426 2520 601 2560 deponere.
625 2519 655 2551 δι’.
681 2521 865 2561 exemplum
891 2521 921 2554 in
945 2522 965 2554 1.
983 2533 1034 2562 40.

159 2559 246 2592 121).
266 2566 286 2590 t.
315 2559 390 2591 item
417 2562 447 2592 in
472 2569 583 2592 vetere
606 2560 817 2602 inscriptione
839 2565 923 2604 apud
948 2563 1038 2604 Cuja·

161 2602 245 2632 cium
262 2601 307 2631 lib.
321 2611 347 2632 2.
367 2601 485 2642 Observ.
504 2613 527 2634 c.
550 2612 596 2642 17.
621 2603 649 2634 ὅ(
666 2601 860 2635 Gutherium
875 2605 924 2636 lib.
943 2615 970 2637 2.
991 2605 1038 2637 De

160 2649 219 2674 vec.
229 2642 295 2683 jur.
308 2641 416 2679 Pontis.
437 2654 459 2674 c.
471 2655 499 2680 9.
525 2643 640 2675 Adfert
655 2652 771 2682 praeter
789 2644 950 2685 superiora
966 2647 1036 2678 Ma-

162 2692 217 2715 cer
232 2682 282 2714 inl
304 2692 352 2721 37.
377 2685 470 2715 etiam
490 2694 650 2726 unguenta
667 2685 696 2717 ἃ
713 2686 886 2727 vectigalia.
911 2686 962 2719 De
979 2698 1034 2720 un-

161 2724 288 2765 guentis
305 2723 380 2754 nihil
398 2726 497 2756 addo:
521 2735 719 2759 mortuorum
744 2729 874 2759 unctura
893 2728 962 2761 satis
980 2739 1036 2761 no-

163 2774 194 2797 ta
211 2774 283 2797 cum
301 2774 340 2795 ex
355 2765 442 2802 aliis,
466 2774 531 2798 tum
555 2777 596 2799 ex
617 2769 762 2800 adductis
779 2779 795 2799 a
814 2766 1034 2802 Kirchmanno

161 2810 189 2839 d.
208 2808 254 2838 lib.
276 2816 301 2838 1.
319 2815 343 2837 c.
363 2815 391 2845 7.
418 2806 626 2847 vestigalium
640 2809 805 2842 obscurior
822 2813 921 2844 ratio:
938 2821 1033 2852 quan-

161 2850 205 2880 do
230 2847 400 2880 Florentize
424 2847 560 2888 legitur,
585 2850 769 2892 Vestigulia:
792 2851 843 2884 sed
867 2854 950 2893 apud
974 2853 1034 2885 Ha-

161 2892 330 2922 loandrum
351 2888 415 2926 est,
433 2886 587 2927 Vestiaria.
612 2891 888 2932 illaniscripturarn
905 2894 1035 2935 praefert

161 2931 311 2971 Cujacius
327 2931 374 2961 lib.
386 2941 415 2972 5.
428 2929 547 2970 Observ.
564 2940 587 2961 c.
603 2932 656 2964 ult.
675 2933 756 2966 hanc
772 2934 934 2967 Leoninus
949 2937 996 2968 lib.
1005 2947 1033 2977 3.

161 2973 287 3004 Erneml.
305 2981 328 3001 c.
353 2980 396 3004 io.
421 2970 480 3002 Me
496 2971 645 3017 austore,
662 2974 692 3004 in
709 2976 816 3006 medio
834 2977 1032 3018 relinquetur

162 3013 344 3045 discidium:
361 3012 513 3052 siquidem
530 3011 693 3057 vectigalia
713 3024 770 3053 pro
786 3017 915 3050 transitu
934 3018 1033 3052 solve-

160 3055 275 3086 bantur
292 3055 321 3084 in
341 3053 493 3093 pontibus
516 3062 553 3085 ac
575 3055 651 3092 Viis;
676 3063 735 3085 nec
753 3056 821 3089 satis
836 3060 954 3099 causae,
976 3070 1032 3092 cur

159 3097 198 3127 ab
217 3096 264 3127 liis
283 3095 379 3126 libera
396 3095 495 3127 ess'ent
512 3097 675 3126 cadavera.
700 3099 811 3128 cadem
831 3100 966 3133 vestibus
985 3110 1029 3132 te.

159 3138 209 3167 (ta
227 3145 321 3174 atquc
340 3145 452 3169 ornata
467 3135 690 3168 efferebantur.
715 3137 758 3167 ita
775 3140 881 3176 potuit
897 3149 1029 3184 utraque

158 3177 298 3220 impensa
312 3175 434 3211 funeris
450 3178 571 3211 haberi.
613 3176 666 3210 De
691 3178 830 3211 vestibus
848 3180 965 3216 diatim
984 3184 1029 3219 su.

987 71 1252 111 Neon-r
1307 77 1524 118 Contu.

1081 170 1153 209 pra:
1167 163 1208 196 de
1225 165 1433 207 vectigalibus
1451 169 1570 211 aliquid
1587 170 1616 203 in
1633 172 1653 204 i.
1674 181 1723 204 21.
1744 173 1790 205 D.
1807 175 1841 207 de
1857 177 1955 211 donat.
1990 207 1994 213 .

1081 209 1134 253 zrit.
1150 207 1208 236 vir.
1225 205 1263 240 ὅ)
1280 217 1364 241 uxor.
1385 210 1404 241 l.
1423 216 1472 243 60.
1488 211 1518 252 §.
1539 216 1567 245 8.
1591 214 1636 245 D.
1656 214 1769 246 Locazi.
1795 216 1825 248 ὅ(
1842 217 1872 248 in
1890 218 1954 251 hoe

1085 247 1233 293 benecze,
1258 247 1304 279 De
1319 249 1461 291 constant.
1475 254 1597 294 sapient.
1617 264 1640 287 c.
1661 264 1706 293 14.
1738 255 1804 288 Nec
1818 259 1956 299 indigna-

1083 288 1165 318 bitur
1177 288 1288 329 aliquid
1305 292 1480 332 impendere,
1503 301 1538 325 ut
1555 295 1641 327 limen
1656 297 1802 339 transeat,
1824 302 1956 341 cogitam-

1085 327 1122 362 &2
1138 330 1171 358 in
1182 333 1317 376 pontibus
1336 336 1507 374 quibusdam
1518 343 1572 376 pro
1587 337 1715 375 transitu
1729 341 1805 372 dari.

1121 367 1260 416 ⁴Ostendi
1278 395 1288 410 ,
1314 377 1443 413 quando
1467 378 1574 409 locum
1604 378 1719 411 habeat
1741 380 1901 413 funeraria
1923 393 1958 415 a·

1086 408 1169 448 ἄκη
1192 421 1291 444 ctiam
1316 417 1354 447 ad
1379 419 1454 457 quid
1473 419 1583 450 detur:
1605 429 1678 453 cum
1696 421 1737 452 fic
1754 423 1859 454 edicat
1876 423 1973 456 1318--

1086 459 1156 498 tor,
1172 451 1259 500 ρμοᾳ
1268 455 1388 494 funeris
1400 461 1486 498 catoso
1501 461 1629 501 sumptus
1637 461 1742 502 fufius
1756 465 1828 500 erit3
1845 464 1877 496 ἃ.
1892 465 1959 498 sub·

1083 500 1189 538 Jimat,
1214 493 1287 536 Ejus
1301 502 1489 538 recuperandi
1505 501 1590 543 causiz
1601 504 1748 544 judicium
1766 507 1846 536 dabo.
1878 505 1957 540 Illud

1086 543 1185 573 quatri
1209 536 1322 576 poffit3
1345 548 1383 570 an
1408 540 1438 572 in
1459 540 1617 576 infinitum
1642 547 1830 586 competat?
1853 546 1960 589 Negat

1085 573 1241 615 Ulpianus
1263 576 1283 608 l.
1311 586 1356 619 14.
1379 580 1406 622 §.
1431 586 1460 615 6.
1485 583 1526 615 D.
1541 586 1571 618 h.
1591 592 1611 617 t.
1634 596 1694 627 qua
1713 588 1862 621 ratione?
1885 598 1959 630 quia
1980 618 1987 622 .
2035 592 2036 599 ¹

1086 616 1155 647 haec
1181 617 1331 664 actio-ex
1355 621 1443 666 bono
1470 625 1501 657 δι
1518 635 1612 666 aequo
1630 630 1741 660 oritur.
1766 638 1892 671 aequum
1908 640 1960 662 au-

1086 664 1171 704 tem,
1196 666 1298 703 inquit
1324 659 1499 705 Ulpianus,
1522 667 1676 709 accipitur
1700 679 1740 702 ex
1762 672 1916 713 dignitate
1931 681 1964 703 e-

1083 708 1131 739 jus
1151 708 1204 739 qui
1221 699 1386 735 funeratus
1404 705 1466 744 est,
1492 717 1532 739 ex
1551 710 1657 749 causa,
1673 721 1714 742 ex
1737 720 1905 753 tempore,
1920 723 1962 745 ex

1087 743 1173 785 bona
1189 738 1275 780 fide;
1300 751 1334 773 ut
1351 754 1455 786 neque
1471 749 1543 788 plus
1557 750 1731 792 imputetur
1746 753 1888 794 sumptus
1906 764 1961 786 no-

1087 791 1172 813 mine
1195 791 1290 823 quam
1313 783 1431 832 fastum
1457 788 1521 828 cst,
1545 801 1650 831 neque
1667 801 1789 827 tantum
1806 805 1961 837 quantum

1086 822 1204 871 saelum
1229 824 1293 863 est,
1317 825 1336 857 fi
1359 829 1529 862 immodice
1545 832 1663 865 facturn
1687 835 1742 868 est,
1786 837 1837 868 Sic
1855 837 1961 878 placet
1999 837 2001 839 ’

1087 864 1223 904 Ulpiano
1233 889 1244 905 ,
1260 866 1368 899 haberi
1380 869 1534 903 rationem
1545 873 1733 907 facultatum
1745 879 1810 918 ejus
1822 878 1851 910 in
1865 889 1961 919 quem

1085 905 1204 938 factum
1234 906 1295 952 est:
1320 909 1349 940 ἃ
1373 911 1467 952 ipsius
1490 915 1533 944 rei
1561 924 1630 955 quae
1654 917 1733 949 ultra
1750 920 1880 951 modum
1896 920 1961 952 fine

1085 947 1174 980 causa
1191 948 1396 996 consumitur.
1440 953 1533 986 Esto:
1558 956 1577 987 fi
1604 957 1680 989 nihil
1697 958 1762 999 ipse
1778 959 1960 993 definiverit

1085 989 1227 1036 testator3
1253 991 1304 1022 led
1325 994 1418 1033 quid,
1435 993 1454 1027 fi
1468 995 1588 1036 Juss'erit
1606 998 1693 1038 fieri,
1711 1001 1740 1032 dt
1756 1010 1797 1032 ex
1814 1003 1959 1034 volunta-

1085 1038 1117 1062 te
1135 1040 1201 1070 ejus
1219 1036 1396 1072 lmpesslum
1421 1036 1491 1069 est?
1515 1040 1558 1070 uit
1573 1040 1744 1080 Ulpianus,
1769 1052 1829 1073 nec
1847 1045 1960 1076 volun-

1085 1080 1185 1103 tatem
1205 1072 1417 1122 sequendam,
1442 1077 1461 1109 fi
1482 1088 1530 1112 res
1545 1081 1724 1122 egrediatur
1738 1083 1850 1124 justam
1867 1086 1960 1117 ratio-

1084 1123 1166 1160 nem.
1190 1115 1239 1145 Ab
1256 1114 1316 1147 hac
1333 1120 1423 1149 caula
1439 1120 1522 1152 idem
1540 1121 1651 1164 in§.5.
1669 1125 1697 1156 d.
1715 1124 1735 1156 i.
1757 1134 1801 1164 ¹4·
1828 1126 1869 1158 sic
1886 1127 1957 1158 scri·

1084 1155 1147 1186 bit:
1171 1156 1244 1203 Non
1268 1164 1374 1197 oportet
1394 1170 1562 1194 ornamenta
1583 1174 1649 1196 cum
1674 1169 1836 1206 corporibus
1859 1170 1959 1199 condi:

1083 1206 1133 1227 nec
1159 1200 1229 1238 quid
1251 1199 1334 1230 aliud
1357 1201 1521 1242 hujusmodi
1543 1207 1618 1246 quod
1640 1207 1764 1239 homines
1772 1207 1958 1249 simpliciores·

1076 1239 1211 1278 faciunt.
1236 1238 1368 1273 Morem
1387 1252 1479 1275 notat
1498 1246 1669 1286 Ulpianus:
1687 1249 1911 1291 &exemplum
1929 1261 1961 1282 a·

1084 1281 1148 1325 pud
1172 1280 1350 1326 Scaevolam
1368 1283 1388 1315 l.
1407 1295 1457 1324 40.
1478 1286 1507 1328 ἓ.
1524 1297 1552 1319 2.
1571 1289 1617 1320 D.
1636 1291 1671 1320 de
1685 1300 1751 1322 our.
1768 1301 1832 1333 arg.
1854 1295 1957 1324 mund.

1083 1323 1154 1358 led,
1179 1329 1214 1352 ut
1233 1323 1461 1371 Ulpi-anusait,
1485 1327 1731 1371 iimpliciorurn3
1754 1331 1786 1364 id
1805 1333 1868 1370 est,
1886 1334 1959 1366 stul-

1082 1361 1220 1411 storum,
1245 1365 1274 1395 dt
1299 1365 1374 1398 ideo
1390 1370 1645 1408 improbandum.
1669 1374 1757 1413 quod
1773 1374 1802 1405 &
1820 1374 1958 1407 Marcia-

1083 1413 1126 1435 no
1144 1406 1239 1449 urium
1259 1407 1275 1437 l.
1289 1415 1356 1447 113.
1372 1408 1399 1449 §,
1417 1419 1447 1450 5.
1466 1409 1504 1442 D.
1525 1413 1558 1442 de
1573 1412 1658 1453 legar.
1674 1415 1723 1446 lib.
1738 1423 1763 1446 1.
1787 1425 1849 1447 nec
1864 1417 1955 1448 aliter

1083 1444 1261 1490 LucianuS,
1279 1447 1426 1489 Nigrino,
1439 1458 1507 1494 pag.
1525 1457 1576 1485 62.
1594 1460 1659 1487 tom.
1681 1465 1705 1488 1.
1729 1457 1827 1488 verba
1844 1456 1957 1489 Lucia-

1084 1495 1125 1518 m.
1151 1487 1208 1532 lllci
1225 1497 1291 1520 vero
1307 1492 1393 1522 eciam
1408 1494 1516 1525 interea
1533 1504 1599 1526 cum
1614 1497 1650 1527 ab
1667 1506 1695 1527 eo
1714 1498 1897 1537 dicerentur,
1913 1500 1955 1530 ri-

1073 1531 1115 1569 Ju
1126 1531 1260 1575 prosequi
1268 1530 1383 1562 εοαὲἳιιε
1398 1535 1460 1570 lum
1471 1558 1480 1573 ‚
1494 1537 1569 1576 quod
1587 1536 1624 1571 ἐξ
1636 1541 1733 1575 secum
1739 1539 1857 1579 sepeliri
1875 1541 1957 1581 igno-

1083 1577 1208 1601 mmmm
1221 1572 1311 1609 suam
1333 1573 1406 1604 velle
1429 1584 1472 1605 eos
1496 1577 1609 1617 ajebat,
1632 1577 1670 1612 ὣς)
1693 1578 1852 1619 stulticiam
1868 1584 1955 1619 sicam

1083 1617 1179 1650 aperte
1186 1613 1296 1652 scripto
1312 1615 1397 1646 etiam
1416 1614 1514 1657 testari
1523 1640 1532 1657 ‚
1548 1621 1618 1649 dum
1633 1619 1685 1650 aliz·
1700 1619 1788 1659 vestes
1805 1623 1907 1663 quibus
1922 1625 1956 1654 in

1082 1654 1149 1683 vim
1157 1653 1367 1693 pretiofioribus
1385 1655 1429 1695 usi
1443 1664 1531 1696 sunt,
1547 1662 1708 1692 comburere
1722 1663 1814 1693 eodem
1831 1667 1953 1703 rogo-le-

1082 1704 1147 1724 cum
1164 1698 1322 1740 mumioni:
1336 1697 1387 1728 olii
1395 1705 1491 1730 autem
1503 1699 1642 1741 &ser-vos
1658 1709 1745 1734 certos
1757 1705 1796 1734 ad
1806 1706 1954 1746 sepulchra

1081 1733 1213 1784 adstare,
1236 1742 1349 1773 rursum
1372 1740 1425 1770 alii
1450 1742 1542 1782 cippos
1557 1766 1567 1783 ,
1583 1742 1649 1780 sive
1673 1745 1820 1776 columnas
1844 1755 1956 1788 quoque

1082 1787 1212 1808 coronari
1228 1780 1316 1818 senis
1342 1783 1514 1821 praecipiunt
1531 1806 1541 1822 ,
1571 1783 1665 1822 stolidi
1685 1787 1818 1818 videlicet
1840 1789 1874 1819 in
1893 1789 1955 1829 ipsa

1081 1827 1169 1863 risorie
1184 1826 1340 1854 attinentes.
1384 1821 1521 1864 Elegans
1547 1826 1612 1857 hoc
1629 1828 1814 1865 exemplum
1833 1836 1958 1869 tempe·

1081 1861 1169 1892 randi
1192 1860 1330 1907 sumptus
1353 1862 1494 1904 funem,
1518 1865 1611 1899 etiam
1627 1868 1790 1901 adversum
1809 1870 1956 1903 volunta-

1082 1909 1147 1933 tem
1167 1901 1320 1935 defuncti.
1343 1904 1394 1936 sed
1416 1907 1504 1946 quod
1527 1918 1566 1939 ex
1584 1908 1699 1941 Macro
1717 1909 1854 1949 sequitur
1869 1913 1889 1944 l.
1906 1922 1955 1954 37.

1082 1945 1109 1974 b.
1127 1949 1149 1974 ι.
1175 1953 1239 1975 non
1258 1947 1359 1978 minus
1375 1947 1520 1989 elegans:
1546 1950 1650 1982 Verba
1667 1950 1790 1991 Macri,
1814 1961 1849 1984 ut
1864 1953 1952 1994 supra

1083 1988 1252 2017 emendata
1271 1986 1358 2027 sunt,
1384 1990 1534 2029 apposui:
1559 1991 1779 2024 Munimentum
1798 2000 1893 2026 autem
1902 1995 1953 2033 se-

1077 2027 1195 2068 pulchri
1228 2028 1258 2058 id
1280 2028 1331 2069 effe
1357 2030 1461 2062 Divus
1484 2031 1661 2065 Hadrianus
1689 2033 1830 2076 resi-ripfic
1847 2059 1858 2075 ,
1879 2037 1956 2077 quod

1082 2072 1168 2107 causa
1190 2071 1340 2102 muniendi
1354 2071 1423 2113 ejus
1443 2073 1497 2103 loci
1514 2073 1634 2113 fastum
1650 2074 1710 2114 fit,
1733 2077 1764 2107 in
1786 2086 1840 2118 quo
1853 2084 1955 2117 corpus

1080 2109 1241 2150 impositum
1250 2110 1302 2149 sit.
1326 2113 1424 2154 itaque
1432 2112 1461 2151 st'
1478 2115 1606 2155 amplum
1627 2117 1697 2157 quid
1712 2117 1851 2157 aedificuri
1869 2116 1954 2159 testa-

1081 2157 1126 2183 tor
1144 2151 1279 2193 jufferit‚
1302 2154 1394 2185 velun·
1416 2157 1447 2187 in
1471 2157 1597 2188 circuitu
1619 2157 1812 2198 (Florentiae
1830 2159 1894 2199 est,
1919 2161 1953 2192 in

1081 2195 1209 2232 circum)
1219 2195 1440 2236 porticaziones‚
1456 2206 1500 2228 eos
1513 2198 1645 2239 [scurpeus
1654 2199 1775 2239 funeris
1791 2202 1879 2240 causa
1894 2211 1952 2234 non

1080 2234 1140 2275 effe.
1184 2234 1329 2268 Rationis
1346 2246 1432 2274 erat,
1455 2238 1713 2280 sepulchrorum,
1737 2241 1810 2282 quia
1825 2244 1856 2274 in
1872 2242 1951 2284 agris

1080 2285 1188 2317 erant,
1211 2277 1404 2310 munitiones
1422 2279 1572 2321 septaque
1589 2281 1657 2313 fieri
1673 2283 1752 2314 vela
1767 2285 1843 2315 vivo
1862 2283 1955 2316 testa·

1080 2325 1149 2349 tore
1161 2341 1170 2356 ,
1195 2320 1244 2350 vel
1264 2319 1334 2360 post
1353 2321 1418 2360 ejus
1436 2331 1595 2366 mortem,
1611 2323 1651 2355 ab
1668 2323 1785 2356 herede
1800 2333 1854 2356 aut
1871 2326 1955 2365 alio,

1081 2368 1123 2391 ex
1145 2361 1298 2392 mandato
1321 2361 1475 2394 defuncti.
1501 2373 1590 2396 erant
1615 2372 1720 2396 autem
1743 2365 1796 2405 (ut
1818 2367 1880 2406 Jam
1896 2367 1955 2398 ob·

1081 2400 1243 2433 servarunt
1268 2400 1463 2443 Gutherius,
1487 2405 1534 2436 lib.
1564 2415 1590 2437 2.
1617 2406 1664 2439 De
1676 2406 1736 2446 jur.
1757 2417 1835 2438 mon,
1857 2418 1881 2438 c.
1901 2418 1950 2449 30.

1080 2441 1117 2477 ὅ)
1132 2442 1178 2473 lib.
1196 2452 1224 2483 3.
1241 2453 1265 2474 c.
1277 2453 1307 2482 4.
1331 2443 1563 2480 Kirchmannus
1578 2447 1660 2487 lib.3.
1671 2447 1716 2478 De
1725 2448 1854 2487 funerib.
1869 2448 1950 2481 Rom.

1080 2493 1105 2515 c.
1126 2493 1170 2522 17.
1193 2486 1223 2516 ὄζ
1242 2483 1404 2517 Reinesius
1423 2488 1461 2517 ad
1478 2486 1610 2529 Inscripc.
1633 2497 1698 2520 112.
1710 2488 1786 2529 cloff.
1797 2493 1826 2520 6.
1845 2489 1882 2525 ὅ)
1901 2491 1951 2521 ln-

1071 2526 1177 2566 script.
1199 2529 1245 2557 16.
1264 2524 1341 2567 claff.
1363 2528 1412 2568 7.)
1435 2527 1481 2558 hae
1506 2527 1700 2562 munitiones
1724 2530 1893 2570 aliquando
1908 2532 1953 2563 se-

1081 2575 1137 2605 pes
1153 2565 1287 2607 ferreae,
1310 2568 1497 2609 plerumque
1516 2571 1679 2609 maceriae,
1702 2570 1756 2603 seu
1772 2573 1870 2610 muri,
1893 2583 1951 2612 pro

1080 2607 1246 2640 hominum
1270 2608 1418 2649 ingenio,
1443 2610 1586 2650 luxuria,
1610 2612 1800 2645 conditione
1826 2614 1952 2652 pulchri

1079 2657 1176 2689 atque
1192 2649 1359 2681 ornatiaut
1375 2649 1470 2682 etiam
1488 2653 1600 2691 rudes,
1618 2653 1771 2695 vilesque.
1795 2655 1953 2687 addeban-

1080 2698 1130 2721 tur
1149 2691 1250 2730 silvae,
1267 2691 1387 2730 vineae,
1405 2691 1510 2731 horti,
1527 2694 1757 2727 ambulationes
1775 2694 1950 2736 subdiales,

1078 2731 1326 2772 perticationes,
1344 2731 1395 2763 seu
1413 2734 1574 2775 porticus3
1589 2736 1732 2768 aedificia.
1758 2736 1791 2769 ln
1810 2737 1879 2769 baec
1893 2738 1949 2770 irn-

1078 2772 1188 2812 pensas
1207 2782 1282 2814 quas
1303 2774 1419 2813 vellet,
1443 2784 1502 2813 pro
1526 2776 1580 2808 suo
1599 2777 1731 2810 arbitrio
1749 2777 1888 2810 faciebat
1906 2781 1951 2811 vi-

1077 2824 1135 2845 vus
1152 2813 1302 2850 testator.
1326 2815 1356 2847 ὅ(
1378 2815 1450 2855 post
1466 2816 1531 2857 ejus
1550 2827 1706 2858 mortem,
1732 2819 1834 2852 lieres.
1857 2819 1888 2852 id
1902 2821 1949 2861 jus

1076 2857 1154 2887 alius
1166 2865 1226 2887 non
1242 2856 1396 2888 habebat:
1412 2867 1452 2889 ne
1469 2861 1618 2892 mandatu
1636 2860 1765 2900 quidem
1782 2862 1947 2894 testatoris.

1076 2906 1189 2927 contra
1206 2897 1478 2931 tenebaturillein
1491 2901 1556 2937 his,
1575 2900 1698 2933 servare
1714 2903 1857 2934 modum.
1875 2913 1949 2936 eum

1076 2936 1098 2970 fi
1116 2939 1338 2978 egrederetur,
1355 2949 1419 2972 non
1437 2940 1604 2974 videbatur
1616 2942 1722 2975 facere
1733 2943 1888 2984 sumptum
1898 2944 1950 2975 fu-

1077 2979 1160 3011 neris
1183 2979 1272 3010 causa
1290 3003 1299 3019 ,
1324 2990 1383 3012 nec
1409 2991 1451 3013 eo
1475 2984 1607 3015 nomine
1629 2983 1768 3018 habebat
1789 2984 1946 3019 actionem

1075 3020 1274 3052 funerariam.
1307 3021 1334 3052 is
1354 3021 1456 3055 seusus
1476 3024 1576 3056 Macri
1594 3025 1621 3056 d.
1638 3024 1666 3066 §.
1690 3035 1712 3057 1.
1734 3026 1753 3056 l.
1771 3035 1820 3066 37.
1844 3024 1948 3065 Opor-

1075 3060 1163 3093 tebat
1179 3061 1274 3103 igitur
1286 3062 1440 3103 sumptum
1457 3064 1576 3098 funeris
1592 3065 1681 3097 causa
1692 3066 1759 3098 fieri
1772 3075 1829 3105 pro
1845 3067 1947 3107 digni-

1074 3111 1139 3135 tate
1164 3102 1325 3142 defuncti,
1350 3106 1380 3137 ἃ
1400 3105 1607 3138 facultatibus
1626 3108 1709 3147 ejus:
1731 3115 1797 3138 non
1815 3108 1896 3139 ultra
1918 3109 1944 3138 d.

1070 3144 1090 3175 l.
1115 3153 1158 3184 14.
1174 3144 1202 3186 §.
1221 3149 1250 3176 6.
1266 3144 1303 3180 ὅ)
1319 3146 1337 3178 l.
1358 3156 1405 3178 12.
1421 3146 1448 3187 §.
1466 3157 1494 3186 5.
1511 3148 1539 3179 h.
1559 3156 1580 3178 t.
1601 3147 1665 3179 imo
1686 3156 1746 3179 nec
1768 3146 1850 3179 infra
1876 3158 1945 3180 mo-

1071 3186 1147 3220 dum
1162 3195 1255 3221 eum:
1278 3194 1352 3221 nam
1373 3196 1435 3220 nec
1459 3188 1522 3222 hoc
1540 3196 1664 3231 aequum
1681 3188 1766 3230 pati,
1790 3189 1874 3223 clare
1892 3190 1944 3233 [fl-

1882 3238 1945 3270 pia·
