<?xml version="1.0" encoding="UTF-8"?>
<!DOCTYPE html PUBLIC "-//W3C//DTD XHTML 1.0 Transitional//EN"
    "http://www.w3.org/TR/xhtml1/DTD/xhtml1-transitional.dtd">
<html xmlns="http://www.w3.org/1999/xhtml" xml:lang="en" lang="en">
 <head>
  <title>
</title>
<meta http-equiv="Content-Type" content="text/html;charset=utf-8" />
  <meta name='ocr-system' content='tesseract 3.04.00' />
  <meta name='ocr-capabilities' content='ocr_page ocr_carea ocr_par ocr_line ocrx_word'/>
</head>
<body>
  <div class='ocr_page' id='page_1' title='image "./gerardinoodtnovi00nood_0184.png"; bbox 0 0 2052 3487; ppageno 0'>
   <div class='ocr_carea' id='block_1_1' title="bbox 213 121 281 167">
    <p class='ocr_par' dir='ltr' id='par_1_1' title="bbox 213 121 281 167">
     <span class='ocr_line' id='line_1_1' title="bbox 213 121 281 167; baseline 0.044 -10"><span class='ocrx_word' id='word_1_1' title='bbox 213 121 281 167; x_wconf 73' lang='lat'>158</span> 
     </span>
    </p>
   </div>
   <div class='ocr_carea' id='block_1_2' title="bbox 209 196 1080 536">
    <p class='ocr_par' dir='ltr' id='par_1_2' title="bbox 209 196 1080 536">
     <span class='ocr_line' id='line_1_2' title="bbox 213 196 1078 250; baseline -0.01 -10"><span class='ocrx_word' id='word_1_2' title='bbox 213 209 283 240; x_wconf 81' lang='lat' dir='ltr'>nino</span> <span class='ocrx_word' id='word_1_3' title='bbox 305 207 381 250; x_wconf 83' lang='lat' dir='ltr'>quod</span> <span class='ocrx_word' id='word_1_4' title='bbox 398 204 551 240; x_wconf 82' lang='lat' dir='ltr'>venditor,</span> <span class='ocrx_word' id='word_1_5' title='bbox 573 207 653 232; x_wconf 87' lang='lat' dir='ltr'>mora</span> <span class='ocrx_word' id='word_1_6' title='bbox 669 207 727 246; x_wconf 73' lang='lat' dir='ltr'>non</span> <span class='ocrx_word' id='word_1_7' title='bbox 737 196 827 239; x_wconf 58' lang='lat' dir='ltr'>sabia</span> <span class='ocrx_word' id='word_1_8' title='bbox 845 221 855 237; x_wconf 93' lang='lat'>,</span> <span class='ocrx_word' id='word_1_9' title='bbox 886 198 1017 241; x_wconf 83' lang='lat' dir='ltr'><em>consequi</em></span> <span class='ocrx_word' id='word_1_10' title='bbox 1029 204 1078 240; x_wconf 84' lang='lat' dir='ltr'>po·</span> 
     </span>
     <span class='ocr_line' id='line_1_3' title="bbox 213 239 1079 287; baseline -0.012 -5"><span class='ocrx_word' id='word_1_11' title='bbox 213 252 291 287; x_wconf 83' lang='lat' dir='ltr'>tuit;</span> <span class='ocrx_word' id='word_1_12' title='bbox 311 249 422 285; x_wconf 86' lang='lat' dir='ltr'>veluti,</span> <span class='ocrx_word' id='word_1_13' title='bbox 437 244 467 284; x_wconf 89' lang='lat' dir='ltr'><em>fi</em></span> <span class='ocrx_word' id='word_1_14' title='bbox 483 242 645 285; x_wconf 75' lang='lat' dir='ltr'><em>negotiator</em></span> <span class='ocrx_word' id='word_1_15' title='bbox 656 241 723 281; x_wconf 82' lang='lat' dir='ltr'>fuzt</span> <span class='ocrx_word' id='word_1_16' title='bbox 734 264 744 280; x_wconf 95' lang='lat'>,</span> <span class='ocrx_word' id='word_1_17' title='bbox 779 239 816 275; x_wconf 55' lang='grc' dir='ltr'>ὅ)</span> <span class='ocrx_word' id='word_1_18' title='bbox 828 241 920 280; x_wconf 82' lang='lat' dir='ltr'>pretio</span> <span class='ocrx_word' id='word_1_19' title='bbox 930 243 1025 281; x_wconf 80' lang='lat' dir='ltr'>soluto</span> <span class='ocrx_word' id='word_1_20' title='bbox 1043 250 1079 272; x_wconf 84' lang='lat' dir='ltr'>ex</span> 
     </span>
     <span class='ocr_line' id='line_1_4' title="bbox 212 281 1079 330; baseline -0.012 -7"><span class='ocrx_word' id='word_1_21' title='bbox 212 293 352 322; x_wconf 86' lang='lat' dir='ltr'><em>mercibus</em></span> <span class='ocrx_word' id='word_1_22' title='bbox 362 289 446 330; x_wconf 85' lang='lat' dir='ltr'>plus,</span> <span class='ocrx_word' id='word_1_23' title='bbox 468 295 556 327; x_wconf 85' lang='lat' dir='ltr'>quarn</span> <span class='ocrx_word' id='word_1_24' title='bbox 570 293 606 315; x_wconf 88' lang='lat' dir='ltr'>ex</span> <span class='ocrx_word' id='word_1_25' title='bbox 621 283 717 322; x_wconf 81' lang='lat' dir='ltr'>usuris</span> <span class='ocrx_word' id='word_1_26' title='bbox 732 291 856 322; x_wconf 85' lang='lat' dir='ltr'>quaerere</span> <span class='ocrx_word' id='word_1_27' title='bbox 871 287 978 323; x_wconf 77' lang='lat' dir='ltr'>potuit.</span> <span class='ocrx_word' id='word_1_28' title='bbox 1006 281 1079 313; x_wconf 90' lang='lat' dir='ltr'>Nec</span> 
     </span>
     <span class='ocr_line' id='line_1_5' title="bbox 213 322 1079 366; baseline -0.012 -2"><span class='ocrx_word' id='word_1_29' title='bbox 213 332 290 364; x_wconf 84' lang='lat' dir='ltr'>alius</span> <span class='ocrx_word' id='word_1_30' title='bbox 309 331 435 361; x_wconf 87' lang='lat' dir='ltr'>videtur</span> <span class='ocrx_word' id='word_1_31' title='bbox 451 326 539 358; x_wconf 85' lang='lat' dir='ltr'>Pauli</span> <span class='ocrx_word' id='word_1_32' title='bbox 559 323 659 356; x_wconf 86' lang='lat' dir='ltr'>sensus</span> <span class='ocrx_word' id='word_1_33' title='bbox 682 324 702 354; x_wconf 89' lang='lat' dir='ltr'>l.</span> <span class='ocrx_word' id='word_1_34' title='bbox 726 332 771 363; x_wconf 82' lang='lat'>17.</span> <span class='ocrx_word' id='word_1_35' title='bbox 796 323 827 365; x_wconf 55' lang='grc' dir='ltr'>ᾗ.</span> <span class='ocrx_word' id='word_1_36' title='bbox 844 333 874 366; x_wconf 84' lang='lat'>3.</span> <span class='ocrx_word' id='word_1_37' title='bbox 900 322 942 354; x_wconf 91' lang='lat' dir='ltr'>D.</span> <span class='ocrx_word' id='word_1_38' title='bbox 962 324 996 354; x_wconf 82' lang='lat' dir='ltr'>de</span> <span class='ocrx_word' id='word_1_39' title='bbox 1010 327 1079 363; x_wconf 78' lang='lat' dir='ltr'>usu-</span> 
     </span>
     <span class='ocr_line' id='line_1_6' title="bbox 211 364 1080 412; baseline -0.009 -8"><span class='ocrx_word' id='word_1_40' title='bbox 211 374 272 404; x_wconf 82' lang='lat' dir='ltr'>ris:</span> <span class='ocrx_word' id='word_1_41' title='bbox 296 372 350 412; x_wconf 88' lang='lat' dir='ltr'>qui</span> <span class='ocrx_word' id='word_1_42' title='bbox 366 377 462 411; x_wconf 86' lang='lat' dir='ltr'>agens</span> <span class='ocrx_word' id='word_1_43' title='bbox 480 369 521 400; x_wconf 92' lang='lat' dir='ltr'>de</span> <span class='ocrx_word' id='word_1_44' title='bbox 537 365 654 404; x_wconf 85' lang='lat' dir='ltr'>usuris,</span> <span class='ocrx_word' id='word_1_45' title='bbox 677 366 709 396; x_wconf 91' lang='lat' dir='ltr'>in</span> <span class='ocrx_word' id='word_1_46' title='bbox 729 365 840 405; x_wconf 74' lang='lat' dir='ltr'>legatis</span> <span class='ocrx_word' id='word_1_47' title='bbox 861 366 890 397; x_wconf 73' lang='grc' dir='ltr'>ἀ</span> <span class='ocrx_word' id='word_1_48' title='bbox 913 364 1080 396; x_wconf 86' lang='lat' dir='ltr'>fideicom-</span> 
     </span>
     <span class='ocr_line' id='line_1_7' title="bbox 209 406 1080 450; baseline -0.009 -5"><span class='ocrx_word' id='word_1_49' title='bbox 209 412 305 446; x_wconf 83' lang='lat' dir='ltr'>miffis</span> <span class='ocrx_word' id='word_1_50' title='bbox 330 421 371 443; x_wconf 86' lang='lat' dir='ltr'>ex</span> <span class='ocrx_word' id='word_1_51' title='bbox 391 419 481 442; x_wconf 89' lang='lat' dir='ltr'>mora</span> <span class='ocrx_word' id='word_1_52' title='bbox 498 407 682 450; x_wconf 82' lang='lat' dir='ltr'>praestandis</span> <span class='ocrx_word' id='word_1_53' title='bbox 702 429 711 446; x_wconf 91' lang='lat'>,</span> <span class='ocrx_word' id='word_1_54' title='bbox 742 407 895 446; x_wconf 85' lang='lat' dir='ltr'>exemplo</span> <span class='ocrx_word' id='word_1_55' title='bbox 919 406 1080 439; x_wconf 72' lang='lat' dir='ltr'>actionum</span> 
     </span>
     <span class='ocr_line' id='line_1_8' title="bbox 210 448 1080 490; baseline -0.008 -5"><span class='ocrx_word' id='word_1_56' title='bbox 210 455 305 486; x_wconf 88' lang='lat' dir='ltr'>bonae</span> <span class='ocrx_word' id='word_1_57' title='bbox 339 452 437 490; x_wconf 88' lang='lat' dir='ltr'>fidei,</span> <span class='ocrx_word' id='word_1_58' title='bbox 467 452 511 483; x_wconf 84' lang='lat' dir='ltr'>ait</span> <span class='ocrx_word' id='word_1_59' title='bbox 527 473 537 489; x_wconf 95' lang='lat'>,</span> <span class='ocrx_word' id='word_1_60' title='bbox 571 448 674 480; x_wconf 88' lang='lat' dir='ltr'>usuras</span> <span class='ocrx_word' id='word_1_61' title='bbox 707 456 773 479; x_wconf 90' lang='lat' dir='ltr'>non</span> <span class='ocrx_word' id='word_1_62' title='bbox 800 455 934 489; x_wconf 87' lang='lat' dir='ltr'>propter</span> <span class='ocrx_word' id='word_1_63' title='bbox 957 448 1080 479; x_wconf 89' lang='lat' dir='ltr'>lucrum</span> 
     </span>
     <span class='ocr_line' id='line_1_9' title="bbox 209 488 1079 536; baseline -0.008 -9"><span class='ocrx_word' id='word_1_64' title='bbox 209 494 410 536; x_wconf 88' lang='lat' dir='ltr'>petentium,</span> <span class='ocrx_word' id='word_1_65' title='bbox 434 492 485 525; x_wconf 92' lang='lat' dir='ltr'>sed</span> <span class='ocrx_word' id='word_1_66' title='bbox 503 499 637 533; x_wconf 89' lang='lat' dir='ltr'>propter</span> <span class='ocrx_word' id='word_1_67' title='bbox 657 498 781 522; x_wconf 88' lang='lat' dir='ltr'>moram</span> <span class='ocrx_word' id='word_1_68' title='bbox 798 488 1009 529; x_wconf 88' lang='lat' dir='ltr'>solventium,</span> <span class='ocrx_word' id='word_1_69' title='bbox 1033 490 1079 521; x_wconf 90' lang='lat' dir='ltr'>in-</span> 
     </span>
    </p>
   </div>
   <div class='ocr_carea' id='block_1_3' title="bbox 207 536 1084 1283">
    <p class='ocr_par' dir='ltr' id='par_1_3' title="bbox 209 536 287 568">
     <span class='ocr_line' id='line_1_10' title="bbox 209 536 287 568; baseline 0 0"><span class='ocrx_word' id='word_1_70' title='bbox 209 536 242 568; x_wconf 83' lang='lat' dir='ltr'>fii</span> <span class='ocrx_word' id='word_1_71' title='bbox 268 537 287 568; x_wconf 86' lang='lat' dir='ltr'>i.</span> 
     </span>
    </p>

    <p class='ocr_par' dir='ltr' id='par_1_4' title="bbox 207 546 1084 1148">
     <span class='ocr_line' id='line_1_11' title="bbox 245 546 1080 612; baseline -0.01 -2"><span class='ocrx_word' id='word_1_72' title='bbox 245 546 471 609; x_wconf 71' lang='lat' dir='ltr'>gsantumdem</span> <span class='ocrx_word' id='word_1_73' title='bbox 493 573 629 607; x_wconf 82' lang='lat' dir='ltr'>dixerim</span> <span class='ocrx_word' id='word_1_74' title='bbox 660 573 700 605; x_wconf 89' lang='lat' dir='ltr'>de</span> <span class='ocrx_word' id='word_1_75' title='bbox 726 571 851 604; x_wconf 87' lang='lat' dir='ltr'>caeteris</span> <span class='ocrx_word' id='word_1_76' title='bbox 878 570 972 603; x_wconf 70' lang='lat' dir='ltr'>stricti</span> <span class='ocrx_word' id='word_1_77' title='bbox 1004 571 1080 612; x_wconf 88' lang='lat' dir='ltr'>juris</span> 
     </span>
     <span class='ocr_line' id='line_1_12' title="bbox 207 613 1082 660; baseline -0.01 -8"><span class='ocrx_word' id='word_1_78' title='bbox 207 619 353 660; x_wconf 90' lang='lat' dir='ltr'>judiciis,</span> <span class='ocrx_word' id='word_1_79' title='bbox 376 617 615 651; x_wconf 86' lang='lat' dir='ltr'>interveniente</span> <span class='ocrx_word' id='word_1_80' title='bbox 631 613 793 646; x_wconf 87' lang='lat' dir='ltr'>usurarum</span> <span class='ocrx_word' id='word_1_81' title='bbox 816 613 1022 653; x_wconf 88' lang='lat' dir='ltr'>stipulatione</span> <span class='ocrx_word' id='word_1_82' title='bbox 1040 622 1082 644; x_wconf 88' lang='lat' dir='ltr'>ex</span> 
     </span>
     <span class='ocr_line' id='line_1_13' title="bbox 210 655 1082 696; baseline -0.009 -3"><span class='ocrx_word' id='word_1_83' title='bbox 210 670 311 693; x_wconf 86' lang='lat' dir='ltr'>mora.</span> <span class='ocrx_word' id='word_1_84' title='bbox 343 659 414 693; x_wconf 84' lang='lat' dir='ltr'>fac:</span> <span class='ocrx_word' id='word_1_85' title='bbox 445 659 518 692; x_wconf 89' lang='lat' dir='ltr'>dedi</span> <span class='ocrx_word' id='word_1_86' title='bbox 539 656 594 688; x_wconf 90' lang='lat' dir='ltr'>tibi</span> <span class='ocrx_word' id='word_1_87' title='bbox 611 664 753 687; x_wconf 81' lang='lat' dir='ltr'>mutuam</span> <span class='ocrx_word' id='word_1_88' title='bbox 778 655 973 696; x_wconf 88' lang='lat' dir='ltr'>pecuniam:</span> <span class='ocrx_word' id='word_1_89' title='bbox 1001 656 1082 685; x_wconf 80' lang='lat' dir='ltr'>lianc</span> 
     </span>
     <span class='ocr_line' id='line_1_14' title="bbox 210 695 1081 743; baseline -0.009 -9"><span class='ocrx_word' id='word_1_90' title='bbox 210 701 376 743; x_wconf 81' lang='lat' dir='ltr'>stipulatus</span> <span class='ocrx_word' id='word_1_91' title='bbox 399 701 464 733; x_wconf 86' lang='lat' dir='ltr'>sum</span> <span class='ocrx_word' id='word_1_92' title='bbox 491 698 567 732; x_wconf 90' lang='lat' dir='ltr'>mihi</span> <span class='ocrx_word' id='word_1_93' title='bbox 591 697 680 729; x_wconf 86' lang='lat' dir='ltr'>reddi</span> <span class='ocrx_word' id='word_1_94' title='bbox 705 705 793 728; x_wconf 86' lang='lat' dir='ltr'>certa</span> <span class='ocrx_word' id='word_1_95' title='bbox 819 697 889 728; x_wconf 87' lang='lat' dir='ltr'>die:</span> <span class='ocrx_word' id='word_1_96' title='bbox 922 696 952 727; x_wconf 87' lang='lat'>&amp;</span> <span class='ocrx_word' id='word_1_97' title='bbox 977 695 999 726; x_wconf 87' lang='lat' dir='ltr'><strong>fi</strong></span> <span class='ocrx_word' id='word_1_98' title='bbox 1016 705 1081 727; x_wconf 89' lang='lat' dir='ltr'>non</span> 
     </span>
     <span class='ocr_line' id='line_1_15' title="bbox 210 736 1082 782; baseline -0.01 -6"><span class='ocrx_word' id='word_1_99' title='bbox 210 744 363 776; x_wconf 81' lang='lat' dir='ltr'>reddatur</span> <span class='ocrx_word' id='word_1_100' title='bbox 379 767 389 782; x_wconf 95' lang='lat'>‚</span> <span class='ocrx_word' id='word_1_101' title='bbox 421 751 487 774; x_wconf 90' lang='lat' dir='ltr'>tum</span> <span class='ocrx_word' id='word_1_102' title='bbox 510 749 575 782; x_wconf 91' lang='lat' dir='ltr'>quo</span> <span class='ocrx_word' id='word_1_103' title='bbox 602 738 673 779; x_wconf 86' lang='lat' dir='ltr'>post</span> <span class='ocrx_word' id='word_1_104' title='bbox 695 739 837 770; x_wconf 88' lang='lat' dir='ltr'>solvetur</span> <span class='ocrx_word' id='word_1_105' title='bbox 853 761 862 777; x_wconf 95' lang='lat'>,</span> <span class='ocrx_word' id='word_1_106' title='bbox 894 737 925 768; x_wconf 91' lang='lat' dir='ltr'>in</span> <span class='ocrx_word' id='word_1_107' title='bbox 945 736 1082 778; x_wconf 79' lang='lat' dir='ltr'>singulos</span> 
     </span>
     <span class='ocr_line' id='line_1_16' title="bbox 211 778 1083 825; baseline -0.01 -7"><span class='ocrx_word' id='word_1_108' title='bbox 211 785 334 818; x_wconf 85' lang='lat' dir='ltr'>menses</span> <span class='ocrx_word' id='word_1_109' title='bbox 351 784 513 825; x_wconf 88' lang='lat' dir='ltr'>stipulatus</span> <span class='ocrx_word' id='word_1_110' title='bbox 533 781 597 812; x_wconf 87' lang='lat' dir='ltr'>sum</span> <span class='ocrx_word' id='word_1_111' title='bbox 624 788 745 811; x_wconf 84' lang='lat' dir='ltr'>certam</span> <span class='ocrx_word' id='word_1_112' title='bbox 771 788 911 820; x_wconf 81' lang='lat' dir='ltr'>poenam.</span> <span class='ocrx_word' id='word_1_113' title='bbox 937 788 1002 810; x_wconf 91' lang='lat' dir='ltr'>non</span> <span class='ocrx_word' id='word_1_114' title='bbox 1025 778 1083 810; x_wconf 90' lang='lat' dir='ltr'>sol-</span> 
     </span>
     <span class='ocr_line' id='line_1_17' title="bbox 212 821 1081 861; baseline -0.008 -3"><span class='ocrx_word' id='word_1_115' title='bbox 212 826 281 858; x_wconf 90' lang='lat' dir='ltr'>visti</span> <span class='ocrx_word' id='word_1_116' title='bbox 299 826 374 857; x_wconf 88' lang='lat' dir='ltr'>mihi</span> <span class='ocrx_word' id='word_1_117' title='bbox 395 825 445 856; x_wconf 88' lang='lat' dir='ltr'>sua</span> <span class='ocrx_word' id='word_1_118' title='bbox 463 826 531 856; x_wconf 87' lang='lat' dir='ltr'>die:</span> <span class='ocrx_word' id='word_1_119' title='bbox 555 823 674 853; x_wconf 87' lang='lat' dir='ltr'>teneris</span> <span class='ocrx_word' id='word_1_120' title='bbox 697 821 776 853; x_wconf 89' lang='lat' dir='ltr'>mihi</span> <span class='ocrx_word' id='word_1_121' title='bbox 797 821 835 852; x_wconf 81' lang='lat' dir='ltr'>ad</span> <span class='ocrx_word' id='word_1_122' title='bbox 854 830 990 861; x_wconf 82' lang='lat' dir='ltr'>poenaiii.</span> <span class='ocrx_word' id='word_1_123' title='bbox 1015 829 1081 851; x_wconf 91' lang='lat' dir='ltr'>non</span> 
     </span>
     <span class='ocr_line' id='line_1_18' title="bbox 211 861 1080 904; baseline -0.009 -4"><span class='ocrx_word' id='word_1_124' title='bbox 211 868 296 899; x_wconf 89' lang='lat' dir='ltr'>enim</span> <span class='ocrx_word' id='word_1_125' title='bbox 319 867 391 899; x_wconf 90' lang='lat' dir='ltr'>dedi</span> <span class='ocrx_word' id='word_1_126' title='bbox 412 866 471 897; x_wconf 86' lang='lat' dir='ltr'>tibi</span> <span class='ocrx_word' id='word_1_127' title='bbox 491 872 632 896; x_wconf 88' lang='lat' dir='ltr'>mutuam</span> <span class='ocrx_word' id='word_1_128' title='bbox 652 863 822 904; x_wconf 90' lang='lat' dir='ltr'>pecuniam</span> <span class='ocrx_word' id='word_1_129' title='bbox 847 863 909 893; x_wconf 89' lang='lat' dir='ltr'>mei</span> <span class='ocrx_word' id='word_1_130' title='bbox 927 861 1080 902; x_wconf 84' lang='lat' dir='ltr'>quaestus,</span> 
     </span>
     <span class='ocr_line' id='line_1_19' title="bbox 211 902 1083 948; baseline -0.008 -8"><span class='ocrx_word' id='word_1_131' title='bbox 211 908 264 940; x_wconf 89' lang='lat' dir='ltr'>sed</span> <span class='ocrx_word' id='word_1_132' title='bbox 288 908 457 948; x_wconf 79' lang='lat' dir='ltr'>adjuvandi</span> <span class='ocrx_word' id='word_1_133' title='bbox 485 907 547 945; x_wconf 90' lang='lat' dir='ltr'>tui,</span> <span class='ocrx_word' id='word_1_134' title='bbox 572 903 671 936; x_wconf 85' lang='lat' dir='ltr'>causa.</span> <span class='ocrx_word' id='word_1_135' title='bbox 705 913 799 944; x_wconf 89' lang='lat' dir='ltr'>quam</span> <span class='ocrx_word' id='word_1_136' title='bbox 824 902 846 935; x_wconf 88' lang='lat' dir='ltr'><strong>fi</strong></span> <span class='ocrx_word' id='word_1_137' title='bbox 871 904 1002 941; x_wconf 82' lang='lat' dir='ltr'>reddas,</span> <span class='ocrx_word' id='word_1_138' title='bbox 1027 902 1083 934; x_wconf 78' lang='lat' dir='ltr'>etii</span> 
     </span>
     <span class='ocr_line' id='line_1_20' title="bbox 212 944 1083 988; baseline -0.007 -7"><span class='ocrx_word' id='word_1_139' title='bbox 212 950 290 982; x_wconf 84' lang='lat' dir='ltr'>nihil</span> <span class='ocrx_word' id='word_1_140' title='bbox 307 950 402 980; x_wconf 86' lang='lat' dir='ltr'>addas</span> <span class='ocrx_word' id='word_1_141' title='bbox 418 972 427 987; x_wconf 90' lang='lat'>,</span> <span class='ocrx_word' id='word_1_142' title='bbox 453 947 586 988; x_wconf 86' lang='lat' dir='ltr'>defungi</span> <span class='ocrx_word' id='word_1_143' title='bbox 605 953 718 986; x_wconf 88' lang='lat' dir='ltr'>potes:</span> <span class='ocrx_word' id='word_1_144' title='bbox 743 947 862 986; x_wconf 81' lang='lat' dir='ltr'>quippe</span> <span class='ocrx_word' id='word_1_145' title='bbox 882 944 1016 983; x_wconf 85' lang='lat' dir='ltr'>fruitus,</span> <span class='ocrx_word' id='word_1_146' title='bbox 1048 952 1083 975; x_wconf 91' lang='lat' dir='ltr'>ut</span> 
     </span>
     <span class='ocr_line' id='line_1_21' title="bbox 215 987 1081 1031; baseline -0.007 -9"><span class='ocrx_word' id='word_1_147' title='bbox 215 991 324 1031; x_wconf 91' lang='lat' dir='ltr'>volui,</span> <span class='ocrx_word' id='word_1_148' title='bbox 357 989 520 1022; x_wconf 88' lang='lat' dir='ltr'>beneficio</span> <span class='ocrx_word' id='word_1_149' title='bbox 546 997 631 1020; x_wconf 86' lang='lat' dir='ltr'>meo.</span> <span class='ocrx_word' id='word_1_150' title='bbox 658 987 678 1019; x_wconf 87' lang='lat' dir='ltr'>si</span> <span class='ocrx_word' id='word_1_151' title='bbox 702 997 767 1019; x_wconf 83' lang='lat' dir='ltr'>nori</span> <span class='ocrx_word' id='word_1_152' title='bbox 786 987 921 1018; x_wconf 86' lang='lat' dir='ltr'>reddas:</span> <span class='ocrx_word' id='word_1_153' title='bbox 954 994 1081 1026; x_wconf 83' lang='lat' dir='ltr'>peccas.</span> 
     </span>
     <span class='ocr_line' id='line_1_22' title="bbox 213 1028 1082 1072; baseline -0.007 -8"><span class='ocrx_word' id='word_1_154' title='bbox 213 1034 312 1065; x_wconf 85' lang='lat' dir='ltr'>uteris</span> <span class='ocrx_word' id='word_1_155' title='bbox 336 1033 422 1063; x_wconf 86' lang='lat' dir='ltr'>enim</span> <span class='ocrx_word' id='word_1_156' title='bbox 448 1036 518 1063; x_wconf 85' lang='lat' dir='ltr'>inea</span> <span class='ocrx_word' id='word_1_157' title='bbox 541 1029 699 1072; x_wconf 84' lang='lat' dir='ltr'>pecunia,</span> <span class='ocrx_word' id='word_1_158' title='bbox 723 1038 774 1061; x_wconf 92' lang='lat' dir='ltr'>me</span> <span class='ocrx_word' id='word_1_159' title='bbox 792 1028 912 1059; x_wconf 88' lang='lat' dir='ltr'>invito:</span> <span class='ocrx_word' id='word_1_160' title='bbox 935 1028 965 1059; x_wconf 86' lang='lat'>&amp;</span> <span class='ocrx_word' id='word_1_161' title='bbox 989 1037 1082 1068; x_wconf 80' lang='lat' dir='ltr'>quarn</span> 
     </span>
     <span class='ocr_line' id='line_1_23' title="bbox 212 1070 1084 1115; baseline -0.008 -9"><span class='ocrx_word' id='word_1_162' title='bbox 212 1084 274 1115; x_wconf 82' lang='lat' dir='ltr'>ego</span> <span class='ocrx_word' id='word_1_163' title='bbox 301 1074 409 1105; x_wconf 77' lang='lat' dir='ltr'>fucere</span> <span class='ocrx_word' id='word_1_164' title='bbox 440 1073 533 1113; x_wconf 78' lang='lat' dir='ltr'>potui</span> <span class='ocrx_word' id='word_1_165' title='bbox 562 1071 731 1103; x_wconf 83' lang='lat' dir='ltr'>utilitatem</span> <span class='ocrx_word' id='word_1_166' title='bbox 758 1079 799 1101; x_wconf 86' lang='lat' dir='ltr'>ex</span> <span class='ocrx_word' id='word_1_167' title='bbox 826 1078 861 1101; x_wconf 86' lang='lat' dir='ltr'>re</span> <span class='ocrx_word' id='word_1_168' title='bbox 879 1078 971 1107; x_wconf 86' lang='lat' dir='ltr'>mea,</span> <span class='ocrx_word' id='word_1_169' title='bbox 1003 1070 1084 1100; x_wconf 84' lang='lat' dir='ltr'>lianc</span> 
     </span>
     <span class='ocr_line' id='line_1_24' title="bbox 210 1111 1084 1148; baseline -0.008 -1"><span class='ocrx_word' id='word_1_170' title='bbox 210 1116 288 1147; x_wconf 86' lang='lat' dir='ltr'>mihi</span> <span class='ocrx_word' id='word_1_171' title='bbox 311 1115 449 1147; x_wconf 87' lang='lat' dir='ltr'>tardiore</span> <span class='ocrx_word' id='word_1_172' title='bbox 476 1113 634 1145; x_wconf 87' lang='lat' dir='ltr'>solutione</span> <span class='ocrx_word' id='word_1_173' title='bbox 653 1111 847 1143; x_wconf 87' lang='lat' dir='ltr'>intervertis.</span> <span class='ocrx_word' id='word_1_174' title='bbox 873 1111 935 1148; x_wconf 83' lang='lat' dir='ltr'>ita,</span> <span class='ocrx_word' id='word_1_175' title='bbox 959 1119 1031 1141; x_wconf 88' lang='lat' dir='ltr'>cum</span> <span class='ocrx_word' id='word_1_176' title='bbox 1052 1120 1084 1141; x_wconf 90' lang='lat' dir='ltr'>e-</span> 
     </span>
    </p>

    <p class='ocr_par' dir='ltr' id='par_1_5' title="bbox 215 1152 1084 1283">
     <span class='ocr_line' id='line_1_25' title="bbox 238 1152 1084 1192; baseline -0.008 -3"><span class='ocrx_word' id='word_1_177' title='bbox 238 1167 258 1188; x_wconf 90' lang='grc' dir='ltr'>ο</span> <span class='ocrx_word' id='word_1_178' title='bbox 282 1156 476 1188; x_wconf 89' lang='lat' dir='ltr'>beneficium</span> <span class='ocrx_word' id='word_1_179' title='bbox 502 1154 575 1186; x_wconf 84' lang='lat' dir='ltr'>dedi</span> <span class='ocrx_word' id='word_1_180' title='bbox 596 1153 682 1192; x_wconf 86' lang='lat' dir='ltr'>tibi,</span> <span class='ocrx_word' id='word_1_181' title='bbox 715 1161 750 1184; x_wconf 89' lang='lat' dir='ltr'>tu</span> <span class='ocrx_word' id='word_1_182' title='bbox 767 1152 844 1184; x_wconf 89' lang='lat' dir='ltr'>mihi</span> <span class='ocrx_word' id='word_1_183' title='bbox 868 1152 1012 1192; x_wconf 86' lang='lat' dir='ltr'>injuriam</span> <span class='ocrx_word' id='word_1_184' title='bbox 1037 1161 1084 1182; x_wconf 90' lang='lat' dir='ltr'>re·</span> 
     </span>
     <span class='ocr_line' id='line_1_26' title="bbox 233 1192 1084 1240; baseline -0.008 -10"><span class='ocrx_word' id='word_1_185' title='bbox 233 1208 280 1230; x_wconf 87' lang='lat' dir='ltr'>ers</span> <span class='ocrx_word' id='word_1_186' title='bbox 299 1208 359 1240; x_wconf 88' lang='lat' dir='ltr'>pro</span> <span class='ocrx_word' id='word_1_187' title='bbox 382 1197 492 1239; x_wconf 81' lang='lat' dir='ltr'>gratia.</span> <span class='ocrx_word' id='word_1_188' title='bbox 517 1196 612 1238; x_wconf 82' lang='lat' dir='ltr'>igitur</span> <span class='ocrx_word' id='word_1_189' title='bbox 629 1203 755 1235; x_wconf 84' lang='lat' dir='ltr'>poenam</span> <span class='ocrx_word' id='word_1_190' title='bbox 782 1203 877 1234; x_wconf 86' lang='lat' dir='ltr'>quam</span> <span class='ocrx_word' id='word_1_191' title='bbox 897 1192 975 1225; x_wconf 90' lang='lat' dir='ltr'>mihi</span> <span class='ocrx_word' id='word_1_192' title='bbox 991 1192 1084 1233; x_wconf 87' lang='lat' dir='ltr'>stipu-</span> 
     </span>
     <span class='ocr_line' id='line_1_27' title="bbox 215 1233 1080 1283; baseline -0.008 -10"><span class='ocrx_word' id='word_1_193' title='bbox 215 1241 290 1273; x_wconf 88' lang='lat' dir='ltr'>lanti</span> <span class='ocrx_word' id='word_1_194' title='bbox 315 1238 483 1283; x_wconf 82' lang='lat' dir='ltr'>promisisti</span> <span class='ocrx_word' id='word_1_195' title='bbox 499 1261 513 1279; x_wconf 80' lang='lat'>,</span> <span class='ocrx_word' id='word_1_196' title='bbox 541 1236 666 1270; x_wconf 75' lang='lat' dir='ltr'>solvere</span> <span class='ocrx_word' id='word_1_197' title='bbox 688 1244 739 1277; x_wconf 88' lang='lat' dir='ltr'>te,</span> <span class='ocrx_word' id='word_1_198' title='bbox 763 1244 830 1270; x_wconf 87' lang='lat' dir='ltr'>non</span> <span class='ocrx_word' id='word_1_199' title='bbox 853 1235 999 1278; x_wconf 82' lang='lat' dir='ltr'>iniquum</span> <span class='ocrx_word' id='word_1_200' title='bbox 1024 1233 1080 1267; x_wconf 86' lang='lat' dir='ltr'>est.</span> 
     </span>
    </p>
   </div>
   <div class='ocr_carea' id='block_1_4' title="bbox 820 105 1404 146">
    <p class='ocr_par' dir='ltr' id='par_1_6' title="bbox 820 105 1404 146">
     <span class='ocr_line' id='line_1_28' title="bbox 820 105 1404 146; baseline 0 -2"><span class='ocrx_word' id='word_1_201' title='bbox 820 107 1124 146; x_wconf 72' lang='lat' dir='ltr'>GenARn1</span> <span class='ocrx_word' id='word_1_202' title='bbox 1174 105 1404 144; x_wconf 72' lang='lat' dir='ltr'>Noonr</span> 
     </span>
    </p>
   </div>
   <div class='ocr_carea' id='block_1_5' title="bbox 1120 197 1996 1068">
    <p class='ocr_par' dir='ltr' id='par_1_7' title="bbox 1120 197 1996 1068">
     <span class='ocr_line' id='line_1_29' title="bbox 1120 197 1988 245; baseline 0.008 -15"><span class='ocrx_word' id='word_1_203' title='bbox 1120 205 1157 230; x_wconf 86' lang='lat' dir='ltr'>ut</span> <span class='ocrx_word' id='word_1_204' title='bbox 1179 197 1264 230; x_wconf 87' lang='lat' dir='ltr'>enim</span> <span class='ocrx_word' id='word_1_205' title='bbox 1287 207 1344 240; x_wconf 85' lang='lat' dir='ltr'>pai·</span> <span class='ocrx_word' id='word_1_206' title='bbox 1366 197 1467 230; x_wconf 90' lang='lat' dir='ltr'>fuerit</span> <span class='ocrx_word' id='word_1_207' title='bbox 1482 220 1491 238; x_wconf 93' lang='lat'><strong>‚</strong></span> <span class='ocrx_word' id='word_1_208' title='bbox 1522 206 1576 231; x_wconf 89' lang='lat' dir='ltr'>me</span> <span class='ocrx_word' id='word_1_209' title='bbox 1602 197 1659 230; x_wconf 86' lang='lat' dir='ltr'>tibi</span> <span class='ocrx_word' id='word_1_210' title='bbox 1677 197 1869 234; x_wconf 84' lang='lat' dir='ltr'>beneficium</span> <span class='ocrx_word' id='word_1_211' title='bbox 1894 203 1988 245; x_wconf 84' lang='lat' dir='ltr'>dare,</span> 
     </span>
     <span class='ocr_line' id='line_1_30' title="bbox 1120 240 1988 281; baseline 0.007 -10"><span class='ocrx_word' id='word_1_212' title='bbox 1120 240 1142 272; x_wconf 88' lang='lat' dir='ltr'>si</span> <span class='ocrx_word' id='word_1_213' title='bbox 1160 240 1270 281; x_wconf 86' lang='lat' dir='ltr'>poffim</span> <span class='ocrx_word' id='word_1_214' title='bbox 1288 240 1350 272; x_wconf 87' lang='lat' dir='ltr'>sine</span> <span class='ocrx_word' id='word_1_215' title='bbox 1366 241 1578 272; x_wconf 90' lang='lat' dir='ltr'>incommodo</span> <span class='ocrx_word' id='word_1_216' title='bbox 1596 251 1687 273; x_wconf 88' lang='lat' dir='ltr'>ineo:</span> <span class='ocrx_word' id='word_1_217' title='bbox 1712 251 1762 273; x_wconf 91' lang='lat' dir='ltr'>me</span> <span class='ocrx_word' id='word_1_218' title='bbox 1782 250 1888 275; x_wconf 88' lang='lat' dir='ltr'>tamen</span> <span class='ocrx_word' id='word_1_219' title='bbox 1910 246 1988 277; x_wconf 86' lang='lat' dir='ltr'>invi·</span> 
     </span>
     <span class='ocr_line' id='line_1_31' title="bbox 1124 283 1988 323; baseline 0.006 -10"><span class='ocrx_word' id='word_1_220' title='bbox 1124 290 1191 314; x_wconf 88' lang='lat' dir='ltr'>tum</span> <span class='ocrx_word' id='word_1_221' title='bbox 1216 289 1352 323; x_wconf 90' lang='lat' dir='ltr'>propter</span> <span class='ocrx_word' id='word_1_222' title='bbox 1369 289 1402 313; x_wconf 91' lang='lat' dir='ltr'>te</span> <span class='ocrx_word' id='word_1_223' title='bbox 1422 291 1493 313; x_wconf 88' lang='lat' dir='ltr'>mea</span> <span class='ocrx_word' id='word_1_224' title='bbox 1511 292 1619 313; x_wconf 88' lang='lat' dir='ltr'>carere</span> <span class='ocrx_word' id='word_1_225' title='bbox 1637 286 1791 323; x_wconf 87' lang='lat' dir='ltr'>pecunia,</span> <span class='ocrx_word' id='word_1_226' title='bbox 1816 283 1847 315; x_wconf 86' lang='lat'>&amp;</span> <span class='ocrx_word' id='word_1_227' title='bbox 1862 286 1988 320; x_wconf 82' lang='lat' dir='ltr'>interim</span> 
     </span>
     <span class='ocr_line' id='line_1_32' title="bbox 1124 323 1990 365; baseline 0.006 -11"><span class='ocrx_word' id='word_1_228' title='bbox 1124 323 1241 355; x_wconf 87' lang='lat' dir='ltr'>damno</span> <span class='ocrx_word' id='word_1_229' title='bbox 1259 332 1311 354; x_wconf 89' lang='lat' dir='ltr'>aut</span> <span class='ocrx_word' id='word_1_230' title='bbox 1335 324 1548 355; x_wconf 88' lang='lat' dir='ltr'>incommodo</span> <span class='ocrx_word' id='word_1_231' title='bbox 1568 324 1668 362; x_wconf 83' lang='lat' dir='ltr'>affici,</span> <span class='ocrx_word' id='word_1_232' title='bbox 1694 334 1748 365; x_wconf 88' lang='lat' dir='ltr'>par</span> <span class='ocrx_word' id='word_1_233' title='bbox 1773 334 1838 357; x_wconf 85' lang='lat' dir='ltr'>non</span> <span class='ocrx_word' id='word_1_234' title='bbox 1862 326 1931 359; x_wconf 87' lang='lat' dir='ltr'>fuit.</span> <span class='ocrx_word' id='word_1_235' title='bbox 1956 328 1990 360; x_wconf 86' lang='lat' dir='ltr'>id</span> 
     </span>
     <span class='ocr_line' id='line_1_33' title="bbox 1123 364 1990 408; baseline 0.005 -12"><span class='ocrx_word' id='word_1_236' title='bbox 1123 373 1230 396; x_wconf 84' lang='lat' dir='ltr'>autem</span> <span class='ocrx_word' id='word_1_237' title='bbox 1251 364 1394 396; x_wconf 87' lang='lat' dir='ltr'>futurum</span> <span class='ocrx_word' id='word_1_238' title='bbox 1417 364 1461 396; x_wconf 88' lang='lat' dir='ltr'>est</span> <span class='ocrx_word' id='word_1_239' title='bbox 1480 388 1489 404; x_wconf 93' lang='lat'>,</span> <span class='ocrx_word' id='word_1_240' title='bbox 1520 364 1541 397; x_wconf 86' lang='lat' dir='ltr'><strong>fi</strong></span> <span class='ocrx_word' id='word_1_241' title='bbox 1560 366 1635 396; x_wconf 82' lang='lat' dir='ltr'>milii</span> <span class='ocrx_word' id='word_1_242' title='bbox 1662 367 1831 406; x_wconf 75' lang='lat' dir='ltr'>pecuniam</span> <span class='ocrx_word' id='word_1_243' title='bbox 1852 377 1913 408; x_wconf 88' lang='lat' dir='ltr'>qua</span> <span class='ocrx_word' id='word_1_244' title='bbox 1936 369 1990 400; x_wconf 89' lang='lat' dir='ltr'>de·</span> 
     </span>
     <span class='ocr_line' id='line_1_34' title="bbox 1122 406 1990 449; baseline 0.006 -12"><span class='ocrx_word' id='word_1_245' title='bbox 1122 406 1215 438; x_wconf 86' lang='lat' dir='ltr'>buisti</span> <span class='ocrx_word' id='word_1_246' title='bbox 1241 408 1293 437; x_wconf 87' lang='lat' dir='ltr'>die</span> <span class='ocrx_word' id='word_1_247' title='bbox 1309 430 1319 445; x_wconf 93' lang='lat'><em>‚</em></span> <span class='ocrx_word' id='word_1_248' title='bbox 1351 416 1415 437; x_wconf 90' lang='lat' dir='ltr'>non</span> <span class='ocrx_word' id='word_1_249' title='bbox 1443 406 1596 438; x_wconf 68' lang='lat' dir='ltr'>restituas.</span> <span class='ocrx_word' id='word_1_250' title='bbox 1622 407 1707 438; x_wconf 58' lang='lat' dir='ltr'>recte</span> <span class='ocrx_word' id='word_1_251' title='bbox 1736 408 1831 449; x_wconf 79' lang='lat' dir='ltr'>igitur</span> <span class='ocrx_word' id='word_1_252' title='bbox 1854 409 1932 440; x_wconf 82' lang='lat' dir='ltr'>mihi</span> <span class='ocrx_word' id='word_1_253' title='bbox 1950 419 1990 443; x_wconf 77' lang='lat' dir='ltr'>ex</span> 
     </span>
     <span class='ocr_line' id='line_1_35' title="bbox 1124 447 1989 490; baseline 0.006 -12"><span class='ocrx_word' id='word_1_254' title='bbox 1124 448 1288 488; x_wconf 85' lang='lat' dir='ltr'>stipulatu,</span> <span class='ocrx_word' id='word_1_255' title='bbox 1312 447 1333 479; x_wconf 85' lang='lat' dir='ltr'>fi</span> <span class='ocrx_word' id='word_1_256' title='bbox 1356 456 1387 479; x_wconf 86' lang='lat' dir='ltr'>te</span> <span class='ocrx_word' id='word_1_257' title='bbox 1411 447 1552 489; x_wconf 69' lang='lat' dir='ltr'>species,</span> <span class='ocrx_word' id='word_1_258' title='bbox 1576 448 1614 479; x_wconf 87' lang='lat' dir='ltr'>ad</span> <span class='ocrx_word' id='word_1_259' title='bbox 1630 458 1757 488; x_wconf 85' lang='lat' dir='ltr'>poenam</span> <span class='ocrx_word' id='word_1_260' title='bbox 1772 451 1889 481; x_wconf 64' lang='lat' dir='ltr'>teneri»</span> <span class='ocrx_word' id='word_1_261' title='bbox 1906 451 1926 481; x_wconf 86' lang='lat' dir='ltr'>l.</span> <span class='ocrx_word' id='word_1_262' title='bbox 1938 461 1989 490; x_wconf 85' lang='lat'>40.</span> 
     </span>
     <span class='ocr_line' id='line_1_36' title="bbox 1123 488 1990 532; baseline 0.006 -13"><span class='ocrx_word' id='word_1_263' title='bbox 1123 488 1167 520; x_wconf 93' lang='lat' dir='ltr'>D.</span> <span class='ocrx_word' id='word_1_264' title='bbox 1186 491 1218 520; x_wconf 81' lang='lat' dir='ltr'>de</span> <span class='ocrx_word' id='word_1_265' title='bbox 1244 491 1327 519; x_wconf 82' lang='lat' dir='ltr'>rebus</span> <span class='ocrx_word' id='word_1_266' title='bbox 1343 491 1457 520; x_wconf 81' lang='lat' dir='ltr'>creditis</span> <span class='ocrx_word' id='word_1_267' title='bbox 1474 500 1482 520; x_wconf 90' lang='lat'>:</span> <span class='ocrx_word' id='word_1_268' title='bbox 1513 488 1534 520; x_wconf 89' lang='lat' dir='ltr'>si</span> <span class='ocrx_word' id='word_1_269' title='bbox 1559 499 1628 528; x_wconf 89' lang='lat' dir='ltr'>me,</span> <span class='ocrx_word' id='word_1_270' title='bbox 1660 492 1698 521; x_wconf 83' lang='lat' dir='ltr'>ad</span> <span class='ocrx_word' id='word_1_271' title='bbox 1718 491 1823 522; x_wconf 89' lang='lat' dir='ltr'>damni</span> <span class='ocrx_word' id='word_1_272' title='bbox 1841 493 1990 532; x_wconf 85' lang='lat' dir='ltr'>pretium.</span> 
     </span>
     <span class='ocr_line' id='line_1_37' title="bbox 1125 530 1991 573; baseline 0.006 -12"><span class='ocrx_word' id='word_1_273' title='bbox 1125 530 1233 571; x_wconf 86' lang='lat' dir='ltr'>Atque</span> <span class='ocrx_word' id='word_1_274' title='bbox 1258 531 1326 561; x_wconf 80' lang='lat' dir='ltr'>haec</span> <span class='ocrx_word' id='word_1_275' title='bbox 1353 531 1448 562; x_wconf 85' lang='lat' dir='ltr'>etiam</span> <span class='ocrx_word' id='word_1_276' title='bbox 1473 540 1509 562; x_wconf 90' lang='lat' dir='ltr'>ea</span> <span class='ocrx_word' id='word_1_277' title='bbox 1528 533 1559 562; x_wconf 86' lang='lat' dir='ltr'>iii</span> <span class='ocrx_word' id='word_1_278' title='bbox 1584 530 1687 571; x_wconf 87' lang='lat' dir='ltr'>specie</span> <span class='ocrx_word' id='word_1_279' title='bbox 1705 532 1846 572; x_wconf 87' lang='lat' dir='ltr'>liquent:</span> <span class='ocrx_word' id='word_1_280' title='bbox 1869 534 1942 573; x_wconf 83' lang='lat' dir='ltr'>quia</span> <span class='ocrx_word' id='word_1_281' title='bbox 1958 534 1991 567; x_wconf 90' lang='lat' dir='ltr'>in</span> 
     </span>
     <span class='ocr_line' id='line_1_38' title="bbox 1124 572 1990 612; baseline 0.005 -9"><span class='ocrx_word' id='word_1_282' title='bbox 1124 581 1173 604; x_wconf 59' lang='lat' dir='ltr'>ea</span> <span class='ocrx_word' id='word_1_283' title='bbox 1185 581 1316 612; x_wconf 87' lang='lat' dir='ltr'>quoque</span> <span class='ocrx_word' id='word_1_284' title='bbox 1344 573 1473 612; x_wconf 86' lang='lat' dir='ltr'>proprie</span> <span class='ocrx_word' id='word_1_285' title='bbox 1498 572 1587 603; x_wconf 84' lang='lat' dir='ltr'>usura</span> <span class='ocrx_word' id='word_1_286' title='bbox 1610 582 1664 603; x_wconf 84' lang='lat' dir='ltr'>aut</span> <span class='ocrx_word' id='word_1_287' title='bbox 1688 572 1796 605; x_wconf 85' lang='lat' dir='ltr'>foenus</span> <span class='ocrx_word' id='word_1_288' title='bbox 1825 583 1890 606; x_wconf 86' lang='lat' dir='ltr'>non</span> <span class='ocrx_word' id='word_1_289' title='bbox 1920 575 1990 608; x_wconf 86' lang='lat' dir='ltr'>cst:</span> 
     </span>
     <span class='ocr_line' id='line_1_39' title="bbox 1125 613 1993 656; baseline 0.006 -13"><span class='ocrx_word' id='word_1_290' title='bbox 1125 614 1177 645; x_wconf 84' lang='lat' dir='ltr'>sed</span> <span class='ocrx_word' id='word_1_291' title='bbox 1194 623 1289 653; x_wconf 88' lang='lat' dir='ltr'>poeiia</span> <span class='ocrx_word' id='word_1_292' title='bbox 1307 613 1336 644; x_wconf 66' lang='grc' dir='ltr'>ὅ(</span> <span class='ocrx_word' id='word_1_293' title='bbox 1354 614 1384 645; x_wconf 93' lang='lat' dir='ltr'>id</span> <span class='ocrx_word' id='word_1_294' title='bbox 1403 614 1490 653; x_wconf 90' lang='lat' dir='ltr'>quod</span> <span class='ocrx_word' id='word_1_295' title='bbox 1507 613 1662 647; x_wconf 83' lang='lat' dir='ltr'>interest:</span> <span class='ocrx_word' id='word_1_296' title='bbox 1686 623 1783 655; x_wconf 85' lang='lat' dir='ltr'>atque</span> <span class='ocrx_word' id='word_1_297' title='bbox 1801 614 1902 656; x_wconf 89' lang='lat' dir='ltr'>ipsum</span> <span class='ocrx_word' id='word_1_298' title='bbox 1926 615 1993 648; x_wconf 91' lang='lat' dir='ltr'>usu-</span> 
     </span>
     <span class='ocr_line' id='line_1_40' title="bbox 1125 653 1992 697; baseline 0.005 -11"><span class='ocrx_word' id='word_1_299' title='bbox 1125 664 1158 686; x_wconf 84' lang='lat' dir='ltr'>ra</span> <span class='ocrx_word' id='word_1_300' title='bbox 1185 655 1324 686; x_wconf 71' lang='lat' dir='ltr'>dicitur:</span> <span class='ocrx_word' id='word_1_301' title='bbox 1359 655 1430 694; x_wconf 86' lang='lat' dir='ltr'>quia</span> <span class='ocrx_word' id='word_1_302' title='bbox 1448 653 1556 686; x_wconf 81' lang='lat' dir='ltr'>finitur</span> <span class='ocrx_word' id='word_1_303' title='bbox 1574 659 1672 686; x_wconf 87' lang='lat' dir='ltr'>modo</span> <span class='ocrx_word' id='word_1_304' title='bbox 1690 657 1807 695; x_wconf 84' lang='lat' dir='ltr'>usurae,</span> <span class='ocrx_word' id='word_1_305' title='bbox 1830 657 1899 697; x_wconf 82' lang='lat' dir='ltr'>jure</span> <span class='ocrx_word' id='word_1_306' title='bbox 1922 667 1992 697; x_wconf 90' lang='lat' dir='ltr'>per-</span> 
     </span>
     <span class='ocr_line' id='line_1_41' title="bbox 1126 695 1992 739; baseline 0.006 -13"><span class='ocrx_word' id='word_1_307' title='bbox 1126 695 1231 727; x_wconf 81' lang='lat' dir='ltr'>miffae.</span> <span class='ocrx_word' id='word_1_308' title='bbox 1256 704 1372 736; x_wconf 89' lang='lat' dir='ltr'>nempe</span> <span class='ocrx_word' id='word_1_309' title='bbox 1389 719 1398 734; x_wconf 94' lang='lat'>,</span> <span class='ocrx_word' id='word_1_310' title='bbox 1430 705 1470 727; x_wconf 91' lang='lat' dir='ltr'>ne</span> <span class='ocrx_word' id='word_1_311' title='bbox 1489 706 1575 727; x_wconf 87' lang='lat' dir='ltr'>mora</span> <span class='ocrx_word' id='word_1_312' title='bbox 1599 706 1615 726; x_wconf 75' lang='lat' dir='ltr'>a</span> <span class='ocrx_word' id='word_1_313' title='bbox 1639 698 1787 728; x_wconf 80' lang='lat' dir='ltr'>debitore</span> <span class='ocrx_word' id='word_1_314' title='bbox 1808 699 1992 739; x_wconf 74' lang='lat' dir='ltr'>commista,</span> 
     </span>
     <span class='ocr_line' id='line_1_42' title="bbox 1126 735 1992 780; baseline 0.003 -12"><span class='ocrx_word' id='word_1_315' title='bbox 1126 747 1207 778; x_wconf 86' lang='lat' dir='ltr'>opus</span> <span class='ocrx_word' id='word_1_316' title='bbox 1232 735 1267 767; x_wconf 84' lang='lat' dir='ltr'>fit</span> <span class='ocrx_word' id='word_1_317' title='bbox 1285 737 1402 777; x_wconf 84' lang='lat' dir='ltr'>quaeri,</span> <span class='ocrx_word' id='word_1_318' title='bbox 1427 747 1465 768; x_wconf 88' lang='lat' dir='ltr'>an</span> <span class='ocrx_word' id='word_1_319' title='bbox 1483 737 1512 768; x_wconf 72' lang='lat' dir='ltr'>&lt;St</span> <span class='ocrx_word' id='word_1_320' title='bbox 1532 739 1639 778; x_wconf 87' lang='lat' dir='ltr'>quanti</span> <span class='ocrx_word' id='word_1_321' title='bbox 1657 738 1776 770; x_wconf 84' lang='lat' dir='ltr'>intersit</span> <span class='ocrx_word' id='word_1_322' title='bbox 1803 741 1992 780; x_wconf 77' lang='lat' dir='ltr'>creditoris,</span> 
     </span>
     <span class='ocr_line' id='line_1_43' title="bbox 1127 777 1994 818; baseline 0.005 -8"><span class='ocrx_word' id='word_1_323' title='bbox 1127 789 1197 810; x_wconf 82' lang='lat' dir='ltr'>eam</span> <span class='ocrx_word' id='word_1_324' title='bbox 1223 777 1337 810; x_wconf 68' lang='lat' dir='ltr'>factam</span> <span class='ocrx_word' id='word_1_325' title='bbox 1362 787 1425 809; x_wconf 88' lang='lat' dir='ltr'>tion</span> <span class='ocrx_word' id='word_1_326' title='bbox 1452 778 1539 810; x_wconf 79' lang='lat' dir='ltr'>ess&#39;e:</span> <span class='ocrx_word' id='word_1_327' title='bbox 1572 778 1658 810; x_wconf 73' lang='lat' dir='ltr'>simul</span> <span class='ocrx_word' id='word_1_328' title='bbox 1675 803 1684 818; x_wconf 91' lang='lat'>‚</span> <span class='ocrx_word' id='word_1_329' title='bbox 1718 790 1758 811; x_wconf 89' lang='lat' dir='ltr'>ne</span> <span class='ocrx_word' id='word_1_330' title='bbox 1781 781 1856 818; x_wconf 83' lang='lat' dir='ltr'>quid</span> <span class='ocrx_word' id='word_1_331' title='bbox 1884 780 1938 812; x_wconf 84' lang='lat' dir='ltr'>fiat</span> <span class='ocrx_word' id='word_1_332' title='bbox 1961 783 1994 815; x_wconf 88' lang='lat' dir='ltr'>in</span> 
     </span>
     <span class='ocr_line' id='line_1_44' title="bbox 1125 819 1996 860; baseline 0.006 -10"><span class='ocrx_word' id='word_1_333' title='bbox 1125 819 1271 852; x_wconf 82' lang='lat' dir='ltr'>fraudem</span> <span class='ocrx_word' id='word_1_334' title='bbox 1290 819 1387 860; x_wconf 80' lang='lat' dir='ltr'>legis,</span> <span class='ocrx_word' id='word_1_335' title='bbox 1413 822 1609 851; x_wconf 89' lang='lat' dir='ltr'>creditorum</span> <span class='ocrx_word' id='word_1_336' title='bbox 1629 822 1791 853; x_wconf 86' lang='lat' dir='ltr'>avaritiam</span> <span class='ocrx_word' id='word_1_337' title='bbox 1812 824 1996 855; x_wconf 74' lang='lat' dir='ltr'>coercentis</span> 
     </span>
     <span class='ocr_line' id='line_1_45' title="bbox 1125 860 1996 903; baseline 0.006 -11"><span class='ocrx_word' id='word_1_338' title='bbox 1125 861 1144 893; x_wconf 84' lang='lat' dir='ltr'>l.</span> <span class='ocrx_word' id='word_1_339' title='bbox 1159 871 1209 900; x_wconf 84' lang='lat'>44.</span> <span class='ocrx_word' id='word_1_340' title='bbox 1237 860 1278 891; x_wconf 92' lang='lat' dir='ltr'>D.</span> <span class='ocrx_word' id='word_1_341' title='bbox 1300 863 1333 891; x_wconf 73' lang='lat' dir='ltr'>&lt;le</span> <span class='ocrx_word' id='word_1_342' title='bbox 1354 861 1460 900; x_wconf 79' lang='lat' dir='ltr'>usuris.</span> <span class='ocrx_word' id='word_1_343' title='bbox 1505 863 1554 892; x_wconf 77' lang='lat' dir='ltr'>Ad</span> <span class='ocrx_word' id='word_1_344' title='bbox 1579 861 1631 893; x_wconf 83' lang='lat' dir='ltr'>has</span> <span class='ocrx_word' id='word_1_345' title='bbox 1660 862 1763 894; x_wconf 86' lang='lat' dir='ltr'>usuras</span> <span class='ocrx_word' id='word_1_346' title='bbox 1793 864 1920 903; x_wconf 82' lang='lat' dir='ltr'>respicit</span> <span class='ocrx_word' id='word_1_347' title='bbox 1941 865 1996 897; x_wconf 88' lang='lat' dir='ltr'>Se·</span> 
     </span>
     <span class='ocr_line' id='line_1_46' title="bbox 1124 900 1994 948; baseline 0.003 -14"><span class='ocrx_word' id='word_1_348' title='bbox 1124 912 1204 934; x_wconf 85' lang='lat' dir='ltr'>neca</span> <span class='ocrx_word' id='word_1_349' title='bbox 1226 900 1303 941; x_wconf 70' lang='lat' dir='ltr'>episi.</span> <span class='ocrx_word' id='word_1_350' title='bbox 1325 906 1374 936; x_wconf 84' lang='lat'>81.</span> <span class='ocrx_word' id='word_1_351' title='bbox 1402 902 1605 942; x_wconf 83' lang='lat' dir='ltr'>sequentibus</span> <span class='ocrx_word' id='word_1_352' title='bbox 1630 904 1756 943; x_wconf 85' lang='lat' dir='ltr'>verbis,</span> <span class='ocrx_word' id='word_1_353' title='bbox 1787 905 1825 936; x_wconf 86' lang='lat' dir='ltr'>In</span> <span class='ocrx_word' id='word_1_354' title='bbox 1850 906 1901 937; x_wconf 84' lang='lat' dir='ltr'>bac</span> <span class='ocrx_word' id='word_1_355' title='bbox 1925 916 1994 948; x_wconf 83' lang='lat' dir='ltr'>quo-</span> 
     </span>
     <span class='ocr_line' id='line_1_47' title="bbox 1125 944 1995 988; baseline 0.006 -14"><span class='ocrx_word' id='word_1_356' title='bbox 1125 954 1179 985; x_wconf 88' lang='lat' dir='ltr'>que</span> <span class='ocrx_word' id='word_1_357' title='bbox 1192 944 1349 984; x_wconf 83' lang='lat' dir='ltr'>falluntur</span> <span class='ocrx_word' id='word_1_358' title='bbox 1363 945 1492 984; x_wconf 76' lang='lat' dir='ltr'>ingrati,</span> <span class='ocrx_word' id='word_1_359' title='bbox 1516 947 1589 985; x_wconf 81' lang='lat' dir='ltr'>quod</span> <span class='ocrx_word' id='word_1_360' title='bbox 1607 946 1744 976; x_wconf 77' lang='lat' dir='ltr'>creuilori</span> <span class='ocrx_word' id='word_1_361' title='bbox 1761 948 1893 987; x_wconf 75' lang='lat' dir='ltr'>quictem,</span> <span class='ocrx_word' id='word_1_362' title='bbox 1920 956 1995 988; x_wconf 83' lang='lat' dir='ltr'>proe-</span> 
     </span>
     <span class='ocr_line' id='line_1_48' title="bbox 1127 988 1994 1028; baseline 0.006 -13"><span class='ocrx_word' id='word_1_363' title='bbox 1127 993 1170 1016; x_wconf 86' lang='lat' dir='ltr'>zer</span> <span class='ocrx_word' id='word_1_364' title='bbox 1184 991 1305 1022; x_wconf 78' lang='lat' dir='ltr'>sortem,</span> <span class='ocrx_word' id='word_1_365' title='bbox 1329 992 1413 1015; x_wconf 85' lang='lat' dir='ltr'>extra</span> <span class='ocrx_word' id='word_1_366' title='bbox 1435 988 1561 1015; x_wconf 74' lang='lat' dir='ltr'>ordinem</span> <span class='ocrx_word' id='word_1_367' title='bbox 1586 994 1761 1020; x_wconf 83' lang='lat' dir='ltr'>numerant:</span> <span class='ocrx_word' id='word_1_368' title='bbox 1794 988 1994 1028; x_wconf 83' lang='lat' dir='ltr'>beneficiorum</span> 
     </span>
     <span class='ocr_line' id='line_1_49' title="bbox 1126 1025 1994 1068; baseline 0.005 -10"><span class='ocrx_word' id='word_1_369' title='bbox 1126 1033 1222 1058; x_wconf 82' lang='lat' dir='ltr'>autem</span> <span class='ocrx_word' id='word_1_370' title='bbox 1251 1029 1334 1067; x_wconf 81' lang='lat' dir='ltr'>usum</span> <span class='ocrx_word' id='word_1_371' title='bbox 1365 1025 1416 1066; x_wconf 71' lang='lat' dir='ltr'>effi&gt;</span> <span class='ocrx_word' id='word_1_372' title='bbox 1435 1028 1601 1067; x_wconf 82' lang='lat' dir='ltr'>gratuitum</span> <span class='ocrx_word' id='word_1_373' title='bbox 1629 1035 1749 1068; x_wconf 81' lang='lat' dir='ltr'>putant.</span> <span class='ocrx_word' id='word_1_374' title='bbox 1792 1029 1834 1060; x_wconf 83' lang='lat' dir='ltr'>Et</span> <span class='ocrx_word' id='word_1_375' title='bbox 1859 1030 1910 1061; x_wconf 78' lang='lat' dir='ltr'>illa</span> <span class='ocrx_word' id='word_1_376' title='bbox 1935 1040 1994 1062; x_wconf 85' lang='lat' dir='ltr'>cre-</span> 
     </span>
    </p>
   </div>
   <div class='ocr_carea' id='block_1_6' title="bbox 1117 1068 1995 1113">
    <p class='ocr_par' dir='ltr' id='par_1_8' title="bbox 1117 1068 1995 1113">
     <span class='ocr_line' id='line_1_50' title="bbox 1117 1068 1995 1113; baseline 0.006 -15"><span class='ocrx_word' id='word_1_377' title='bbox 1117 1069 1210 1108; x_wconf 77' lang='lat' dir='ltr'>fiunt</span> <span class='ocrx_word' id='word_1_378' title='bbox 1235 1077 1338 1098; x_wconf 82' lang='lat' dir='ltr'>mora:</span> <span class='ocrx_word' id='word_1_379' title='bbox 1370 1074 1505 1107; x_wconf 81' lang='lat' dir='ltr'>tantoque</span> <span class='ocrx_word' id='word_1_380' title='bbox 1524 1068 1769 1108; x_wconf 74' lang='lat' dir='ltr'>plussblvendum</span> <span class='ocrx_word' id='word_1_381' title='bbox 1790 1069 1828 1111; x_wconf 72' lang='lat' dir='ltr'>esi</span> <span class='ocrx_word' id='word_1_382' title='bbox 1846 1095 1855 1110; x_wconf 84' lang='lat'><strong>‚</strong></span> <span class='ocrx_word' id='word_1_383' title='bbox 1886 1078 1995 1113; x_wconf 81' lang='lat' dir='ltr'>quanto</span> 
     </span>
    </p>
   </div>
   <div class='ocr_carea' id='block_1_7' title="bbox 1127 1110 1996 1234">
    <p class='ocr_par' dir='ltr' id='par_1_9' title="bbox 1127 1110 1996 1234">
     <span class='ocr_line' id='line_1_51' title="bbox 1127 1110 1995 1154; baseline 0.005 -14"><span class='ocrx_word' id='word_1_384' title='bbox 1127 1112 1249 1141; x_wconf 78' lang='lat' dir='ltr'>tardius.</span> <span class='ocrx_word' id='word_1_385' title='bbox 1274 1111 1410 1150; x_wconf 82' lang='lat' dir='ltr'>ingratus</span> <span class='ocrx_word' id='word_1_386' title='bbox 1426 1110 1481 1149; x_wconf 81' lang='lat' dir='ltr'>est,</span> <span class='ocrx_word' id='word_1_387' title='bbox 1500 1112 1550 1150; x_wconf 81' lang='lat' dir='ltr'>qni</span> <span class='ocrx_word' id='word_1_388' title='bbox 1567 1110 1733 1150; x_wconf 74' lang='lat' dir='ltr'>beneficium</span> <span class='ocrx_word' id='word_1_389' title='bbox 1748 1113 1839 1142; x_wconf 77' lang='lat' dir='ltr'>reddit</span> <span class='ocrx_word' id='word_1_390' title='bbox 1847 1111 1912 1150; x_wconf 85' lang='lat' dir='ltr'>fine</span> <span class='ocrx_word' id='word_1_391' title='bbox 1927 1118 1995 1154; x_wconf 80' lang='lat' dir='ltr'>usu-</span> 
     </span>
     <span class='ocr_line' id='line_1_52' title="bbox 1127 1151 1996 1194; baseline 0.006 -12"><span class='ocrx_word' id='word_1_392' title='bbox 1127 1161 1172 1182; x_wconf 86' lang='lat' dir='ltr'>ra.</span> <span class='ocrx_word' id='word_1_393' title='bbox 1197 1152 1295 1191; x_wconf 83' lang='lat' dir='ltr'>itaque</span> <span class='ocrx_word' id='word_1_394' title='bbox 1318 1151 1406 1192; x_wconf 81' lang='lat' dir='ltr'>hujus</span> <span class='ocrx_word' id='word_1_395' title='bbox 1433 1160 1544 1191; x_wconf 80' lang='lat' dir='ltr'>quoque</span> <span class='ocrx_word' id='word_1_396' title='bbox 1566 1153 1607 1182; x_wconf 77' lang='lat' dir='ltr'>rei</span> <span class='ocrx_word' id='word_1_397' title='bbox 1630 1153 1778 1185; x_wconf 76' lang='lat' dir='ltr'>habebitur</span> <span class='ocrx_word' id='word_1_398' title='bbox 1799 1156 1874 1186; x_wconf 78' lang='lat' dir='ltr'>ratio</span> <span class='ocrx_word' id='word_1_399' title='bbox 1890 1176 1902 1194; x_wconf 92' lang='lat'>,</span> <span class='ocrx_word' id='word_1_400' title='bbox 1929 1164 1996 1187; x_wconf 87' lang='lat' dir='ltr'>cum</span> 
     </span>
     <span class='ocr_line' id='line_1_53' title="bbox 1127 1191 1647 1234; baseline 0.004 -10"><span class='ocrx_word' id='word_1_401' title='bbox 1127 1193 1314 1233; x_wconf 82' lang='lat' dir='ltr'>conferentur</span> <span class='ocrx_word' id='word_1_402' title='bbox 1329 1199 1443 1233; x_wconf 81' lang='lat' dir='ltr'>accepta</span> <span class='ocrx_word' id='word_1_403' title='bbox 1462 1191 1498 1227; x_wconf 67' lang='lat'>&amp;⁹</span> <span class='ocrx_word' id='word_1_404' title='bbox 1515 1194 1647 1234; x_wconf 74' lang='lat' dir='ltr'>expensa.</span> 
     </span>
    </p>
   </div>
   <div class='ocr_carea' id='block_1_8' title="bbox 924 1356 1286 1396">
    <p class='ocr_par' dir='ltr' id='par_1_10' title="bbox 924 1356 1286 1396">
     <span class='ocr_line' id='line_1_54' title="bbox 924 1356 1286 1396; baseline 0.006 -2"><span class='ocrx_word' id='word_1_405' title='bbox 924 1356 1137 1396; x_wconf 74' lang='lat' dir='ltr'>CAPUT</span> <span class='ocrx_word' id='word_1_406' title='bbox 1194 1356 1286 1396; x_wconf 86' lang='lat' dir='ltr'>VI.</span> 
     </span>
    </p>
   </div>
   <div class='ocr_carea' id='block_1_9' title="bbox 213 1459 2032 1756">
    <p class='ocr_par' dir='ltr' id='par_1_11' title="bbox 213 1459 2032 1756">
     <span class='ocr_line' id='line_1_55' title="bbox 213 1459 1996 1513; baseline -0.003 -10"><span class='ocrx_word' id='word_1_407' title='bbox 213 1465 287 1504; x_wconf 80' lang='lat' dir='ltr'>Non</span> <span class='ocrx_word' id='word_1_408' title='bbox 309 1465 363 1513; x_wconf 73' lang='lat' dir='ltr'><em>ff</em></span> <span class='ocrx_word' id='word_1_409' title='bbox 382 1465 535 1513; x_wconf 83' lang='lat' dir='ltr'>causam,</span> <span class='ocrx_word' id='word_1_410' title='bbox 570 1476 625 1500; x_wconf 88' lang='lat' dir='ltr'>cur</span> <span class='ocrx_word' id='word_1_411' title='bbox 645 1464 808 1499; x_wconf 81' lang='lat' dir='ltr'>damnetur</span> <span class='ocrx_word' id='word_1_412' title='bbox 828 1464 966 1510; x_wconf 72' lang='lat' dir='ltr'>pecunia*</span> <span class='ocrx_word' id='word_1_413' title='bbox 992 1464 1211 1498; x_wconf 84' lang='lat' dir='ltr'>incrementum</span> <span class='ocrx_word' id='word_1_414' title='bbox 1233 1462 1312 1509; x_wconf 79' lang='lat' dir='ltr'>quod</span> <span class='ocrx_word' id='word_1_415' title='bbox 1333 1460 1376 1497; x_wconf 77' lang='lat' dir='ltr'>ad</span> <span class='ocrx_word' id='word_1_416' title='bbox 1396 1462 1513 1497; x_wconf 76' lang='lat' dir='ltr'>lucrum</span> <span class='ocrx_word' id='word_1_417' title='bbox 1524 1459 1668 1508; x_wconf 64' lang='lat' dir='ltr'>spectat,</span> <span class='ocrx_word' id='word_1_418' title='bbox 1702 1459 1743 1502; x_wconf 53' lang='grc' dir='ltr'>ἐξ</span> <span class='ocrx_word' id='word_1_419' title='bbox 1755 1464 1879 1510; x_wconf 80' lang='lat' dir='ltr'>proprie</span> <span class='ocrx_word' id='word_1_420' title='bbox 1900 1463 1996 1500; x_wconf 80' lang='lat' dir='ltr'>usura</span> 
     </span>
     <span class='ocr_line' id='line_1_56' title="bbox 284 1510 1997 1560; baseline -0.003 -9"><span class='ocrx_word' id='word_1_421' title='bbox 284 1525 339 1551; x_wconf 81' lang='lat' dir='ltr'>aut</span> <span class='ocrx_word' id='word_1_422' title='bbox 360 1514 468 1551; x_wconf 85' lang='lat' dir='ltr'>foenus</span> <span class='ocrx_word' id='word_1_423' title='bbox 497 1514 680 1560; x_wconf 82' lang='lat' dir='ltr'>appellatur.</span> <span class='ocrx_word' id='word_1_424' title='bbox 715 1514 893 1547; x_wconf 78' lang='lat' dir='ltr'>creditorem</span> <span class='ocrx_word' id='word_1_425' title='bbox 915 1514 946 1547; x_wconf 83' lang='lat' dir='ltr'>in</span> <span class='ocrx_word' id='word_1_426' title='bbox 972 1512 1102 1547; x_wconf 87' lang='lat' dir='ltr'>foenore</span> <span class='ocrx_word' id='word_1_427' title='bbox 1129 1513 1262 1546; x_wconf 73' lang='lat' dir='ltr'>utilitati</span> <span class='ocrx_word' id='word_1_428' title='bbox 1285 1511 1355 1558; x_wconf 75' lang='lat' dir='ltr'>suae</span> <span class='ocrx_word' id='word_1_429' title='bbox 1370 1511 1497 1558; x_wconf 83' lang='lat' dir='ltr'>studere</span> <span class='ocrx_word' id='word_1_430' title='bbox 1513 1510 1582 1556; x_wconf 79' lang='lat' dir='ltr'>sine</span> <span class='ocrx_word' id='word_1_431' title='bbox 1607 1513 1751 1547; x_wconf 78' lang='lat' dir='ltr'>debitoris</span> <span class='ocrx_word' id='word_1_432' title='bbox 1775 1514 1889 1559; x_wconf 82' lang='lat' dir='ltr'>injuria</span> <span class='ocrx_word' id='word_1_433' title='bbox 1910 1524 1919 1555; x_wconf 80' lang='lat'>3</span> <span class='ocrx_word' id='word_1_434' title='bbox 1954 1510 1997 1552; x_wconf 60' lang='grc' dir='ltr'>ἐξ</span> 
     </span>
     <span class='ocr_line' id='line_1_57' title="bbox 286 1559 2032 1608; baseline -0.002 -9"><span class='ocrx_word' id='word_1_435' title='bbox 286 1565 339 1599; x_wconf 85' lang='lat' dir='ltr'>hoc</span> <span class='ocrx_word' id='word_1_436' title='bbox 365 1565 393 1598; x_wconf 88' lang='lat' dir='ltr'>ei</span> <span class='ocrx_word' id='word_1_437' title='bbox 418 1563 602 1598; x_wconf 79' lang='lat' dir='ltr'>naturaliter</span> <span class='ocrx_word' id='word_1_438' title='bbox 626 1563 724 1598; x_wconf 83' lang='lat' dir='ltr'>licere.</span> <span class='ocrx_word' id='word_1_439' title='bbox 753 1559 863 1597; x_wconf 87' lang='lat' dir='ltr'>foenus</span> <span class='ocrx_word' id='word_1_440' title='bbox 882 1562 1022 1596; x_wconf 82' lang='lat' dir='ltr'>humana:</span> <span class='ocrx_word' id='word_1_441' title='bbox 1044 1563 1247 1608; x_wconf 71' lang='lat' dir='ltr'>conjunitioni</span> <span class='ocrx_word' id='word_1_442' title='bbox 1267 1573 1323 1595; x_wconf 81' lang='lat' dir='ltr'>non</span> <span class='ocrx_word' id='word_1_443' title='bbox 1341 1562 1522 1605; x_wconf 70' lang='lat' dir='ltr'>adversari,</span> <span class='ocrx_word' id='word_1_444' title='bbox 1545 1559 1608 1605; x_wconf 84' lang='lat' dir='ltr'>sed</span> <span class='ocrx_word' id='word_1_445' title='bbox 1626 1563 1786 1595; x_wconf 79' lang='lat' dir='ltr'>convenire</span> <span class='ocrx_word' id='word_1_446' title='bbox 1825 1560 1997 1605; x_wconf 65' lang='lat' dir='ltr'>necessariis</span> <span class='ocrx_word' id='word_1_447' title='bbox 2029 1600 2032 1605; x_wconf 31' lang='lat'>¹</span> 
     </span>
     <span class='ocr_line' id='line_1_58' title="bbox 284 1607 1997 1658; baseline -0.003 -9"><span class='ocrx_word' id='word_1_448' title='bbox 284 1624 324 1649; x_wconf 75' lang='lat' dir='ltr'>ea:</span> <span class='ocrx_word' id='word_1_449' title='bbox 346 1609 445 1658; x_wconf 72' lang='lat' dir='ltr'>afficio</span> <span class='ocrx_word' id='word_1_450' title='bbox 462 1613 531 1647; x_wconf 82' lang='lat' dir='ltr'>clari</span> <span class='ocrx_word' id='word_1_451' title='bbox 549 1623 614 1657; x_wconf 82' lang='lat' dir='ltr'>quae</span> <span class='ocrx_word' id='word_1_452' title='bbox 633 1622 692 1645; x_wconf 86' lang='lat' dir='ltr'>non</span> <span class='ocrx_word' id='word_1_453' title='bbox 708 1613 811 1656; x_wconf 84' lang='lat' dir='ltr'>utique</span> <span class='ocrx_word' id='word_1_454' title='bbox 828 1612 937 1646; x_wconf 85' lang='lat' dir='ltr'>dentur</span> <span class='ocrx_word' id='word_1_455' title='bbox 959 1612 1065 1656; x_wconf 80' lang='lat' dir='ltr'>quibus</span> <span class='ocrx_word' id='word_1_456' title='bbox 1088 1611 1174 1644; x_wconf 88' lang='lat' dir='ltr'>nulla</span> <span class='ocrx_word' id='word_1_457' title='bbox 1190 1611 1321 1644; x_wconf 75' lang='lat' dir='ltr'>tenearis</span> <span class='ocrx_word' id='word_1_458' title='bbox 1343 1608 1566 1655; x_wconf 83' lang='lat' dir='ltr'>neceffitudine.</span> <span class='ocrx_word' id='word_1_459' title='bbox 1594 1607 1634 1648; x_wconf 64' lang='grc' dir='ltr'>δὲ’</span> <span class='ocrx_word' id='word_1_460' title='bbox 1649 1614 1729 1643; x_wconf 73' lang='lat' dir='ltr'>cur?</span> <span class='ocrx_word' id='word_1_461' title='bbox 1755 1611 1786 1644; x_wconf 83' lang='lat' dir='ltr'>in</span> <span class='ocrx_word' id='word_1_462' title='bbox 1807 1612 1936 1655; x_wconf 64' lang='lat' dir='ltr'>pei-unia</span> <span class='ocrx_word' id='word_1_463' title='bbox 1954 1607 1997 1649; x_wconf 52' lang='grc' dir='ltr'>ἐξ</span> 
     </span>
     <span class='ocr_line' id='line_1_59' title="bbox 275 1657 1999 1710; baseline -0.001 -14"><span class='ocrx_word' id='word_1_464' title='bbox 275 1660 429 1710; x_wconf 82' lang='lat' dir='ltr'>frugibus</span> <span class='ocrx_word' id='word_1_465' title='bbox 444 1661 601 1696; x_wconf 81' lang='lat' dir='ltr'>credendis</span> <span class='ocrx_word' id='word_1_466' title='bbox 617 1660 761 1706; x_wconf 83' lang='lat' dir='ltr'>duplicem</span> <span class='ocrx_word' id='word_1_467' title='bbox 773 1658 849 1706; x_wconf 86' lang='lat' dir='ltr'>fieri</span> <span class='ocrx_word' id='word_1_468' title='bbox 869 1661 1115 1694; x_wconf 74' lang='lat' dir='ltr'>conventionem:</span> <span class='ocrx_word' id='word_1_469' title='bbox 1141 1670 1235 1693; x_wconf 86' lang='lat' dir='ltr'>unam</span> <span class='ocrx_word' id='word_1_470' title='bbox 1252 1670 1317 1703; x_wconf 70' lang='lat' dir='ltr'>quse</span> <span class='ocrx_word' id='word_1_471' title='bbox 1339 1657 1509 1693; x_wconf 82' lang='lat' dir='ltr'>beneficio</span> <span class='ocrx_word' id='word_1_472' title='bbox 1529 1660 1671 1703; x_wconf 76' lang='lat' dir='ltr'>proxima</span> <span class='ocrx_word' id='word_1_473' title='bbox 1681 1657 1748 1702; x_wconf 84' lang='lat' dir='ltr'>fit:</span> <span class='ocrx_word' id='word_1_474' title='bbox 1775 1661 1906 1693; x_wconf 66' lang='lat' dir='ltr'>alteiam</span> <span class='ocrx_word' id='word_1_475' title='bbox 1930 1669 1999 1704; x_wconf 75' lang='lat' dir='ltr'>quae</span> 
     </span>
     <span class='ocr_line' id='line_1_60' title="bbox 284 1707 1996 1756; baseline -0.002 -10"><span class='ocrx_word' id='word_1_476' title='bbox 284 1710 464 1746; x_wconf 76' lang='lat' dir='ltr'>utilitatum</span> <span class='ocrx_word' id='word_1_477' title='bbox 484 1708 735 1756; x_wconf 79' lang='lat' dir='ltr'>permutatione</span> <span class='ocrx_word' id='word_1_478' title='bbox 758 1709 891 1755; x_wconf 84' lang='lat' dir='ltr'>constet:</span> <span class='ocrx_word' id='word_1_479' title='bbox 917 1716 1057 1744; x_wconf 79' lang='lat' dir='ltr'>neutram</span> <span class='ocrx_word' id='word_1_480' title='bbox 1081 1719 1100 1743; x_wconf 91' lang='lat' dir='ltr'>a</span> <span class='ocrx_word' id='word_1_481' title='bbox 1109 1708 1182 1756; x_wconf 83' lang='lat' dir='ltr'>jure</span> <span class='ocrx_word' id='word_1_482' title='bbox 1202 1708 1345 1743; x_wconf 86' lang='lat' dir='ltr'>Gentium</span> <span class='ocrx_word' id='word_1_483' title='bbox 1364 1707 1536 1742; x_wconf 84' lang='lat' dir='ltr'>abhorrere.</span> <span class='ocrx_word' id='word_1_484' title='bbox 1573 1717 1731 1742; x_wconf 86' lang='lat' dir='ltr'>mutuum</span> <span class='ocrx_word' id='word_1_485' title='bbox 1750 1707 1996 1751; x_wconf 74' lang='lat' dir='ltr'>commodato,</span> 
     </span>
    </p>
   </div>
   <div class='ocr_carea' id='block_1_10' title="bbox 281 1756 1060 1805">
    <p class='ocr_par' dir='ltr' id='par_1_12' title="bbox 281 1756 1060 1805">
     <span class='ocr_line' id='line_1_61' title="bbox 281 1756 1060 1805; baseline -0.001 -10"><span class='ocrx_word' id='word_1_486' title='bbox 281 1758 393 1796; x_wconf 75' lang='lat' dir='ltr'>foenus</span> <span class='ocrx_word' id='word_1_487' title='bbox 414 1759 578 1796; x_wconf 82' lang='lat' dir='ltr'>locationi</span> <span class='ocrx_word' id='word_1_488' title='bbox 594 1756 818 1794; x_wconf 67' lang='lat' dir='ltr'>conductioni</span> <span class='ocrx_word' id='word_1_489' title='bbox 836 1784 846 1802; x_wconf 93' lang='lat'>,</span> <span class='ocrx_word' id='word_1_490' title='bbox 875 1758 1060 1805; x_wconf 84' lang='lat' dir='ltr'>comparari.</span> 
     </span>
    </p>
   </div>
   <div class='ocr_carea' id='block_1_11' title="bbox 211 1863 1085 3271">
    <p class='ocr_par' dir='ltr' id='par_1_13' title="bbox 211 1863 1085 3271">
     <span class='ocr_line' id='line_1_62' title="bbox 265 1863 1081 1908; baseline -0.007 -8"><span class='ocrx_word' id='word_1_491' title='bbox 265 1867 305 1900; x_wconf 91' lang='lat' dir='ltr'>ed</span> <span class='ocrx_word' id='word_1_492' title='bbox 323 1865 419 1908; x_wconf 90' lang='lat' dir='ltr'>quid,</span> <span class='ocrx_word' id='word_1_493' title='bbox 441 1864 463 1897; x_wconf 83' lang='lat' dir='ltr'>fi</span> <span class='ocrx_word' id='word_1_494' title='bbox 481 1863 588 1897; x_wconf 82' lang='lat' dir='ltr'>foenus</span> <span class='ocrx_word' id='word_1_495' title='bbox 609 1864 674 1897; x_wconf 76' lang='lat' dir='ltr'>fit?</span> <span class='ocrx_word' id='word_1_496' title='bbox 697 1870 794 1897; x_wconf 79' lang='lat' dir='ltr'>eccet</span> <span class='ocrx_word' id='word_1_497' title='bbox 829 1863 902 1897; x_wconf 90' lang='lat' dir='ltr'>dedi</span> <span class='ocrx_word' id='word_1_498' title='bbox 929 1863 986 1895; x_wconf 85' lang='lat' dir='ltr'>tibi</span> <span class='ocrx_word' id='word_1_499' title='bbox 1013 1867 1081 1895; x_wconf 75' lang='lat' dir='ltr'>mu‘-</span> 
     </span>
     <span class='ocr_line' id='line_1_63' title="bbox 212 1868 1082 1947; baseline -0.008 -5"><span class='ocrx_word' id='word_1_500' title='bbox 212 1868 260 1943; x_wconf 80' lang='lat' dir='ltr'>S</span> <span class='ocrx_word' id='word_1_501' title='bbox 288 1917 373 1940; x_wconf 86' lang='lat' dir='ltr'>tuam</span> <span class='ocrx_word' id='word_1_502' title='bbox 395 1916 585 1947; x_wconf 82' lang='lat' dir='ltr'>pecuniam3</span> <span class='ocrx_word' id='word_1_503' title='bbox 609 1905 692 1937; x_wconf 86' lang='lat' dir='ltr'>hanc</span> <span class='ocrx_word' id='word_1_504' title='bbox 713 1906 789 1938; x_wconf 88' lang='lat' dir='ltr'>mihi</span> <span class='ocrx_word' id='word_1_505' title='bbox 811 1906 901 1938; x_wconf 86' lang='lat' dir='ltr'>reddi</span> <span class='ocrx_word' id='word_1_506' title='bbox 918 1905 1082 1947; x_wconf 81' lang='lat' dir='ltr'>stipulatus</span> 
     </span>
     <span class='ocr_line' id='line_1_64' title="bbox 212 1946 1081 1987; baseline -0.005 -6"><span class='ocrx_word' id='word_1_507' title='bbox 212 1950 297 1987; x_wconf 80' lang='lat' dir='ltr'>sum3</span> <span class='ocrx_word' id='word_1_508' title='bbox 320 1950 409 1983; x_wconf 79' lang='lat' dir='ltr'>simul</span> <span class='ocrx_word' id='word_1_509' title='bbox 436 1948 539 1980; x_wconf 87' lang='lat' dir='ltr'>usuras</span> <span class='ocrx_word' id='word_1_510' title='bbox 563 1957 604 1979; x_wconf 85' lang='lat' dir='ltr'>ex</span> <span class='ocrx_word' id='word_1_511' title='bbox 620 1948 673 1979; x_wconf 89' lang='lat' dir='ltr'>die</span> <span class='ocrx_word' id='word_1_512' title='bbox 692 1948 935 1979; x_wconf 88' lang='lat' dir='ltr'>conventionis.</span> <span class='ocrx_word' id='word_1_513' title='bbox 958 1954 996 1978; x_wconf 88' lang='lat' dir='ltr'>an</span> <span class='ocrx_word' id='word_1_514' title='bbox 1014 1946 1081 1978; x_wconf 85' lang='lat' dir='ltr'>lici-</span> 
     </span>
     <span class='ocr_line' id='line_1_65' title="bbox 213 1988 1082 2029; baseline -0.005 -6"><span class='ocrx_word' id='word_1_515' title='bbox 213 1998 253 2023; x_wconf 86' lang='lat' dir='ltr'>tae</span> <span class='ocrx_word' id='word_1_516' title='bbox 270 1991 339 2023; x_wconf 88' lang='lat' dir='ltr'>sunt</span> <span class='ocrx_word' id='word_1_517' title='bbox 357 1990 453 2022; x_wconf 86' lang='lat' dir='ltr'>usurae</span> <span class='ocrx_word' id='word_1_518' title='bbox 472 1988 628 2021; x_wconf 89' lang='lat' dir='ltr'>Gentium</span> <span class='ocrx_word' id='word_1_519' title='bbox 645 1989 740 2029; x_wconf 79' lang='lat' dir='ltr'>jure?</span> <span class='ocrx_word' id='word_1_520' title='bbox 762 1988 859 2027; x_wconf 84' lang='lat' dir='ltr'>abfit,</span> <span class='ocrx_word' id='word_1_521' title='bbox 882 1990 1023 2028; x_wconf 81' lang='lat' dir='ltr'>inquies,</span> <span class='ocrx_word' id='word_1_522' title='bbox 1048 1995 1082 2019; x_wconf 88' lang='lat' dir='ltr'>ut</span> 
     </span>
     <span class='ocr_line' id='line_1_66' title="bbox 212 2029 1080 2074; baseline -0.007 -9"><span class='ocrx_word' id='word_1_523' title='bbox 212 2033 351 2074; x_wconf 88' lang='lat' dir='ltr'>probem</span> <span class='ocrx_word' id='word_1_524' title='bbox 377 2033 498 2064; x_wconf 89' lang='lat' dir='ltr'>lucrum</span> <span class='ocrx_word' id='word_1_525' title='bbox 522 2038 615 2072; x_wconf 87' lang='lat' dir='ltr'>turpe</span> <span class='ocrx_word' id='word_1_526' title='bbox 633 2032 664 2062; x_wconf 69' lang='grc' dir='ltr'>ἂ</span> <span class='ocrx_word' id='word_1_527' title='bbox 680 2029 894 2072; x_wconf 82' lang='lat' dir='ltr'>flagitiosum:</span> <span class='ocrx_word' id='word_1_528' title='bbox 919 2030 1025 2061; x_wconf 86' lang='lat' dir='ltr'>debeo</span> <span class='ocrx_word' id='word_1_529' title='bbox 1049 2038 1080 2059; x_wconf 90' lang='lat' dir='ltr'>e·</span> 
     </span>
     <span class='ocr_line' id='line_1_67' title="bbox 212 2071 1081 2114; baseline -0.006 -7"><span class='ocrx_word' id='word_1_530' title='bbox 212 2075 299 2114; x_wconf 91' lang='lat' dir='ltr'>nim,</span> <span class='ocrx_word' id='word_1_531' title='bbox 322 2074 344 2106; x_wconf 89' lang='lat' dir='ltr'><strong>fi</strong></span> <span class='ocrx_word' id='word_1_532' title='bbox 368 2073 463 2104; x_wconf 90' lang='lat' dir='ltr'>velim</span> <span class='ocrx_word' id='word_1_533' title='bbox 480 2072 576 2112; x_wconf 85' lang='lat' dir='ltr'>justus</span> <span class='ocrx_word' id='word_1_534' title='bbox 595 2071 676 2108; x_wconf 79' lang='lat' dir='ltr'>effe,</span> <span class='ocrx_word' id='word_1_535' title='bbox 710 2081 785 2104; x_wconf 91' lang='lat' dir='ltr'>meo</span> <span class='ocrx_word' id='word_1_536' title='bbox 803 2071 865 2103; x_wconf 79' lang='lat' dir='ltr'>effe</span> <span class='ocrx_word' id='word_1_537' title='bbox 889 2079 1081 2103; x_wconf 81' lang='lat' dir='ltr'>contentus:</span> 
     </span>
     <span class='ocr_line' id='line_1_68' title="bbox 213 2113 1082 2155; baseline -0.006 -7"><span class='ocrx_word' id='word_1_538' title='bbox 213 2124 275 2148; x_wconf 83' lang='lat' dir='ltr'>nec</span> <span class='ocrx_word' id='word_1_539' title='bbox 301 2126 317 2147; x_wconf 84' lang='lat' dir='ltr'>a</span> <span class='ocrx_word' id='word_1_540' title='bbox 340 2124 373 2147; x_wconf 89' lang='lat' dir='ltr'>te</span> <span class='ocrx_word' id='word_1_541' title='bbox 394 2123 506 2154; x_wconf 87' lang='lat' dir='ltr'>petere</span> <span class='ocrx_word' id='word_1_542' title='bbox 531 2114 619 2155; x_wconf 88' lang='lat' dir='ltr'>quod</span> <span class='ocrx_word' id='word_1_543' title='bbox 643 2113 699 2144; x_wconf 90' lang='lat' dir='ltr'>tibi</span> <span class='ocrx_word' id='word_1_544' title='bbox 724 2122 789 2144; x_wconf 88' lang='lat' dir='ltr'>non</span> <span class='ocrx_word' id='word_1_545' title='bbox 813 2113 975 2144; x_wconf 81' lang='lat' dir='ltr'>dederim:</span> <span class='ocrx_word' id='word_1_546' title='bbox 1005 2113 1082 2144; x_wconf 86' lang='lat' dir='ltr'>alio·</span> 
     </span>
     <span class='ocr_line' id='line_1_69' title="bbox 214 2155 1082 2198; baseline -0.005 -10"><span class='ocrx_word' id='word_1_547' title='bbox 214 2158 291 2198; x_wconf 89' lang='lat' dir='ltr'>quin</span> <span class='ocrx_word' id='word_1_548' title='bbox 314 2156 485 2188; x_wconf 89' lang='lat' dir='ltr'>infidiabor</span> <span class='ocrx_word' id='word_1_549' title='bbox 507 2155 748 2196; x_wconf 88' lang='lat' dir='ltr'>quodammodo</span> <span class='ocrx_word' id='word_1_550' title='bbox 766 2177 775 2193; x_wconf 98' lang='lat'>,</span> <span class='ocrx_word' id='word_1_551' title='bbox 808 2163 843 2185; x_wconf 87' lang='lat' dir='ltr'>ut</span> <span class='ocrx_word' id='word_1_552' title='bbox 866 2164 906 2186; x_wconf 85' lang='lat' dir='ltr'>ex</span> <span class='ocrx_word' id='word_1_553' title='bbox 932 2163 984 2185; x_wconf 89' lang='lat' dir='ltr'>tua</span> <span class='ocrx_word' id='word_1_554' title='bbox 1005 2163 1082 2194; x_wconf 78' lang='lat' dir='ltr'>prce-</span> 
     </span>
     <span class='ocr_line' id='line_1_70' title="bbox 214 2197 1079 2236; baseline -0.005 -6"><span class='ocrx_word' id='word_1_555' title='bbox 214 2200 272 2230; x_wconf 89' lang='lat' dir='ltr'>der</span> <span class='ocrx_word' id='word_1_556' title='bbox 289 2197 499 2234; x_wconf 77' lang='lat' dir='ltr'>necessitate3</span> <span class='ocrx_word' id='word_1_557' title='bbox 526 2206 620 2236; x_wconf 89' lang='lat' dir='ltr'>quem</span> <span class='ocrx_word' id='word_1_558' title='bbox 639 2204 730 2236; x_wconf 82' lang='lat' dir='ltr'>aeque</span> <span class='ocrx_word' id='word_1_559' title='bbox 746 2205 783 2227; x_wconf 86' lang='lat' dir='ltr'>ac</span> <span class='ocrx_word' id='word_1_560' title='bbox 797 2206 848 2228; x_wconf 89' lang='lat' dir='ltr'>me</span> <span class='ocrx_word' id='word_1_561' title='bbox 864 2205 974 2227; x_wconf 88' lang='lat' dir='ltr'>curare</span> <span class='ocrx_word' id='word_1_562' title='bbox 993 2204 1079 2226; x_wconf 88' lang='lat' dir='ltr'>coni-</span> 
     </span>
     <span class='ocr_line' id='line_1_71' title="bbox 213 2237 1083 2278; baseline -0.006 -6"><span class='ocrx_word' id='word_1_563' title='bbox 213 2242 302 2272; x_wconf 84' lang='lat' dir='ltr'>mun&#39;i</span> <span class='ocrx_word' id='word_1_564' title='bbox 333 2238 538 2270; x_wconf 82' lang='lat' dir='ltr'>humanitatis</span> <span class='ocrx_word' id='word_1_565' title='bbox 559 2238 627 2278; x_wconf 85' lang='lat' dir='ltr'>jure</span> <span class='ocrx_word' id='word_1_566' title='bbox 656 2238 802 2269; x_wconf 84' lang='lat' dir='ltr'>debeam.</span> <span class='ocrx_word' id='word_1_567' title='bbox 845 2237 877 2268; x_wconf 91' lang='lat' dir='ltr'>Si</span> <span class='ocrx_word' id='word_1_568' title='bbox 902 2245 1008 2268; x_wconf 78' lang='lat' dir='ltr'>tamen</span> <span class='ocrx_word' id='word_1_569' title='bbox 1040 2237 1083 2267; x_wconf 87' lang='lat' dir='ltr'>lu·</span> 
     </span>
     <span class='ocr_line' id='line_1_72' title="bbox 213 2277 1081 2319; baseline -0.006 -6"><span class='ocrx_word' id='word_1_570' title='bbox 213 2291 303 2313; x_wconf 87' lang='lat' dir='ltr'>ctum</span> <span class='ocrx_word' id='word_1_571' title='bbox 329 2290 370 2312; x_wconf 85' lang='lat' dir='ltr'>ex</span> <span class='ocrx_word' id='word_1_572' title='bbox 396 2288 465 2311; x_wconf 87' lang='lat' dir='ltr'>mea</span> <span class='ocrx_word' id='word_1_573' title='bbox 490 2277 592 2315; x_wconf 72' lang='lat' dir='ltr'>facias,</span> <span class='ocrx_word' id='word_1_574' title='bbox 614 2279 768 2319; x_wconf 82' lang='lat' dir='ltr'>pecunia3</span> <span class='ocrx_word' id='word_1_575' title='bbox 801 2279 896 2309; x_wconf 88' lang='lat' dir='ltr'>etiam</span> <span class='ocrx_word' id='word_1_576' title='bbox 922 2279 962 2309; x_wconf 86' lang='lat' dir='ltr'>ab</span> <span class='ocrx_word' id='word_1_577' title='bbox 988 2278 1081 2309; x_wconf 87' lang='lat' dir='ltr'>initio</span> 
     </span>
     <span class='ocr_line' id='line_1_73' title="bbox 214 2318 1081 2362; baseline -0.003 -8"><span class='ocrx_word' id='word_1_578' title='bbox 214 2331 247 2354; x_wconf 88' lang='lat' dir='ltr'>te</span> <span class='ocrx_word' id='word_1_579' title='bbox 268 2322 373 2354; x_wconf 78' lang='lat' dir='ltr'>usuras</span> <span class='ocrx_word' id='word_1_580' title='bbox 397 2319 543 2362; x_wconf 84' lang='lat' dir='ltr'>praestare</span> <span class='ocrx_word' id='word_1_581' title='bbox 558 2343 568 2359; x_wconf 94' lang='lat'>‚</span> <span class='ocrx_word' id='word_1_582' title='bbox 599 2329 616 2350; x_wconf 87' lang='lat' dir='ltr'>a</span> <span class='ocrx_word' id='word_1_583' title='bbox 639 2320 764 2351; x_wconf 85' lang='lat' dir='ltr'>ratione</span> <span class='ocrx_word' id='word_1_584' title='bbox 785 2329 841 2351; x_wconf 89' lang='lat' dir='ltr'>cur</span> <span class='ocrx_word' id='word_1_585' title='bbox 864 2320 999 2351; x_wconf 89' lang='lat' dir='ltr'>alienum</span> <span class='ocrx_word' id='word_1_586' title='bbox 1021 2318 1081 2351; x_wconf 80' lang='lat' dir='ltr'>lit?</span> 
     </span>
     <span class='ocr_line' id='line_1_74' title="bbox 216 2361 1079 2401; baseline -0.006 -5"><span class='ocrx_word' id='word_1_587' title='bbox 216 2372 280 2396; x_wconf 83' lang='lat' dir='ltr'>tam</span> <span class='ocrx_word' id='word_1_588' title='bbox 300 2364 384 2395; x_wconf 87' lang='lat' dir='ltr'>enini</span> <span class='ocrx_word' id='word_1_589' title='bbox 403 2371 454 2393; x_wconf 90' lang='lat' dir='ltr'>me</span> <span class='ocrx_word' id='word_1_590' title='bbox 471 2361 549 2393; x_wconf 86' lang='lat' dir='ltr'>mihi</span> <span class='ocrx_word' id='word_1_591' title='bbox 566 2384 576 2399; x_wconf 95' lang='lat'>‚</span> <span class='ocrx_word' id='word_1_592' title='bbox 600 2370 693 2401; x_wconf 85' lang='lat' dir='ltr'>quam</span> <span class='ocrx_word' id='word_1_593' title='bbox 712 2368 744 2392; x_wconf 91' lang='lat' dir='ltr'>te</span> <span class='ocrx_word' id='word_1_594' title='bbox 761 2361 840 2400; x_wconf 90' lang='lat' dir='ltr'>tibi,</span> <span class='ocrx_word' id='word_1_595' title='bbox 864 2369 974 2392; x_wconf 85' lang='lat' dir='ltr'>natura</span> <span class='ocrx_word' id='word_1_596' title='bbox 993 2370 1079 2391; x_wconf 89' lang='lat' dir='ltr'>com-</span> 
     </span>
     <span class='ocr_line' id='line_1_75' title="bbox 214 2401 1081 2445; baseline -0.007 -7"><span class='ocrx_word' id='word_1_597' title='bbox 214 2405 354 2438; x_wconf 86' lang='lat' dir='ltr'>mendat.</span> <span class='ocrx_word' id='word_1_598' title='bbox 378 2412 475 2445; x_wconf 88' lang='lat' dir='ltr'>atque</span> <span class='ocrx_word' id='word_1_599' title='bbox 489 2410 525 2435; x_wconf 90' lang='lat' dir='ltr'>ut</span> <span class='ocrx_word' id='word_1_600' title='bbox 542 2402 598 2433; x_wconf 88' lang='lat' dir='ltr'>tibi</span> <span class='ocrx_word' id='word_1_601' title='bbox 623 2402 794 2440; x_wconf 88' lang='lat' dir='ltr'>concedit,</span> <span class='ocrx_word' id='word_1_602' title='bbox 826 2411 885 2434; x_wconf 84' lang='lat' dir='ltr'>tuae</span> <span class='ocrx_word' id='word_1_603' title='bbox 907 2401 1032 2433; x_wconf 79' lang='lat' dir='ltr'>studere</span> <span class='ocrx_word' id='word_1_604' title='bbox 1052 2411 1081 2432; x_wconf 89' lang='lat' dir='ltr'>u-</span> 
     </span>
     <span class='ocr_line' id='line_1_76' title="bbox 215 2443 1082 2486; baseline -0.005 -8"><span class='ocrx_word' id='word_1_605' title='bbox 215 2447 342 2485; x_wconf 86' lang='lat' dir='ltr'>tilitati,</span> <span class='ocrx_word' id='word_1_606' title='bbox 365 2444 386 2477; x_wconf 87' lang='lat' dir='ltr'>fi</span> <span class='ocrx_word' id='word_1_607' title='bbox 402 2445 497 2486; x_wconf 86' lang='lat' dir='ltr'>poffis</span> <span class='ocrx_word' id='word_1_608' title='bbox 514 2467 525 2484; x_wconf 94' lang='lat'>,</span> <span class='ocrx_word' id='word_1_609' title='bbox 556 2443 620 2475; x_wconf 87' lang='lat' dir='ltr'>fine</span> <span class='ocrx_word' id='word_1_610' title='bbox 644 2444 754 2484; x_wconf 84' lang='lat' dir='ltr'>injuria</span> <span class='ocrx_word' id='word_1_611' title='bbox 779 2453 867 2475; x_wconf 85' lang='lat' dir='ltr'>mea:</span> <span class='ocrx_word' id='word_1_612' title='bbox 892 2443 933 2475; x_wconf 85' lang='lat' dir='ltr'>sic</span> <span class='ocrx_word' id='word_1_613' title='bbox 958 2444 1000 2474; x_wconf 90' lang='lat' dir='ltr'>nil</span> <span class='ocrx_word' id='word_1_614' title='bbox 1024 2443 1082 2474; x_wconf 83' lang='lat' dir='ltr'>ini-</span> 
     </span>
     <span class='ocr_line' id='line_1_77' title="bbox 217 2484 1081 2527; baseline -0.005 -8"><span class='ocrx_word' id='word_1_615' title='bbox 217 2498 312 2527; x_wconf 88' lang='lat' dir='ltr'>quum</span> <span class='ocrx_word' id='word_1_616' title='bbox 336 2487 505 2518; x_wconf 84' lang='lat' dir='ltr'>arbitratur</span> <span class='ocrx_word' id='word_1_617' title='bbox 524 2509 533 2525; x_wconf 90' lang='lat'>‚</span> <span class='ocrx_word' id='word_1_618' title='bbox 562 2484 583 2516; x_wconf 87' lang='lat' dir='ltr'>ss</span> <span class='ocrx_word' id='word_1_619' title='bbox 603 2495 665 2526; x_wconf 84' lang='lat' dir='ltr'>ego</span> <span class='ocrx_word' id='word_1_620' title='bbox 691 2485 819 2517; x_wconf 82' lang='lat' dir='ltr'>utilitati</span> <span class='ocrx_word' id='word_1_621' title='bbox 846 2494 926 2516; x_wconf 85' lang='lat' dir='ltr'>mcae</span> <span class='ocrx_word' id='word_1_622' title='bbox 950 2485 1081 2516; x_wconf 81' lang='lat' dir='ltr'>serviam</span> 
     </span>
     <span class='ocr_line' id='line_1_78' title="bbox 218 2525 1083 2569; baseline -0.005 -9"><span class='ocrx_word' id='word_1_623' title='bbox 218 2529 282 2561; x_wconf 86' lang='lat' dir='ltr'>fine</span> <span class='ocrx_word' id='word_1_624' title='bbox 299 2529 406 2569; x_wconf 81' lang='lat' dir='ltr'>injuria</span> <span class='ocrx_word' id='word_1_625' title='bbox 430 2537 483 2559; x_wconf 88' lang='lat' dir='ltr'>tua</span> <span class='ocrx_word' id='word_1_626' title='bbox 505 2527 524 2558; x_wconf 87' lang='lat' dir='ltr'>l.</span> <span class='ocrx_word' id='word_1_627' title='bbox 549 2535 573 2558; x_wconf 84' lang='lat'>1.</span> <span class='ocrx_word' id='word_1_628' title='bbox 597 2526 626 2568; x_wconf 84' lang='lat'>§.</span> <span class='ocrx_word' id='word_1_629' title='bbox 649 2535 693 2557; x_wconf 87' lang='lat'>11.</span> <span class='ocrx_word' id='word_1_630' title='bbox 720 2526 761 2557; x_wconf 91' lang='lat' dir='ltr'>D.</span> <span class='ocrx_word' id='word_1_631' title='bbox 785 2528 818 2557; x_wconf 78' lang='lat' dir='ltr'>de</span> <span class='ocrx_word' id='word_1_632' title='bbox 842 2536 919 2568; x_wconf 80' lang='lat' dir='ltr'>aqua</span> <span class='ocrx_word' id='word_1_633' title='bbox 943 2525 979 2560; x_wconf 66' lang='lat'>{5⁹</span> <span class='ocrx_word' id='word_1_634' title='bbox 1002 2536 1083 2567; x_wconf 68' lang='lat' dir='ltr'>aquae</span> 
     </span>
     <span class='ocr_line' id='line_1_79' title="bbox 211 2566 1082 2612; baseline -0.003 -11"><span class='ocrx_word' id='word_1_635' title='bbox 211 2571 323 2612; x_wconf 80' lang='lat' dir='ltr'>pluviae</span> <span class='ocrx_word' id='word_1_636' title='bbox 346 2574 471 2600; x_wconf 61' lang='lat' dir='ltr'>arcenslae</span> <span class='ocrx_word' id='word_1_637' title='bbox 493 2567 612 2599; x_wconf 69' lang='lat' dir='ltr'>afflone.</span> <span class='ocrx_word' id='word_1_638' title='bbox 636 2568 666 2600; x_wconf 86' lang='lat' dir='ltr'>id</span> <span class='ocrx_word' id='word_1_639' title='bbox 684 2575 789 2600; x_wconf 83' lang='lat' dir='ltr'>autem</span> <span class='ocrx_word' id='word_1_640' title='bbox 815 2568 958 2599; x_wconf 81' lang='lat' dir='ltr'>futurum</span> <span class='ocrx_word' id='word_1_641' title='bbox 976 2567 1040 2606; x_wconf 85' lang='lat' dir='ltr'>est,</span> <span class='ocrx_word' id='word_1_642' title='bbox 1062 2566 1082 2598; x_wconf 86' lang='lat' dir='ltr'>si</span> 
     </span>
     <span class='ocr_line' id='line_1_80' title="bbox 216 2608 1084 2651; baseline -0.006 -7"><span class='ocrx_word' id='word_1_643' title='bbox 216 2621 286 2645; x_wconf 77' lang='lat' dir='ltr'>inea</span> <span class='ocrx_word' id='word_1_644' title='bbox 306 2611 439 2651; x_wconf 89' lang='lat' dir='ltr'>pecunia</span> <span class='ocrx_word' id='word_1_645' title='bbox 458 2609 511 2640; x_wconf 89' lang='lat' dir='ltr'>sub</span> <span class='ocrx_word' id='word_1_646' title='bbox 537 2608 633 2640; x_wconf 87' lang='lat' dir='ltr'>usuris</span> <span class='ocrx_word' id='word_1_647' title='bbox 652 2610 767 2640; x_wconf 88' lang='lat' dir='ltr'>utaris:</span> <span class='ocrx_word' id='word_1_648' title='bbox 791 2610 910 2650; x_wconf 82' lang='lat' dir='ltr'>quippe</span> <span class='ocrx_word' id='word_1_649' title='bbox 934 2608 1084 2640; x_wconf 82' lang='lat' dir='ltr'>consecu-</span> 
     </span>
     <span class='ocr_line' id='line_1_81' title="bbox 217 2650 1083 2692; baseline -0.005 -7"><span class='ocrx_word' id='word_1_650' title='bbox 217 2661 268 2685; x_wconf 91' lang='lat' dir='ltr'>tus</span> <span class='ocrx_word' id='word_1_651' title='bbox 287 2662 323 2683; x_wconf 87' lang='lat' dir='ltr'>ea</span> <span class='ocrx_word' id='word_1_652' title='bbox 341 2676 350 2689; x_wconf 88' lang='lat'>,</span> <span class='ocrx_word' id='word_1_653' title='bbox 382 2660 415 2682; x_wconf 89' lang='lat' dir='ltr'>ut</span> <span class='ocrx_word' id='word_1_654' title='bbox 433 2650 530 2682; x_wconf 80' lang='lat' dir='ltr'>facias</span> <span class='ocrx_word' id='word_1_655' title='bbox 555 2650 676 2682; x_wconf 85' lang='lat' dir='ltr'>lucrum</span> <span class='ocrx_word' id='word_1_656' title='bbox 700 2651 787 2692; x_wconf 88' lang='lat' dir='ltr'>quod</span> <span class='ocrx_word' id='word_1_657' title='bbox 804 2651 867 2682; x_wconf 83' lang='lat' dir='ltr'>fine</span> <span class='ocrx_word' id='word_1_658' title='bbox 888 2660 924 2681; x_wconf 88' lang='lat' dir='ltr'>ea</span> <span class='ocrx_word' id='word_1_659' title='bbox 943 2660 1006 2681; x_wconf 90' lang='lat' dir='ltr'>non</span> <span class='ocrx_word' id='word_1_660' title='bbox 1028 2659 1083 2690; x_wconf 91' lang='lat' dir='ltr'>po-</span> 
     </span>
     <span class='ocr_line' id='line_1_82' title="bbox 219 2691 1084 2733; baseline -0.005 -7"><span class='ocrx_word' id='word_1_661' title='bbox 219 2694 303 2726; x_wconf 88' lang='lat' dir='ltr'>tuisti</span> <span class='ocrx_word' id='word_1_662' title='bbox 331 2692 462 2725; x_wconf 79' lang='lat' dir='ltr'>facere:</span> <span class='ocrx_word' id='word_1_663' title='bbox 493 2702 554 2733; x_wconf 86' lang='lat' dir='ltr'>ego</span> <span class='ocrx_word' id='word_1_664' title='bbox 577 2702 654 2723; x_wconf 90' lang='lat' dir='ltr'>vero</span> <span class='ocrx_word' id='word_1_665' title='bbox 683 2691 703 2723; x_wconf 86' lang='lat' dir='ltr'>si</span> <span class='ocrx_word' id='word_1_666' title='bbox 730 2691 832 2724; x_wconf 87' lang='lat' dir='ltr'>usuras</span> <span class='ocrx_word' id='word_1_667' title='bbox 854 2693 1008 2732; x_wconf 82' lang='lat' dir='ltr'>accipiam</span> <span class='ocrx_word' id='word_1_668' title='bbox 1025 2700 1084 2731; x_wconf 87' lang='lat' dir='ltr'>pro</span> 
     </span>
     <span class='ocr_line' id='line_1_83' title="bbox 218 2733 1084 2774; baseline -0.005 -7"><span class='ocrx_word' id='word_1_669' title='bbox 218 2734 273 2768; x_wconf 89' lang='lat' dir='ltr'>usu</span> <span class='ocrx_word' id='word_1_670' title='bbox 291 2744 370 2766; x_wconf 82' lang='lat' dir='ltr'>meae</span> <span class='ocrx_word' id='word_1_671' title='bbox 391 2735 552 2774; x_wconf 86' lang='lat' dir='ltr'>pecuniae,</span> <span class='ocrx_word' id='word_1_672' title='bbox 571 2733 648 2764; x_wconf 87' lang='lat' dir='ltr'>nihil</span> <span class='ocrx_word' id='word_1_673' title='bbox 666 2733 751 2764; x_wconf 87' lang='lat' dir='ltr'>aliud</span> <span class='ocrx_word' id='word_1_674' title='bbox 768 2734 969 2774; x_wconf 84' lang='lat' dir='ltr'>acceperim,</span> <span class='ocrx_word' id='word_1_675' title='bbox 990 2741 1084 2773; x_wconf 85' lang='lat' dir='ltr'>quain</span> 
     </span>
     <span class='ocr_line' id='line_1_84' title="bbox 219 2773 1084 2818; baseline -0.005 -10"><span class='ocrx_word' id='word_1_676' title='bbox 219 2777 309 2818; x_wconf 89' lang='lat' dir='ltr'>quod</span> <span class='ocrx_word' id='word_1_677' title='bbox 333 2776 371 2807; x_wconf 86' lang='lat' dir='ltr'>ad</span> <span class='ocrx_word' id='word_1_678' title='bbox 396 2774 591 2816; x_wconf 88' lang='lat' dir='ltr'>pensandum</span> <span class='ocrx_word' id='word_1_679' title='bbox 622 2774 687 2813; x_wconf 85' lang='lat' dir='ltr'>ejus</span> <span class='ocrx_word' id='word_1_680' title='bbox 715 2773 801 2805; x_wconf 86' lang='lat' dir='ltr'>usum</span> <span class='ocrx_word' id='word_1_681' title='bbox 831 2774 987 2815; x_wconf 80' lang='lat' dir='ltr'>respiciat.</span> <span class='ocrx_word' id='word_1_682' title='bbox 1010 2783 1084 2806; x_wconf 22' lang='lat' dir='ltr'>‘non</span> 
     </span>
     <span class='ocr_line' id='line_1_85' title="bbox 219 2814 1082 2860; baseline -0.006 -9"><span class='ocrx_word' id='word_1_683' title='bbox 219 2819 315 2860; x_wconf 80' lang='lat' dir='ltr'>igitur</span> <span class='ocrx_word' id='word_1_684' title='bbox 333 2827 415 2859; x_wconf 85' lang='lat' dir='ltr'>ego,</span> <span class='ocrx_word' id='word_1_685' title='bbox 445 2815 467 2848; x_wconf 90' lang='lat' dir='ltr'><strong>fi</strong></span> <span class='ocrx_word' id='word_1_686' title='bbox 486 2815 589 2847; x_wconf 85' lang='lat' dir='ltr'>usuras</span> <span class='ocrx_word' id='word_1_687' title='bbox 611 2814 784 2854; x_wconf 84' lang='lat' dir='ltr'>accipiam,</span> <span class='ocrx_word' id='word_1_688' title='bbox 816 2815 909 2847; x_wconf 85' lang='lat' dir='ltr'>fuero</span> <span class='ocrx_word' id='word_1_689' title='bbox 934 2814 1082 2856; x_wconf 84' lang='lat' dir='ltr'>injustus:</span> 
     </span>
     <span class='ocr_line' id='line_1_86' title="bbox 219 2855 1084 2901; baseline -0.005 -9"><span class='ocrx_word' id='word_1_690' title='bbox 219 2861 293 2901; x_wconf 89' lang='lat' dir='ltr'>quia</span> <span class='ocrx_word' id='word_1_691' title='bbox 316 2869 380 2890; x_wconf 91' lang='lat' dir='ltr'>non</span> <span class='ocrx_word' id='word_1_692' title='bbox 405 2857 494 2898; x_wconf 86' lang='lat' dir='ltr'>quod</span> <span class='ocrx_word' id='word_1_693' title='bbox 521 2865 610 2888; x_wconf 88' lang='lat' dir='ltr'>tuum</span> <span class='ocrx_word' id='word_1_694' title='bbox 640 2855 702 2895; x_wconf 87' lang='lat' dir='ltr'>fit,</span> <span class='ocrx_word' id='word_1_695' title='bbox 733 2858 880 2897; x_wconf 85' lang='lat' dir='ltr'>accipio:</span> <span class='ocrx_word' id='word_1_696' title='bbox 912 2857 963 2888; x_wconf 86' lang='lat' dir='ltr'>sed</span> <span class='ocrx_word' id='word_1_697' title='bbox 995 2857 1084 2897; x_wconf 83' lang='lat' dir='ltr'>quod</span> 
     </span>
     <span class='ocr_line' id='line_1_87' title="bbox 218 2898 1083 2939; baseline -0.005 -6"><span class='ocrx_word' id='word_1_698' title='bbox 218 2910 336 2934; x_wconf 87' lang='lat' dir='ltr'>meum.</span> <span class='ocrx_word' id='word_1_699' title='bbox 361 2900 488 2939; x_wconf 82' lang='lat' dir='ltr'>accipio</span> <span class='ocrx_word' id='word_1_700' title='bbox 513 2899 597 2929; x_wconf 86' lang='lat' dir='ltr'>enim</span> <span class='ocrx_word' id='word_1_701' title='bbox 618 2900 753 2937; x_wconf 83' lang='lat' dir='ltr'>pretium</span> <span class='ocrx_word' id='word_1_702' title='bbox 782 2898 850 2929; x_wconf 82' lang='lat' dir='ltr'>usus</span> <span class='ocrx_word' id='word_1_703' title='bbox 867 2921 877 2937; x_wconf 89' lang='lat'>,</span> <span class='ocrx_word' id='word_1_704' title='bbox 907 2899 963 2929; x_wconf 86' lang='lat' dir='ltr'>tibi</span> <span class='ocrx_word' id='word_1_705' title='bbox 993 2908 1010 2929; x_wconf 86' lang='lat' dir='ltr'>a</span> <span class='ocrx_word' id='word_1_706' title='bbox 1031 2907 1083 2929; x_wconf 88' lang='lat' dir='ltr'>ine</span> 
     </span>
     <span class='ocr_line' id='line_1_88' title="bbox 219 2938 1083 2978; baseline -0.006 -3"><span class='ocrx_word' id='word_1_707' title='bbox 219 2941 371 2975; x_wconf 84' lang='lat' dir='ltr'>conceffi.</span> <span class='ocrx_word' id='word_1_708' title='bbox 395 2950 426 2973; x_wconf 91' lang='lat' dir='ltr'>at</span> <span class='ocrx_word' id='word_1_709' title='bbox 447 2948 481 2972; x_wconf 92' lang='lat' dir='ltr'>tu</span> <span class='ocrx_word' id='word_1_710' title='bbox 503 2938 525 2971; x_wconf 91' lang='lat' dir='ltr'>fi</span> <span class='ocrx_word' id='word_1_711' title='bbox 551 2939 660 2976; x_wconf 83' lang='lat' dir='ltr'>voles,</span> <span class='ocrx_word' id='word_1_712' title='bbox 690 2948 760 2969; x_wconf 86' lang='lat' dir='ltr'>mea</span> <span class='ocrx_word' id='word_1_713' title='bbox 779 2941 912 2978; x_wconf 87' lang='lat' dir='ltr'>pecunia</span> <span class='ocrx_word' id='word_1_714' title='bbox 933 2940 972 2971; x_wconf 87' lang='lat' dir='ltr'>ad</span> <span class='ocrx_word' id='word_1_715' title='bbox 997 2948 1083 2970; x_wconf 83' lang='lat' dir='ltr'>tuam</span> 
     </span>
     <span class='ocr_line' id='line_1_89' title="bbox 219 2980 1085 3021; baseline -0.005 -5"><span class='ocrx_word' id='word_1_716' title='bbox 219 2986 265 3016; x_wconf 88' lang='lat' dir='ltr'>uti</span> <span class='ocrx_word' id='word_1_717' title='bbox 286 2984 476 3021; x_wconf 88' lang='lat' dir='ltr'>utilitatem,</span> <span class='ocrx_word' id='word_1_718' title='bbox 506 2990 559 3013; x_wconf 89' lang='lat' dir='ltr'>me</span> <span class='ocrx_word' id='word_1_719' title='bbox 583 2987 688 3010; x_wconf 88' lang='lat' dir='ltr'>autem</span> <span class='ocrx_word' id='word_1_720' title='bbox 707 2980 825 3011; x_wconf 76' lang='lat' dir='ltr'>nullum</span> <span class='ocrx_word' id='word_1_721' title='bbox 842 2981 972 3012; x_wconf 82' lang='lat' dir='ltr'>vicissim</span> <span class='ocrx_word' id='word_1_722' title='bbox 996 2990 1085 3012; x_wconf 87' lang='lat' dir='ltr'>com-</span> 
     </span>
     <span class='ocr_line' id='line_1_90' title="bbox 218 3019 1083 3064; baseline -0.007 -6"><span class='ocrx_word' id='word_1_723' title='bbox 218 3026 351 3058; x_wconf 87' lang='lat' dir='ltr'>modum</span> <span class='ocrx_word' id='word_1_724' title='bbox 367 3025 514 3064; x_wconf 88' lang='lat' dir='ltr'>accipere</span> <span class='ocrx_word' id='word_1_725' title='bbox 533 3031 592 3062; x_wconf 87' lang='lat' dir='ltr'>pro</span> <span class='ocrx_word' id='word_1_726' title='bbox 610 3020 680 3059; x_wconf 85' lang='lat' dir='ltr'>usu,</span> <span class='ocrx_word' id='word_1_727' title='bbox 704 3019 833 3060; x_wconf 85' lang='lat' dir='ltr'>injustus</span> <span class='ocrx_word' id='word_1_728' title='bbox 849 3023 925 3053; x_wconf 87' lang='lat' dir='ltr'>eris:</span> <span class='ocrx_word' id='word_1_729' title='bbox 948 3022 1025 3053; x_wconf 87' lang='lat' dir='ltr'>mihi</span> <span class='ocrx_word' id='word_1_730' title='bbox 1046 3022 1083 3052; x_wconf 91' lang='lat' dir='ltr'>ti—</span> 
     </span>
     <span class='ocr_line' id='line_1_91' title="bbox 220 3061 1083 3107; baseline -0.005 -9"><span class='ocrx_word' id='word_1_731' title='bbox 220 3068 318 3107; x_wconf 81' lang='lat' dir='ltr'>bique</span> <span class='ocrx_word' id='word_1_732' title='bbox 341 3067 462 3107; x_wconf 78' lang='lat' dir='ltr'>aequale</span> <span class='ocrx_word' id='word_1_733' title='bbox 482 3066 530 3105; x_wconf 84' lang='lat' dir='ltr'>jus</span> <span class='ocrx_word' id='word_1_734' title='bbox 558 3062 620 3094; x_wconf 79' lang='lat' dir='ltr'>effe</span> <span class='ocrx_word' id='word_1_735' title='bbox 647 3071 711 3092; x_wconf 89' lang='lat' dir='ltr'>non</span> <span class='ocrx_word' id='word_1_736' title='bbox 736 3061 848 3093; x_wconf 80' lang='lat' dir='ltr'>finctis.</span> <span class='ocrx_word' id='word_1_737' title='bbox 883 3071 996 3102; x_wconf 85' lang='lat' dir='ltr'>urgent</span> <span class='ocrx_word' id='word_1_738' title='bbox 1019 3063 1083 3094; x_wconf 88' lang='lat' dir='ltr'>hoc</span> 
     </span>
     <span class='ocr_line' id='line_1_92' title="bbox 219 3102 1084 3146; baseline -0.005 -7"><span class='ocrx_word' id='word_1_739' title='bbox 219 3107 452 3146; x_wconf 83' lang='lat' dir='ltr'>foeneratores3</span> <span class='ocrx_word' id='word_1_740' title='bbox 477 3106 506 3138; x_wconf 71' lang='grc' dir='ltr'>δί</span> <span class='ocrx_word' id='word_1_741' title='bbox 529 3105 634 3142; x_wconf 69' lang='grc' dir='ltr'>τεξὶες</span> <span class='ocrx_word' id='word_1_742' title='bbox 666 3102 722 3134; x_wconf 84' lang='lat' dir='ltr'>etfi</span> <span class='ocrx_word' id='word_1_743' title='bbox 741 3102 961 3145; x_wconf 84' lang='lat' dir='ltr'>Hieronymus</span> <span class='ocrx_word' id='word_1_744' title='bbox 980 3113 1084 3144; x_wconf 86' lang='lat' dir='ltr'>repre—</span> 
     </span>
     <span class='ocr_line' id='line_1_93' title="bbox 221 3144 1083 3188; baseline -0.005 -8"><span class='ocrx_word' id='word_1_745' title='bbox 221 3148 339 3180; x_wconf 80' lang='lat' dir='ltr'>hendat</span> <span class='ocrx_word' id='word_1_746' title='bbox 357 3173 367 3188; x_wconf 92' lang='lat'>‚</span> <span class='ocrx_word' id='word_1_747' title='bbox 398 3151 431 3180; x_wconf 86' lang='lat' dir='ltr'>in</span> <span class='ocrx_word' id='word_1_748' title='bbox 458 3147 633 3179; x_wconf 83' lang='lat' dir='ltr'>Ezechielem</span> <span class='ocrx_word' id='word_1_749' title='bbox 654 3144 701 3176; x_wconf 85' lang='lat' dir='ltr'>lib.</span> <span class='ocrx_word' id='word_1_750' title='bbox 719 3148 748 3175; x_wconf 88' lang='lat'>6.</span> <span class='ocrx_word' id='word_1_751' title='bbox 772 3154 796 3175; x_wconf 89' lang='lat' dir='ltr'>c.</span> <span class='ocrx_word' id='word_1_752' title='bbox 819 3150 866 3180; x_wconf 78' lang='lat'>18.</span> <span class='ocrx_word' id='word_1_753' title='bbox 889 3153 961 3175; x_wconf 87' lang='lat' dir='ltr'>curn</span> <span class='ocrx_word' id='word_1_754' title='bbox 987 3144 1083 3176; x_wconf 86' lang='lat' dir='ltr'>Solent</span> 
     </span>
     <span class='ocr_line' id='line_1_94' title="bbox 220 3186 1082 3230; baseline -0.005 -11"><span class='ocrx_word' id='word_1_755' title='bbox 220 3191 421 3230; x_wconf 85' lang='lat' dir='ltr'>argumentari</span> <span class='ocrx_word' id='word_1_756' title='bbox 445 3200 479 3221; x_wconf 89' lang='lat' dir='ltr'>ac</span> <span class='ocrx_word' id='word_1_757' title='bbox 497 3191 587 3220; x_wconf 84' lang='lat' dir='ltr'>dicere</span> <span class='ocrx_word' id='word_1_758' title='bbox 602 3198 611 3219; x_wconf 73' lang='grc' dir='ltr'><strong><em>ε</em></strong></span> <span class='ocrx_word' id='word_1_759' title='bbox 632 3186 696 3217; x_wconf 79' lang='lat' dir='ltr'>dedi</span> <span class='ocrx_word' id='word_1_760' title='bbox 712 3195 805 3217; x_wconf 84' lang='lat' dir='ltr'>unum</span> <span class='ocrx_word' id='word_1_761' title='bbox 821 3187 947 3216; x_wconf 68' lang='lat' dir='ltr'>modium</span> <span class='ocrx_word' id='word_1_762' title='bbox 971 3186 1023 3225; x_wconf 88' lang='lat' dir='ltr'>qui</span> <span class='ocrx_word' id='word_1_763' title='bbox 1029 3186 1082 3225; x_wconf 86' lang='lat' dir='ltr'>sa-</span> 
     </span>
     <span class='ocr_line' id='line_1_95' title="bbox 221 3224 1083 3271; baseline -0.006 -8"><span class='ocrx_word' id='word_1_764' title='bbox 221 3237 269 3263; x_wconf 73' lang='grc' dir='ltr'>ιω</span> <span class='ocrx_word' id='word_1_765' title='bbox 283 3230 364 3271; x_wconf 84' lang='lat' dir='ltr'>facit</span> <span class='ocrx_word' id='word_1_766' title='bbox 387 3232 479 3263; x_wconf 76' lang='lat' dir='ltr'>decem</span> <span class='ocrx_word' id='word_1_767' title='bbox 498 3232 622 3265; x_wconf 82' lang='lat' dir='ltr'>modios:</span> <span class='ocrx_word' id='word_1_768' title='bbox 642 3236 737 3260; x_wconf 84' lang='lat' dir='ltr'>nonne</span> <span class='ocrx_word' id='word_1_769' title='bbox 748 3224 861 3271; x_wconf 80' lang='lat' dir='ltr'>justum</span> <span class='ocrx_word' id='word_1_770' title='bbox 886 3224 945 3269; x_wconf 64' lang='lat' dir='ltr'>cst,</span> <span class='ocrx_word' id='word_1_771' title='bbox 975 3231 1009 3259; x_wconf 80' lang='lat' dir='ltr'>ut</span> <span class='ocrx_word' id='word_1_772' title='bbox 1029 3236 1083 3258; x_wconf 82' lang='lat' dir='ltr'>me-</span> 
     </span>
    </p>
   </div>
   <div class='ocr_carea' id='block_1_12' title="bbox 1123 1861 1998 3294">
    <p class='ocr_par' dir='ltr' id='par_1_14' title="bbox 1123 1861 1998 1943">
     <span class='ocr_line' id='line_1_96' title="bbox 1123 1861 1998 1904; baseline 0.001 -11"><span class='ocrx_word' id='word_1_773' title='bbox 1123 1862 1205 1893; x_wconf 79' lang='lat' dir='ltr'>dium</span> <span class='ocrx_word' id='word_1_774' title='bbox 1223 1863 1349 1894; x_wconf 82' lang='lat' dir='ltr'>modium</span> <span class='ocrx_word' id='word_1_775' title='bbox 1367 1862 1400 1893; x_wconf 83' lang='lat' dir='ltr'>de</span> <span class='ocrx_word' id='word_1_776' title='bbox 1422 1871 1480 1893; x_wconf 84' lang='lat' dir='ltr'>nieo</span> <span class='ocrx_word' id='word_1_777' title='bbox 1497 1862 1566 1904; x_wconf 83' lang='lat' dir='ltr'>plus</span> <span class='ocrx_word' id='word_1_778' title='bbox 1585 1862 1743 1904; x_wconf 83' lang='lat' dir='ltr'>accipiam,</span> <span class='ocrx_word' id='word_1_779' title='bbox 1771 1871 1836 1893; x_wconf 81' lang='lat' dir='ltr'>cum</span> <span class='ocrx_word' id='word_1_780' title='bbox 1861 1861 1908 1893; x_wconf 82' lang='lat' dir='ltr'>ille</span> <span class='ocrx_word' id='word_1_781' title='bbox 1932 1867 1998 1894; x_wconf 77' lang='lat' dir='ltr'>mea</span> 
     </span>
     <span class='ocr_line' id='line_1_97' title="bbox 1124 1903 1831 1943; baseline 0.001 -9"><span class='ocrx_word' id='word_1_782' title='bbox 1124 1903 1294 1935; x_wconf 74' lang='lat' dir='ltr'>liberalitate</span> <span class='ocrx_word' id='word_1_783' title='bbox 1311 1914 1413 1935; x_wconf 81' lang='lat' dir='ltr'>novem</span> <span class='ocrx_word' id='word_1_784' title='bbox 1437 1903 1473 1938; x_wconf 47' lang='grc' dir='ltr'>ὃ)</span> <span class='ocrx_word' id='word_1_785' title='bbox 1486 1906 1575 1943; x_wconf 73' lang='lat' dir='ltr'>semis</span> <span class='ocrx_word' id='word_1_786' title='bbox 1588 1906 1621 1935; x_wconf 78' lang='lat' dir='ltr'>ae</span> <span class='ocrx_word' id='word_1_787' title='bbox 1645 1913 1702 1935; x_wconf 85' lang='lat' dir='ltr'>meo</span> <span class='ocrx_word' id='word_1_788' title='bbox 1722 1904 1831 1935; x_wconf 84' lang='lat' dir='ltr'>babeat.</span> 
     </span>
    </p>

    <p class='ocr_par' dir='ltr' id='par_1_15' title="bbox 1123 1944 1997 3225">
     <span class='ocr_line' id='line_1_98' title="bbox 1165 1944 1996 1986; baseline 0.001 -10"><span class='ocrx_word' id='word_1_789' title='bbox 1165 1946 1208 1976; x_wconf 88' lang='lat' dir='ltr'>At</span> <span class='ocrx_word' id='word_1_790' title='bbox 1233 1946 1363 1977; x_wconf 88' lang='lat' dir='ltr'>rationis</span> <span class='ocrx_word' id='word_1_791' title='bbox 1386 1944 1431 1976; x_wconf 90' lang='lat' dir='ltr'>est</span> <span class='ocrx_word' id='word_1_792' title='bbox 1450 1968 1459 1983; x_wconf 91' lang='lat'>,</span> <span class='ocrx_word' id='word_1_793' title='bbox 1490 1953 1525 1976; x_wconf 90' lang='lat' dir='ltr'>ut</span> <span class='ocrx_word' id='word_1_794' title='bbox 1550 1947 1684 1986; x_wconf 77' lang='lat' dir='ltr'>quisque</span> <span class='ocrx_word' id='word_1_795' title='bbox 1705 1946 1799 1977; x_wconf 86' lang='lat' dir='ltr'>alium</span> <span class='ocrx_word' id='word_1_796' title='bbox 1822 1955 1932 1986; x_wconf 83' lang='lat' dir='ltr'>aeque,</span> <span class='ocrx_word' id='word_1_797' title='bbox 1956 1953 1996 1977; x_wconf 85' lang='lat' dir='ltr'>ac</span> 
     </span>
     <span class='ocr_line' id='line_1_99' title="bbox 1124 1985 1995 2027; baseline 0.001 -10"><span class='ocrx_word' id='word_1_798' title='bbox 1124 1985 1174 2025; x_wconf 91' lang='lat' dir='ltr'>se,</span> <span class='ocrx_word' id='word_1_799' title='bbox 1200 1987 1228 2018; x_wconf 71' lang='grc' dir='ltr'>ὅ(</span> <span class='ocrx_word' id='word_1_800' title='bbox 1247 1995 1330 2019; x_wconf 81' lang='lat' dir='ltr'>amet</span> <span class='ocrx_word' id='word_1_801' title='bbox 1352 1987 1381 2018; x_wconf 70' lang='grc' dir='ltr'>ὅ(</span> <span class='ocrx_word' id='word_1_802' title='bbox 1404 1995 1504 2018; x_wconf 87' lang='lat' dir='ltr'>curet.</span> <span class='ocrx_word' id='word_1_803' title='bbox 1529 1987 1662 2027; x_wconf 89' lang='lat' dir='ltr'>optime.</span> <span class='ocrx_word' id='word_1_804' title='bbox 1687 1987 1718 2017; x_wconf 90' lang='lat' dir='ltr'>id</span> <span class='ocrx_word' id='word_1_805' title='bbox 1737 1988 1822 2018; x_wconf 86' lang='lat' dir='ltr'>enim</span> <span class='ocrx_word' id='word_1_806' title='bbox 1848 1988 1995 2018; x_wconf 77' lang='lat' dir='ltr'>humanae</span> 
     </span>
     <span class='ocr_line' id='line_1_100' title="bbox 1125 2026 1996 2068; baseline 0.002 -10"><span class='ocrx_word' id='word_1_807' title='bbox 1125 2027 1270 2059; x_wconf 83' lang='lat' dir='ltr'>societati</span> <span class='ocrx_word' id='word_1_808' title='bbox 1302 2028 1332 2059; x_wconf 72' lang='grc' dir='ltr'>δι</span> <span class='ocrx_word' id='word_1_809' title='bbox 1361 2028 1421 2068; x_wconf 83' lang='lat' dir='ltr'>juri</span> <span class='ocrx_word' id='word_1_810' title='bbox 1446 2026 1602 2059; x_wconf 84' lang='lat' dir='ltr'>Gentium</span> <span class='ocrx_word' id='word_1_811' title='bbox 1627 2028 1827 2067; x_wconf 82' lang='lat' dir='ltr'>consequens</span> <span class='ocrx_word' id='word_1_812' title='bbox 1855 2029 1908 2060; x_wconf 81' lang='lat' dir='ltr'>est·</span> <span class='ocrx_word' id='word_1_813' title='bbox 1941 2028 1996 2060; x_wconf 81' lang='lat' dir='ltr'>sed</span> 
     </span>
     <span class='ocr_line' id='line_1_101' title="bbox 1124 2069 1996 2110; baseline 0.001 -10"><span class='ocrx_word' id='word_1_814' title='bbox 1124 2078 1188 2100; x_wconf 91' lang='lat' dir='ltr'>non</span> <span class='ocrx_word' id='word_1_815' title='bbox 1207 2071 1310 2101; x_wconf 86' lang='lat' dir='ltr'>minus</span> <span class='ocrx_word' id='word_1_816' title='bbox 1332 2078 1363 2100; x_wconf 86' lang='lat' dir='ltr'>te</span> <span class='ocrx_word' id='word_1_817' title='bbox 1380 2070 1418 2100; x_wconf 75' lang='lat' dir='ltr'>ad</span> <span class='ocrx_word' id='word_1_818' title='bbox 1442 2078 1550 2100; x_wconf 78' lang='lat' dir='ltr'>cui-am</span> <span class='ocrx_word' id='word_1_819' title='bbox 1568 2071 1631 2101; x_wconf 89' lang='lat' dir='ltr'>niei</span> <span class='ocrx_word' id='word_1_820' title='bbox 1648 2069 1795 2110; x_wconf 83' lang='lat' dir='ltr'>obligat,</span> <span class='ocrx_word' id='word_1_821' title='bbox 1825 2079 1918 2109; x_wconf 86' lang='lat' dir='ltr'>quam</span> <span class='ocrx_word' id='word_1_822' title='bbox 1942 2078 1996 2101; x_wconf 88' lang='lat' dir='ltr'>me</span> 
     </span>
     <span class='ocr_line' id='line_1_102' title="bbox 1125 2111 1997 2148; baseline 0.001 -8"><span class='ocrx_word' id='word_1_823' title='bbox 1125 2112 1163 2141; x_wconf 78' lang='lat' dir='ltr'>ad</span> <span class='ocrx_word' id='word_1_824' title='bbox 1189 2120 1330 2142; x_wconf 84' lang='lat' dir='ltr'>amorem</span> <span class='ocrx_word' id='word_1_825' title='bbox 1358 2111 1428 2141; x_wconf 88' lang='lat' dir='ltr'>tui:</span> <span class='ocrx_word' id='word_1_826' title='bbox 1456 2119 1519 2141; x_wconf 90' lang='lat' dir='ltr'>non</span> <span class='ocrx_word' id='word_1_827' title='bbox 1543 2119 1649 2142; x_wconf 80' lang='lat' dir='ltr'>autem</span> <span class='ocrx_word' id='word_1_828' title='bbox 1675 2111 1738 2141; x_wconf 85' lang='lat' dir='ltr'>huc</span> <span class='ocrx_word' id='word_1_829' title='bbox 1761 2113 1901 2148; x_wconf 80' lang='lat' dir='ltr'>pertinet</span> <span class='ocrx_word' id='word_1_830' title='bbox 1918 2133 1927 2148; x_wconf 92' lang='lat'>,</span> <span class='ocrx_word' id='word_1_831' title='bbox 1960 2118 1997 2141; x_wconf 85' lang='lat' dir='ltr'>ut</span> 
     </span>
     <span class='ocr_line' id='line_1_103' title="bbox 1124 2151 1995 2192; baseline 0 -10"><span class='ocrx_word' id='word_1_832' title='bbox 1124 2158 1178 2182; x_wconf 83' lang='lat' dir='ltr'>aut</span> <span class='ocrx_word' id='word_1_833' title='bbox 1204 2159 1238 2182; x_wconf 88' lang='lat' dir='ltr'>tu</span> <span class='ocrx_word' id='word_1_834' title='bbox 1265 2161 1316 2183; x_wconf 90' lang='lat' dir='ltr'>me</span> <span class='ocrx_word' id='word_1_835' title='bbox 1342 2152 1478 2182; x_wconf 89' lang='lat' dir='ltr'>utilitate</span> <span class='ocrx_word' id='word_1_836' title='bbox 1503 2160 1571 2182; x_wconf 87' lang='lat' dir='ltr'>mea</span> <span class='ocrx_word' id='word_1_837' title='bbox 1598 2161 1637 2182; x_wconf 86' lang='lat' dir='ltr'>eo</span> <span class='ocrx_word' id='word_1_838' title='bbox 1663 2160 1824 2192; x_wconf 72' lang='lat' dir='ltr'>praetextu</span> <span class='ocrx_word' id='word_1_839' title='bbox 1858 2151 1995 2192; x_wconf 83' lang='lat' dir='ltr'>spolies,</span> 
     </span>
     <span class='ocr_line' id='line_1_104' title="bbox 1125 2192 1995 2234; baseline 0.001 -11"><span class='ocrx_word' id='word_1_840' title='bbox 1125 2201 1179 2223; x_wconf 82' lang='lat' dir='ltr'>aut</span> <span class='ocrx_word' id='word_1_841' title='bbox 1200 2202 1262 2234; x_wconf 83' lang='lat' dir='ltr'>ego</span> <span class='ocrx_word' id='word_1_842' title='bbox 1285 2202 1334 2224; x_wconf 88' lang='lat' dir='ltr'>te:</span> <span class='ocrx_word' id='word_1_843' title='bbox 1360 2192 1411 2223; x_wconf 81' lang='lat' dir='ltr'>sed</span> <span class='ocrx_word' id='word_1_844' title='bbox 1440 2200 1473 2223; x_wconf 85' lang='lat' dir='ltr'>ut</span> <span class='ocrx_word' id='word_1_845' title='bbox 1493 2199 1526 2223; x_wconf 92' lang='lat' dir='ltr'>tu</span> <span class='ocrx_word' id='word_1_846' title='bbox 1550 2193 1648 2231; x_wconf 86' lang='lat' dir='ltr'>mihi,</span> <span class='ocrx_word' id='word_1_847' title='bbox 1672 2202 1744 2224; x_wconf 88' lang='lat' dir='ltr'>cum</span> <span class='ocrx_word' id='word_1_848' title='bbox 1763 2193 1879 2234; x_wconf 51' lang='lat' dir='ltr'>posti«,</span> <span class='ocrx_word' id='word_1_849' title='bbox 1903 2202 1995 2233; x_wconf 83' lang='lat' dir='ltr'>aeque</span> 
     </span>
     <span class='ocr_line' id='line_1_105' title="bbox 1125 2233 1995 2275; baseline 0 -10"><span class='ocrx_word' id='word_1_850' title='bbox 1125 2235 1211 2265; x_wconf 75' lang='lat' dir='ltr'>utilis</span> <span class='ocrx_word' id='word_1_851' title='bbox 1229 2234 1266 2266; x_wconf 86' lang='lat' dir='ltr'>fis</span> <span class='ocrx_word' id='word_1_852' title='bbox 1284 2258 1292 2273; x_wconf 96' lang='lat'>,</span> <span class='ocrx_word' id='word_1_853' title='bbox 1323 2242 1419 2274; x_wconf 87' lang='lat' dir='ltr'>atque</span> <span class='ocrx_word' id='word_1_854' title='bbox 1444 2242 1506 2275; x_wconf 87' lang='lat' dir='ltr'>ego</span> <span class='ocrx_word' id='word_1_855' title='bbox 1534 2234 1589 2264; x_wconf 79' lang='lat' dir='ltr'>tibi</span> <span class='ocrx_word' id='word_1_856' title='bbox 1613 2233 1677 2265; x_wconf 83' lang='lat' dir='ltr'>fim.</span> <span class='ocrx_word' id='word_1_857' title='bbox 1714 2235 1801 2275; x_wconf 83' lang='lat' dir='ltr'>quod</span> <span class='ocrx_word' id='word_1_858' title='bbox 1824 2234 1845 2266; x_wconf 82' lang='lat' dir='ltr'>fi</span> <span class='ocrx_word' id='word_1_859' title='bbox 1867 2244 1917 2265; x_wconf 90' lang='lat' dir='ltr'>me</span> <span class='ocrx_word' id='word_1_860' title='bbox 1936 2234 1995 2265; x_wconf 81' lang='lat' dir='ltr'>tibi</span> 
     </span>
     <span class='ocr_line' id='line_1_106' title="bbox 1125 2274 1995 2317; baseline 0.001 -11"><span class='ocrx_word' id='word_1_861' title='bbox 1125 2275 1271 2316; x_wconf 74' lang='lat' dir='ltr'>prodess&#39;e</span> <span class='ocrx_word' id='word_1_862' title='bbox 1293 2275 1389 2314; x_wconf 85' lang='lat' dir='ltr'>velis,</span> <span class='ocrx_word' id='word_1_863' title='bbox 1414 2274 1443 2306; x_wconf 90' lang='lat'>&amp;</span> <span class='ocrx_word' id='word_1_864' title='bbox 1461 2284 1566 2306; x_wconf 86' lang='lat' dir='ltr'>tamen</span> <span class='ocrx_word' id='word_1_865' title='bbox 1593 2274 1675 2306; x_wconf 82' lang='lat' dir='ltr'>hanc</span> <span class='ocrx_word' id='word_1_866' title='bbox 1692 2285 1795 2307; x_wconf 81' lang='lat' dir='ltr'>Vicem</span> <span class='ocrx_word' id='word_1_867' title='bbox 1822 2285 1919 2317; x_wconf 87' lang='lat' dir='ltr'>neges</span> <span class='ocrx_word' id='word_1_868' title='bbox 1937 2276 1995 2307; x_wconf 88' lang='lat' dir='ltr'>mi-</span> 
     </span>
     <span class='ocr_line' id='line_1_107' title="bbox 1127 2316 1994 2357; baseline 0.001 -10"><span class='ocrx_word' id='word_1_869' title='bbox 1127 2317 1178 2355; x_wconf 80' lang='lat' dir='ltr'>ni;</span> <span class='ocrx_word' id='word_1_870' title='bbox 1205 2325 1236 2347; x_wconf 89' lang='lat' dir='ltr'>te</span> <span class='ocrx_word' id='word_1_871' title='bbox 1257 2318 1383 2357; x_wconf 82' lang='lat' dir='ltr'>quidem</span> <span class='ocrx_word' id='word_1_872' title='bbox 1404 2326 1420 2347; x_wconf 88' lang='lat' dir='ltr'>a</span> <span class='ocrx_word' id='word_1_873' title='bbox 1445 2325 1495 2347; x_wconf 89' lang='lat' dir='ltr'>me</span> <span class='ocrx_word' id='word_1_874' title='bbox 1514 2340 1523 2355; x_wconf 92' lang='lat'>,</span> <span class='ocrx_word' id='word_1_875' title='bbox 1555 2316 1606 2347; x_wconf 76' lang='lat' dir='ltr'>scd</span> <span class='ocrx_word' id='word_1_876' title='bbox 1625 2326 1689 2348; x_wconf 91' lang='lat' dir='ltr'>non</span> <span class='ocrx_word' id='word_1_877' title='bbox 1711 2325 1762 2348; x_wconf 90' lang='lat' dir='ltr'>me</span> <span class='ocrx_word' id='word_1_878' title='bbox 1781 2326 1798 2348; x_wconf 81' lang='lat' dir='ltr'>a</span> <span class='ocrx_word' id='word_1_879' title='bbox 1815 2326 1864 2356; x_wconf 91' lang='lat' dir='ltr'>te,</span> <span class='ocrx_word' id='word_1_880' title='bbox 1896 2316 1994 2348; x_wconf 86' lang='lat' dir='ltr'>amari</span> 
     </span>
     <span class='ocr_line' id='line_1_108' title="bbox 1126 2358 1994 2398; baseline 0.001 -9"><span class='ocrx_word' id='word_1_881' title='bbox 1126 2358 1155 2389; x_wconf 90' lang='lat'>&amp;</span> <span class='ocrx_word' id='word_1_882' title='bbox 1176 2359 1274 2389; x_wconf 75' lang='lat' dir='ltr'>Curari</span> <span class='ocrx_word' id='word_1_883' title='bbox 1306 2358 1453 2398; x_wconf 18' lang='lat' dir='ltr'>postulas*</span> <span class='ocrx_word' id='word_1_884' title='bbox 1480 2358 1566 2397; x_wconf 87' lang='lat' dir='ltr'>quod</span> <span class='ocrx_word' id='word_1_885' title='bbox 1595 2367 1660 2389; x_wconf 88' lang='lat' dir='ltr'>non</span> <span class='ocrx_word' id='word_1_886' title='bbox 1679 2359 1724 2389; x_wconf 84' lang='lat' dir='ltr'>cst</span> <span class='ocrx_word' id='word_1_887' title='bbox 1753 2358 1809 2389; x_wconf 88' lang='lat' dir='ltr'>viri</span> <span class='ocrx_word' id='word_1_888' title='bbox 1835 2359 1931 2397; x_wconf 88' lang='lat' dir='ltr'>boni,</span> <span class='ocrx_word' id='word_1_889' title='bbox 1963 2358 1994 2390; x_wconf 87' lang='lat'>&amp;</span> 
     </span>
     <span class='ocr_line' id='line_1_109' title="bbox 1126 2397 1992 2441; baseline 0.001 -11"><span class='ocrx_word' id='word_1_890' title='bbox 1126 2399 1353 2441; x_wconf 82' lang='lat' dir='ltr'>humanitatem</span> <span class='ocrx_word' id='word_1_891' title='bbox 1375 2408 1467 2440; x_wconf 76' lang='lat' dir='ltr'>quam</span> <span class='ocrx_word' id='word_1_892' title='bbox 1486 2399 1637 2439; x_wconf 69' lang='lat' dir='ltr'>praefert,</span> <span class='ocrx_word' id='word_1_893' title='bbox 1663 2397 1826 2431; x_wconf 73' lang='lat' dir='ltr'>sectantis:</span> <span class='ocrx_word' id='word_1_894' title='bbox 1858 2399 1909 2431; x_wconf 81' lang='lat' dir='ltr'>sed</span> <span class='ocrx_word' id='word_1_895' title='bbox 1928 2408 1992 2431; x_wconf 87' lang='lat' dir='ltr'>ma-</span> 
     </span>
     <span class='ocr_line' id='line_1_110' title="bbox 1125 2441 1994 2482; baseline 0 -10"><span class='ocrx_word' id='word_1_896' title='bbox 1125 2441 1146 2473; x_wconf 87' lang='lat' dir='ltr'>li</span> <span class='ocrx_word' id='word_1_897' title='bbox 1161 2464 1170 2479; x_wconf 91' lang='lat'><strong><em>‚</em></strong></span> <span class='ocrx_word' id='word_1_898' title='bbox 1195 2441 1225 2472; x_wconf 70' lang='grc' dir='ltr'>ὅ(</span> <span class='ocrx_word' id='word_1_899' title='bbox 1242 2451 1278 2471; x_wconf 82' lang='lat' dir='ltr'>ea</span> <span class='ocrx_word' id='word_1_900' title='bbox 1295 2441 1400 2481; x_wconf 79' lang='lat' dir='ltr'>ipecie</span> <span class='ocrx_word' id='word_1_901' title='bbox 1423 2441 1461 2472; x_wconf 84' lang='lat' dir='ltr'>ad</span> <span class='ocrx_word' id='word_1_902' title='bbox 1484 2441 1679 2481; x_wconf 84' lang='lat' dir='ltr'>nequitiam,</span> <span class='ocrx_word' id='word_1_903' title='bbox 1710 2441 1741 2472; x_wconf 89' lang='lat' dir='ltr'>id</span> <span class='ocrx_word' id='word_1_904' title='bbox 1761 2441 1825 2480; x_wconf 85' lang='lat' dir='ltr'>est,</span> <span class='ocrx_word' id='word_1_905' title='bbox 1857 2442 1895 2472; x_wconf 85' lang='lat' dir='ltr'>ad</span> <span class='ocrx_word' id='word_1_906' title='bbox 1914 2441 1994 2482; x_wconf 89' lang='lat' dir='ltr'>rapi·</span> 
     </span>
     <span class='ocr_line' id='line_1_111' title="bbox 1127 2482 1994 2523; baseline 0 -10"><span class='ocrx_word' id='word_1_907' title='bbox 1127 2491 1197 2513; x_wconf 85' lang='lat' dir='ltr'>nam</span> <span class='ocrx_word' id='word_1_908' title='bbox 1222 2490 1318 2522; x_wconf 85' lang='lat' dir='ltr'>atque</span> <span class='ocrx_word' id='word_1_909' title='bbox 1336 2482 1498 2513; x_wconf 84' lang='lat' dir='ltr'>avaritiam</span> <span class='ocrx_word' id='word_1_910' title='bbox 1516 2505 1524 2519; x_wconf 90' lang='lat'>,</span> <span class='ocrx_word' id='word_1_911' title='bbox 1557 2482 1728 2513; x_wconf 78' lang='lat' dir='ltr'>abutentis.</span> <span class='ocrx_word' id='word_1_912' title='bbox 1760 2484 1855 2523; x_wconf 86' lang='lat' dir='ltr'>igitur</span> <span class='ocrx_word' id='word_1_913' title='bbox 1873 2482 1894 2514; x_wconf 87' lang='lat' dir='ltr'>fi</span> <span class='ocrx_word' id='word_1_914' title='bbox 1917 2482 1994 2514; x_wconf 88' lang='lat' dir='ltr'>indi·</span> 
     </span>
     <span class='ocr_line' id='line_1_112' title="bbox 1125 2522 1992 2564; baseline 0 -9"><span class='ocrx_word' id='word_1_915' title='bbox 1125 2533 1198 2564; x_wconf 80' lang='lat' dir='ltr'>geas</span> <span class='ocrx_word' id='word_1_916' title='bbox 1222 2533 1291 2555; x_wconf 87' lang='lat' dir='ltr'>mea</span> <span class='ocrx_word' id='word_1_917' title='bbox 1318 2532 1452 2564; x_wconf 85' lang='lat' dir='ltr'>pecunia</span> <span class='ocrx_word' id='word_1_918' title='bbox 1469 2546 1479 2562; x_wconf 93' lang='lat'>,</span> <span class='ocrx_word' id='word_1_919' title='bbox 1511 2523 1582 2563; x_wconf 89' lang='lat' dir='ltr'>quia</span> <span class='ocrx_word' id='word_1_920' title='bbox 1603 2523 1756 2563; x_wconf 86' lang='lat' dir='ltr'>opprimit</span> <span class='ocrx_word' id='word_1_921' title='bbox 1779 2533 1811 2554; x_wconf 91' lang='lat' dir='ltr'>te</span> <span class='ocrx_word' id='word_1_922' title='bbox 1830 2548 1838 2561; x_wconf 93' lang='lat'>‚</span> <span class='ocrx_word' id='word_1_923' title='bbox 1871 2532 1905 2555; x_wconf 89' lang='lat' dir='ltr'>ut</span> <span class='ocrx_word' id='word_1_924' title='bbox 1930 2522 1992 2561; x_wconf 86' lang='lat' dir='ltr'>fit,</span> 
     </span>
     <span class='ocr_line' id='line_1_113' title="bbox 1127 2563 1995 2604; baseline 0 -8"><span class='ocrx_word' id='word_1_925' title='bbox 1127 2567 1317 2604; x_wconf 86' lang='lat' dir='ltr'>temporaria</span> <span class='ocrx_word' id='word_1_926' title='bbox 1337 2565 1463 2604; x_wconf 84' lang='lat' dir='ltr'>inopia:</span> <span class='ocrx_word' id='word_1_927' title='bbox 1489 2564 1623 2595; x_wconf 77' lang='lat' dir='ltr'>tenebor</span> <span class='ocrx_word' id='word_1_928' title='bbox 1641 2565 1770 2604; x_wconf 89' lang='lat' dir='ltr'>quidem</span> <span class='ocrx_word' id='word_1_929' title='bbox 1795 2565 1860 2604; x_wconf 84' lang='lat' dir='ltr'>ejus</span> <span class='ocrx_word' id='word_1_930' title='bbox 1877 2563 1948 2604; x_wconf 90' lang='lat' dir='ltr'>usu,</span> <span class='ocrx_word' id='word_1_931' title='bbox 1971 2563 1995 2596; x_wconf 84' lang='lat' dir='ltr'><strong>fi</strong></span> 
     </span>
     <span class='ocr_line' id='line_1_114' title="bbox 1126 2604 1995 2647; baseline -0.001 -9"><span class='ocrx_word' id='word_1_932' title='bbox 1126 2606 1256 2647; x_wconf 85' lang='lat' dir='ltr'>posfim,</span> <span class='ocrx_word' id='word_1_933' title='bbox 1280 2605 1454 2637; x_wconf 73' lang='lat' dir='ltr'>necessitati</span> <span class='ocrx_word' id='word_1_934' title='bbox 1473 2613 1534 2636; x_wconf 85' lang='lat' dir='ltr'>tuae</span> <span class='ocrx_word' id='word_1_935' title='bbox 1555 2604 1753 2636; x_wconf 82' lang='lat' dir='ltr'>succurrere:</span> <span class='ocrx_word' id='word_1_936' title='bbox 1777 2604 1909 2636; x_wconf 84' lang='lat' dir='ltr'>sednon</span> <span class='ocrx_word' id='word_1_937' title='bbox 1926 2615 1995 2647; x_wconf 87' lang='lat' dir='ltr'>gra-</span> 
     </span>
     <span class='ocr_line' id='line_1_115' title="bbox 1128 2645 1994 2687; baseline 0 -8"><span class='ocrx_word' id='word_1_938' title='bbox 1128 2649 1187 2687; x_wconf 84' lang='lat' dir='ltr'>tis,</span> <span class='ocrx_word' id='word_1_939' title='bbox 1211 2647 1232 2679; x_wconf 86' lang='lat' dir='ltr'>fi</span> <span class='ocrx_word' id='word_1_940' title='bbox 1249 2657 1312 2678; x_wconf 89' lang='lat' dir='ltr'>non</span> <span class='ocrx_word' id='word_1_941' title='bbox 1331 2648 1414 2678; x_wconf 88' lang='lat' dir='ltr'>aliud</span> <span class='ocrx_word' id='word_1_942' title='bbox 1432 2646 1467 2678; x_wconf 89' lang='lat' dir='ltr'>sit</span> <span class='ocrx_word' id='word_1_943' title='bbox 1485 2647 1572 2686; x_wconf 88' lang='lat' dir='ltr'>quod</span> <span class='ocrx_word' id='word_1_944' title='bbox 1589 2655 1640 2678; x_wconf 89' lang='lat' dir='ltr'>me</span> <span class='ocrx_word' id='word_1_945' title='bbox 1659 2646 1821 2686; x_wconf 81' lang='lat' dir='ltr'>impellat3</span> <span class='ocrx_word' id='word_1_946' title='bbox 1844 2645 1896 2678; x_wconf 85' lang='lat' dir='ltr'>sed</span> <span class='ocrx_word' id='word_1_947' title='bbox 1913 2656 1994 2679; x_wconf 87' lang='lat' dir='ltr'>rner-</span> 
     </span>
     <span class='ocr_line' id='line_1_116' title="bbox 1127 2687 1994 2728; baseline 0 -8"><span class='ocrx_word' id='word_1_948' title='bbox 1127 2690 1218 2720; x_wconf 88' lang='lat' dir='ltr'>cede.</span> <span class='ocrx_word' id='word_1_949' title='bbox 1243 2689 1320 2720; x_wconf 86' lang='lat' dir='ltr'>ficut</span> <span class='ocrx_word' id='word_1_950' title='bbox 1341 2688 1360 2719; x_wconf 93' lang='lat' dir='ltr'>si</span> <span class='ocrx_word' id='word_1_951' title='bbox 1378 2697 1476 2728; x_wconf 85' lang='lat' dir='ltr'>opera</span> <span class='ocrx_word' id='word_1_952' title='bbox 1495 2697 1565 2718; x_wconf 80' lang='lat' dir='ltr'>mea</span> <span class='ocrx_word' id='word_1_953' title='bbox 1584 2688 1634 2718; x_wconf 87' lang='lat' dir='ltr'>vel</span> <span class='ocrx_word' id='word_1_954' title='bbox 1649 2688 1749 2719; x_wconf 90' lang='lat' dir='ltr'>domo</span> <span class='ocrx_word' id='word_1_955' title='bbox 1766 2689 1818 2718; x_wconf 90' lang='lat' dir='ltr'>vel</span> <span class='ocrx_word' id='word_1_956' title='bbox 1841 2687 1928 2719; x_wconf 82' lang='lat' dir='ltr'>simili</span> <span class='ocrx_word' id='word_1_957' title='bbox 1948 2688 1994 2720; x_wconf 89' lang='lat' dir='ltr'>in-</span> 
     </span>
     <span class='ocr_line' id='line_1_117' title="bbox 1128 2729 1995 2772; baseline -0.001 -10"><span class='ocrx_word' id='word_1_958' title='bbox 1128 2731 1257 2772; x_wconf 82' lang='lat' dir='ltr'>digeas:</span> <span class='ocrx_word' id='word_1_959' title='bbox 1290 2730 1358 2761; x_wconf 87' lang='lat' dir='ltr'>vult</span> <span class='ocrx_word' id='word_1_960' title='bbox 1382 2730 1511 2768; x_wconf 88' lang='lat' dir='ltr'>quidem</span> <span class='ocrx_word' id='word_1_961' title='bbox 1537 2729 1684 2760; x_wconf 85' lang='lat' dir='ltr'>humanae</span> <span class='ocrx_word' id='word_1_962' title='bbox 1699 2729 1779 2760; x_wconf 86' lang='lat' dir='ltr'>ratio</span> <span class='ocrx_word' id='word_1_963' title='bbox 1798 2729 1995 2770; x_wconf 65' lang='lat' dir='ltr'>conjunctio-</span> 
     </span>
     <span class='ocr_line' id='line_1_118' title="bbox 1128 2769 1992 2812; baseline -0.001 -9"><span class='ocrx_word' id='word_1_964' title='bbox 1128 2774 1194 2810; x_wconf 87' lang='lat' dir='ltr'>nis,</span> <span class='ocrx_word' id='word_1_965' title='bbox 1212 2780 1246 2803; x_wconf 86' lang='lat' dir='ltr'>ut</span> <span class='ocrx_word' id='word_1_966' title='bbox 1260 2780 1291 2802; x_wconf 92' lang='lat' dir='ltr'>te</span> <span class='ocrx_word' id='word_1_967' title='bbox 1307 2772 1434 2812; x_wconf 84' lang='lat' dir='ltr'>juvem:</span> <span class='ocrx_word' id='word_1_968' title='bbox 1460 2769 1511 2801; x_wconf 89' lang='lat' dir='ltr'>sed</span> <span class='ocrx_word' id='word_1_969' title='bbox 1529 2780 1594 2801; x_wconf 90' lang='lat' dir='ltr'>non</span> <span class='ocrx_word' id='word_1_970' title='bbox 1612 2779 1647 2801; x_wconf 91' lang='lat' dir='ltr'>ut</span> <span class='ocrx_word' id='word_1_971' title='bbox 1664 2770 1728 2801; x_wconf 88' lang='lat' dir='ltr'>hoc</span> <span class='ocrx_word' id='word_1_972' title='bbox 1744 2770 1840 2811; x_wconf 84' lang='lat' dir='ltr'>gratis</span> <span class='ocrx_word' id='word_1_973' title='bbox 1857 2771 1992 2810; x_wconf 84' lang='lat' dir='ltr'>faciam;</span> 
     </span>
     <span class='ocr_line' id='line_1_119' title="bbox 1127 2811 1993 2850; baseline -0.003 -5"><span class='ocrx_word' id='word_1_974' title='bbox 1127 2813 1149 2845; x_wconf 89' lang='lat' dir='ltr'>si</span> <span class='ocrx_word' id='word_1_975' title='bbox 1168 2823 1232 2845; x_wconf 92' lang='lat' dir='ltr'>non</span> <span class='ocrx_word' id='word_1_976' title='bbox 1256 2813 1339 2844; x_wconf 89' lang='lat' dir='ltr'>aliud</span> <span class='ocrx_word' id='word_1_977' title='bbox 1357 2811 1391 2843; x_wconf 79' lang='lat' dir='ltr'>fit</span> <span class='ocrx_word' id='word_1_978' title='bbox 1407 2835 1417 2850; x_wconf 90' lang='lat'>,</span> <span class='ocrx_word' id='word_1_979' title='bbox 1449 2812 1538 2850; x_wconf 83' lang='lat' dir='ltr'>quod</span> <span class='ocrx_word' id='word_1_980' title='bbox 1556 2821 1608 2842; x_wconf 90' lang='lat' dir='ltr'>me</span> <span class='ocrx_word' id='word_1_981' title='bbox 1630 2820 1778 2850; x_wconf 82' lang='lat' dir='ltr'>moveat3</span> <span class='ocrx_word' id='word_1_982' title='bbox 1805 2811 1856 2844; x_wconf 86' lang='lat' dir='ltr'>sed</span> <span class='ocrx_word' id='word_1_983' title='bbox 1873 2821 1993 2844; x_wconf 87' lang='lat' dir='ltr'>merce-</span> 
     </span>
     <span class='ocr_line' id='line_1_120' title="bbox 1127 2853 1993 2895; baseline -0.002 -9"><span class='ocrx_word' id='word_1_984' title='bbox 1127 2856 1178 2886; x_wconf 88' lang='lat' dir='ltr'>de.</span> <span class='ocrx_word' id='word_1_985' title='bbox 1200 2864 1291 2895; x_wconf 84' lang='lat' dir='ltr'>aeque</span> <span class='ocrx_word' id='word_1_986' title='bbox 1314 2854 1398 2885; x_wconf 87' lang='lat' dir='ltr'>enim</span> <span class='ocrx_word' id='word_1_987' title='bbox 1424 2853 1540 2893; x_wconf 86' lang='lat' dir='ltr'>adjuvo</span> <span class='ocrx_word' id='word_1_988' title='bbox 1565 2860 1598 2884; x_wconf 89' lang='lat' dir='ltr'>te</span> <span class='ocrx_word' id='word_1_989' title='bbox 1623 2853 1677 2892; x_wconf 88' lang='lat' dir='ltr'>qui</span> <span class='ocrx_word' id='word_1_990' title='bbox 1695 2861 1788 2893; x_wconf 88' lang='lat' dir='ltr'>potes</span> <span class='ocrx_word' id='word_1_991' title='bbox 1811 2853 1888 2885; x_wconf 85' lang='lat' dir='ltr'>milii</span> <span class='ocrx_word' id='word_1_992' title='bbox 1912 2854 1993 2884; x_wconf 84' lang='lat' dir='ltr'>hanc</span> 
     </span>
     <span class='ocr_line' id='line_1_121' title="bbox 1127 2894 1990 2937; baseline -0.002 -10"><span class='ocrx_word' id='word_1_993' title='bbox 1127 2898 1231 2927; x_wconf 86' lang='lat' dir='ltr'>vicem</span> <span class='ocrx_word' id='word_1_994' title='bbox 1249 2895 1411 2937; x_wconf 81' lang='lat' dir='ltr'>pi·aebere;</span> <span class='ocrx_word' id='word_1_995' title='bbox 1441 2903 1512 2926; x_wconf 86' lang='lat' dir='ltr'>cum</span> <span class='ocrx_word' id='word_1_996' title='bbox 1531 2902 1581 2933; x_wconf 92' lang='lat' dir='ltr'>te,</span> <span class='ocrx_word' id='word_1_997' title='bbox 1611 2894 1847 2925; x_wconf 83' lang='lat' dir='ltr'>interveniente</span> <span class='ocrx_word' id='word_1_998' title='bbox 1871 2904 1990 2925; x_wconf 90' lang='lat' dir='ltr'>merce·</span> 
     </span>
     <span class='ocr_line' id='line_1_122' title="bbox 1127 2935 1991 2978; baseline -0.002 -9"><span class='ocrx_word' id='word_1_999' title='bbox 1127 2938 1188 2977; x_wconf 87' lang='lat' dir='ltr'>de,</span> <span class='ocrx_word' id='word_1_1000' title='bbox 1209 2937 1308 2978; x_wconf 77' lang='lat' dir='ltr'>juvo,</span> <span class='ocrx_word' id='word_1_1001' title='bbox 1330 2945 1366 2967; x_wconf 89' lang='lat' dir='ltr'>ac</span> <span class='ocrx_word' id='word_1_1002' title='bbox 1384 2945 1457 2967; x_wconf 88' lang='lat' dir='ltr'>cum</span> <span class='ocrx_word' id='word_1_1003' title='bbox 1475 2936 1589 2976; x_wconf 79' lang='lat' dir='ltr'>gratis:</span> <span class='ocrx_word' id='word_1_1004' title='bbox 1607 2936 1636 2967; x_wconf 72' lang='grc' dir='ltr'>ἃ</span> <span class='ocrx_word' id='word_1_1005' title='bbox 1655 2944 1844 2976; x_wconf 87' lang='lat' dir='ltr'>quamquam</span> <span class='ocrx_word' id='word_1_1006' title='bbox 1864 2935 1991 2967; x_wconf 83' lang='lat' dir='ltr'>humani</span> 
     </span>
     <span class='ocr_line' id='line_1_123' title="bbox 1125 2976 1991 3019; baseline -0.005 -9"><span class='ocrx_word' id='word_1_1007' title='bbox 1125 2981 1249 3019; x_wconf 84' lang='lat' dir='ltr'>generis</span> <span class='ocrx_word' id='word_1_1008' title='bbox 1266 2977 1398 3009; x_wconf 84' lang='lat' dir='ltr'>societas</span> <span class='ocrx_word' id='word_1_1009' title='bbox 1417 2976 1591 3015; x_wconf 82' lang='lat' dir='ltr'>desiderat,</span> <span class='ocrx_word' id='word_1_1010' title='bbox 1615 2984 1668 3015; x_wconf 90' lang='lat' dir='ltr'>ut,</span> <span class='ocrx_word' id='word_1_1011' title='bbox 1693 2985 1765 3008; x_wconf 89' lang='lat' dir='ltr'>curn</span> <span class='ocrx_word' id='word_1_1012' title='bbox 1784 2976 1916 3016; x_wconf 80' lang='lat' dir='ltr'>poffim,</span> <span class='ocrx_word' id='word_1_1013' title='bbox 1939 2976 1991 3007; x_wconf 86' lang='lat' dir='ltr'>ad-</span> 
     </span>
     <span class='ocr_line' id='line_1_124' title="bbox 1123 3019 1992 3061; baseline -0.002 -10"><span class='ocrx_word' id='word_1_1014' title='bbox 1123 3021 1232 3061; x_wconf 84' lang='lat' dir='ltr'>juvem</span> <span class='ocrx_word' id='word_1_1015' title='bbox 1250 3027 1282 3051; x_wconf 88' lang='lat' dir='ltr'>te</span> <span class='ocrx_word' id='word_1_1016' title='bbox 1302 3019 1497 3060; x_wconf 82' lang='lat' dir='ltr'>indigentem</span> <span class='ocrx_word' id='word_1_1017' title='bbox 1521 3026 1586 3056; x_wconf 92' lang='lat' dir='ltr'>ope</span> <span class='ocrx_word' id='word_1_1018' title='bbox 1606 3027 1694 3050; x_wconf 86' lang='lat' dir='ltr'>mea:</span> <span class='ocrx_word' id='word_1_1019' title='bbox 1726 3026 1791 3048; x_wconf 89' lang='lat' dir='ltr'>non</span> <span class='ocrx_word' id='word_1_1020' title='bbox 1811 3024 1915 3049; x_wconf 86' lang='lat' dir='ltr'>tamen</span> <span class='ocrx_word' id='word_1_1021' title='bbox 1933 3026 1992 3058; x_wconf 86' lang='lat' dir='ltr'>po-</span> 
     </span>
     <span class='ocr_line' id='line_1_125' title="bbox 1126 3057 1990 3101; baseline -0.003 -8"><span class='ocrx_word' id='word_1_1022' title='bbox 1126 3061 1219 3094; x_wconf 83' lang='lat' dir='ltr'>stulat</span> <span class='ocrx_word' id='word_1_1023' title='bbox 1235 3085 1245 3100; x_wconf 96' lang='lat'>,</span> <span class='ocrx_word' id='word_1_1024' title='bbox 1275 3069 1310 3092; x_wconf 91' lang='lat' dir='ltr'>ut</span> <span class='ocrx_word' id='word_1_1025' title='bbox 1334 3061 1366 3091; x_wconf 91' lang='lat' dir='ltr'>id</span> <span class='ocrx_word' id='word_1_1026' title='bbox 1383 3061 1479 3101; x_wconf 82' lang='lat' dir='ltr'>gratis</span> <span class='ocrx_word' id='word_1_1027' title='bbox 1501 3060 1633 3091; x_wconf 82' lang='lat' dir='ltr'>faciam:</span> <span class='ocrx_word' id='word_1_1028' title='bbox 1663 3060 1736 3099; x_wconf 91' lang='lat' dir='ltr'>quia</span> <span class='ocrx_word' id='word_1_1029' title='bbox 1759 3057 1847 3097; x_wconf 89' lang='lat' dir='ltr'>vult,</span> <span class='ocrx_word' id='word_1_1030' title='bbox 1871 3066 1990 3090; x_wconf 87' lang='lat' dir='ltr'>utrum-</span> 
     </span>
     <span class='ocr_line' id='line_1_126' title="bbox 1126 3100 1990 3145; baseline -0.003 -11"><span class='ocrx_word' id='word_1_1031' title='bbox 1126 3112 1189 3143; x_wconf 91' lang='lat' dir='ltr'>que</span> <span class='ocrx_word' id='word_1_1032' title='bbox 1208 3102 1350 3134; x_wconf 85' lang='lat' dir='ltr'>nostruin</span> <span class='ocrx_word' id='word_1_1033' title='bbox 1370 3103 1458 3142; x_wconf 87' lang='lat' dir='ltr'>quod</span> <span class='ocrx_word' id='word_1_1034' title='bbox 1476 3101 1601 3143; x_wconf 84' lang='lat' dir='ltr'>potest,</span> <span class='ocrx_word' id='word_1_1035' title='bbox 1625 3100 1663 3131; x_wconf 87' lang='lat' dir='ltr'>ad</span> <span class='ocrx_word' id='word_1_1036' title='bbox 1682 3107 1853 3145; x_wconf 79' lang='lat' dir='ltr'>commune</span> <span class='ocrx_word' id='word_1_1037' title='bbox 1870 3100 1990 3131; x_wconf 78' lang='lat' dir='ltr'>bonurn</span> 
     </span>
     <span class='ocr_line' id='line_1_127' title="bbox 1127 3141 1987 3184; baseline -0.003 -8"><span class='ocrx_word' id='word_1_1038' title='bbox 1127 3144 1293 3176; x_wconf 90' lang='lat' dir='ltr'>conferre:</span> <span class='ocrx_word' id='word_1_1039' title='bbox 1316 3153 1368 3175; x_wconf 85' lang='lat' dir='ltr'>rne</span> <span class='ocrx_word' id='word_1_1040' title='bbox 1396 3144 1490 3184; x_wconf 86' lang='lat' dir='ltr'>igitui-</span> <span class='ocrx_word' id='word_1_1041' title='bbox 1515 3143 1601 3173; x_wconf 83' lang='lat' dir='ltr'>usum</span> <span class='ocrx_word' id='word_1_1042' title='bbox 1621 3141 1712 3172; x_wconf 80' lang='lat' dir='ltr'>sortis</span> <span class='ocrx_word' id='word_1_1043' title='bbox 1737 3149 1838 3180; x_wconf 81' lang='lat' dir='ltr'>meae3</span> <span class='ocrx_word' id='word_1_1044' title='bbox 1864 3149 1895 3173; x_wconf 85' lang='lat' dir='ltr'>te</span> <span class='ocrx_word' id='word_1_1045' title='bbox 1911 3149 1987 3173; x_wconf 81' lang='lat' dir='ltr'>vero</span> 
     </span>
     <span class='ocr_line' id='line_1_128' title="bbox 1127 3183 1666 3225; baseline -0.009 -8"><span class='ocrx_word' id='word_1_1046' title='bbox 1127 3185 1269 3224; x_wconf 86' lang='lat' dir='ltr'>usuram,</span> <span class='ocrx_word' id='word_1_1047' title='bbox 1292 3186 1324 3217; x_wconf 88' lang='lat' dir='ltr'>id</span> <span class='ocrx_word' id='word_1_1048' title='bbox 1341 3184 1408 3223; x_wconf 85' lang='lat' dir='ltr'>est,</span> <span class='ocrx_word' id='word_1_1049' title='bbox 1433 3184 1501 3216; x_wconf 88' lang='lat' dir='ltr'>usus</span> <span class='ocrx_word' id='word_1_1050' title='bbox 1516 3183 1666 3225; x_wconf 87' lang='lat' dir='ltr'>pretium.</span> 
     </span>
    </p>

    <p class='ocr_par' dir='ltr' id='par_1_16' title="bbox 1165 3220 1988 3267">
     <span class='ocr_line' id='line_1_129' title="bbox 1165 3220 1988 3267; baseline -0.009 -7"><span class='ocrx_word' id='word_1_1051' title='bbox 1165 3226 1240 3260; x_wconf 92' lang='lat' dir='ltr'>Nec</span> <span class='ocrx_word' id='word_1_1052' title='bbox 1266 3235 1371 3259; x_wconf 84' lang='lat' dir='ltr'>tamen</span> <span class='ocrx_word' id='word_1_1053' title='bbox 1395 3227 1530 3267; x_wconf 86' lang='lat' dir='ltr'>ignoro,</span> <span class='ocrx_word' id='word_1_1054' title='bbox 1561 3223 1623 3256; x_wconf 81' lang='lat' dir='ltr'>effe</span> <span class='ocrx_word' id='word_1_1055' title='bbox 1638 3230 1709 3264; x_wconf 86' lang='lat' dir='ltr'>quae</span> <span class='ocrx_word' id='word_1_1056' title='bbox 1730 3223 1840 3257; x_wconf 86' lang='lat' dir='ltr'>amicis</span> <span class='ocrx_word' id='word_1_1057' title='bbox 1856 3229 1910 3254; x_wconf 88' lang='lat' dir='ltr'>aut</span> <span class='ocrx_word' id='word_1_1058' title='bbox 1925 3220 1988 3267; x_wconf 79' lang='lat' dir='ltr'>affi-</span> 
     </span>
    </p>

    <p class='ocr_par' dir='ltr' id='par_1_17' title="bbox 1944 3271 1988 3294">
     <span class='ocr_line' id='line_1_130' title="bbox 1944 3271 1988 3294; baseline -0.023 0"><span class='ocrx_word' id='word_1_1059' title='bbox 1944 3271 1988 3294; x_wconf 88' lang='lat' dir='ltr'>ni-</span> 
     </span>
    </p>
   </div>
  </div>
 </body>
</html>
