2036 3495
489 75 558 111 Di:
595 75 803 110 Pieris*
839 85 901 109 ET
941 75 1504 111 TRANSACTIONIBUS.

94 165 257 210 formulam
284 163 527 206 hypothecariam,
550 171 704 195 caeterum
727 163 769 194 ait
788 161 868 203 Imp.
891 162 981 202 Justi-

103 211 212 242 nianus
228 209 254 237 d.
272 205 301 247 §.
321 216 358 245 7,
383 206 412 236 in
432 206 519 245 aliis,
543 207 574 238 id
589 204 656 244 est,
671 206 702 236 in
723 205 850 236 actione
870 206 980 245 pigne-

105 250 227 286 tantia,
251 256 321 288 quae
341 245 432 289 estin
453 247 615 288 personam
627 269 636 284 ‚
660 247 743 277 inter
759 245 828 276 haec
843 245 906 277 effe
922 245 981 277 dif-

105 291 286 323 ferentiam.
317 286 414 327 Dixi,
432 289 507 328 quid
525 289 602 320 velit
621 287 734 318 Paulus
752 291 780 317 d.
799 288 818 317 i.
841 296 887 327 ¹7-
904 287 930 328 ᾗ.
953 297 981 319 2.

106 333 150 364 D.
167 334 199 363 de
210 330 321 372 pactis,
348 329 394 359 De
407 331 543 370 pignore,
563 330 727 369 inquiens,
746 328 816 370 jure
833 328 980 360 honorario

107 374 237 409 nascitur
253 370 337 412 pauo
356 369 441 402 aaa.

148 413 338 453 Exipettas,
354 412 447 452 quale
461 412 513 449 fit,
530 411 617 452 quod
633 410 773 451 subjicit,
791 410 916 442 Tollitur
929 421 981 442 au-

110 462 165 487 tem
187 464 239 497 per
259 456 467 493 exceptionem,
489 454 618 494 quotiens
638 456 782 493 paciscor,
808 453 857 484 Ne
870 458 978 493 petam.

107 497 162 529 Est
189 506 265 528 vcro
287 496 318 526 'in
336 494 396 524 hac
413 503 501 533 parte
518 493 644 535 infignis
660 494 838 526 difficultas.
873 503 943 525 nam
960 493 981 525 si

110 539 296 578 hypotheca
312 535 397 566 nudo
412 536 505 574 pacto
515 535 717 567 constituitur
727 546 766 567 ex
777 534 892 566 Edicto
903 535 982 566 Prae-

111 575 210 611 toris:
234 578 309 618 quid
327 577 356 607 ni
377 577 499 607 tollitur
517 576 609 616 pacto
625 577 740 609 nudo?
763 586 836 608 cum
854 576 980 616 praeser-

111 623 167 652 tim
185 629 257 651 ante
276 617 377 648 Editti
403 616 681 650 confirmationem
698 628 764 650 non
782 619 884 649 minus
902 618 981 649 Prae·

112 663 214 699 torio,
231 668 324 700 quam
341 657 435 690 Civili
453 659 526 698 jure
543 661 774 701 negligeretur:
791 660 860 699 post
875 668 981 691 autem

112 700 395 738 utPi-aetoriojure
411 702 549 738 valeret3
566 710 630 732 non
647 702 768 732 idcirco
778 702 903 741 accepit
918 700 981 732 for-

111 754 194 776 mam
210 743 288 782 juris
301 740 424 773 Civilis.
448 743 584 782 proinde
598 742 619 773 fi
634 741 688 773 fiat
703 743 827 783 pactum
840 766 848 780 ,
866 741 910 773 Ut
928 742 983 782 hy-

112 785 251 827 potheca
269 782 303 814 sit
318 794 325 814 :
342 792 359 813 a
374 781 515 814 Praetore
531 783 696 815 sustinetur
712 785 841 815 vinculo
857 784 971 823 aequita

114 828 163 859 tis.
188 826 287 857 rursus
304 824 324 856 si
339 823 392 855 fiat
403 825 546 864 pactum,
561 824 612 856 Ne
623 825 809 866 hypotheca
824 824 879 856 sit:
896 824 984 865 quod

111 867 176 900 suit
199 867 359 898 vinculum
383 867 541 905 aequitatis
559 890 568 906 ,
598 867 760 898 couti-ario
784 866 898 906 pacto,
922 866 985 896 hoc

114 910 178 947 est,
203 908 360 940 contraria
375 909 526 947 aequitate
542 917 557 938 a
576 907 717 939 Praetore
734 908 919 939 dissolvitur.
944 907 986 936 ita

114 953 198 992 perit
216 949 283 989 ipso
302 949 370 988 jure
394 957 459 988 quo
484 950 662 989 colligatur.
708 948 784 981 Hoc
800 950 910 980 credes
924 947 987 978 fide

114 1002 203 1024 mea:
228 991 269 1022 sin
287 992 410 1028 minus3
434 990 603 1029 spondebit
620 1000 679 1031 pro
696 1000 747 1022 me
765 989 947 1021 Marcianus
965 989 985 1019 l.

114 1045 145 1074 5.
173 1034 213 1064 1).
239 1032 355 1074 Quibus
379 1035 467 1061 modis
486 1034 595 1073 pignus
617 1032 664 1062 vel
685 1033 838 1072 hypotheca
846 1031 987 1070 solvitur.

120 1076 174 1106 Ait
192 1076 237 1112 is,
261 1075 393 1105 Solvitur
413 1074 584 1113 hypotheca,
608 1072 645 1107 ὃ)
658 1072 687 1111 fi
705 1076 739 1104 ab
761 1083 793 1103 ea
814 1073 985 1112 discedatur.

117 1114 282 1158 Significat
299 1124 394 1152 vero,
418 1113 646 1154 Hypothecam
669 1114 737 1154 ipso
754 1115 822 1154 jure
838 1112 919 1144 finiri
936 1121 986 1152 pa-

119 1158 192 1196 ξὶο,
216 1156 268 1188 Ne
286 1166 334 1186 res
350 1155 543 1196 hypothecae
561 1156 606 1187 sit.
637 1156 668 1187 id
688 1156 772 1186 enim
790 1156 901 1186 volunt
919 1163 987 1184 ver-

118 1201 175 1237 ba,
192 1196 269 1235 Etfi
285 1198 319 1228 ab
330 1206 362 1228 ea
373 1197 545 1235 discedatur.
572 1197 738 1228 Marciano
755 1196 867 1227 addam
884 1195 984 1234 impp.

117 1240 359 1272 Diocletianum
380 1238 409 1268 ἀ
425 1237 658 1268 Maximianum
683 1237 701 1269 l.
716 1248 764 1278 23.
783 1237 815 1267 C.
841 1237 874 1267 cle
886 1238 986 1276 pigno-

117 1283 194 1313 ribus
211 1280 334 1310 cuidam
353 1278 592 1310 Macedoniano
607 1280 649 1309 ita
666 1277 883 1309 rescribentes.
915 1276 986 1307 Ma-

115 1324 164 1365 jor
186 1322 271 1352 amitis
290 1321 400 1362 viginti
420 1322 546 1361 quinque
560 1322 592 1360 pz'
613 1321 690 1351 noris
710 1321 925 1351 conventionem
947 1326 988 1348 re·

122 1362 251 1403 ruiffum,
275 1371 339 1392 cum
362 1361 412 1392 hoc
432 1362 523 1399 solum
543 1363 597 1401 pac
611 1371 680 1400 um,
703 1361 750 1393 vel
766 1359 932 1402 jurisdic'tio
944 1359 987 1396 se·

122 1406 249 1436 cundum
265 1401 352 1443 ipfius
378 1402 556 1434 voluntatem
574 1408 706 1441 tueatur,
728 1403 856 1443 persequi
871 1410 928 1432 non
943 1406 988 1440 po-

120 1444 183 1487 test.
221 1445 452 1484 Imperatorum
471 1443 590 1475 sensum
608 1443 757 1475 confudit
774 1441 988 1482 interpuncuo

122 1487 193 1530 post
216 1486 332 1524 verba,
354 1494 419 1516 cum
441 1486 490 1516 hoc
501 1486 598 1526 solum
616 1485 743 1526 pacium.
773 1484 917 1526 profecta
940 1483 991 1529 illa

121 1539 138 1561 a
167 1528 312 1568 sequiore
332 1527 494 1558 intellectu
518 1528 698 1568 particulae,
722 1526 786 1564 vel,
809 1526 930 1557 ibidem
948 1525 991 1571 se-

119 1570 256 1611 quentis.
290 1568 383 1599 deleo
402 1567 431 1599 ἃ
449 1569 532 1610 lego.
570 1568 672 1609 Major
684 1570 768 1599 annis
786 1567 895 1609 viginti
910 1575 993 1607 quin-

123 1621 179 1654 que
191 1611 322 1651 pignoris
338 1611 551 1640 conventionem
573 1609 732 1650 remiffiim,
756 1619 820 1640 cum
837 1609 887 1639 hoc
896 1607 993 1646 solum

121 1652 235 1695 pastum
250 1652 297 1682 vei
305 1650 471 1692 jurisdictio
476 1651 637 1688 fhcurzdum
651 1649 738 1691 ipfius
752 1650 929 1681 ‘voluntatem
947 1655 993 1679 tu-

123 1700 228 1731 eatur,
254 1692 385 1733 persequi
406 1701 463 1722 non
482 1691 582 1732 potest.
624 1692 736 1724 Sensus
761 1690 993 1732 Imperatorum

125 1735 188 1768 est:
212 1734 319 1773 Major
344 1733 453 1773 viginti
473 1734 616 1773 quinque
639 1734 726 1766 annis
749 1741 813 1764 non
837 1731 942 1772 potest
963 1741 993 1762 a·

122 1777 229 1808 Ctione
241 1773 472 1816 hypothecaria
489 1773 629 1815 persequi
646 1775 759 1816 pignus
777 1775 862 1814 quod
874 1774 902 1805 ei
918 1782 993 1805 con-

123 1818 280 1849 ventione
304 1814 365 1846 fuit
386 1815 581 1856 obligatum:
605 1816 772 1857 postquam
790 1817 821 1847 id
838 1817 996 1848 contraria

125 1858 345 1891 conventione
362 1856 497 1888 remisit:
521 1866 690 1897 propterea
706 1857 793 1898 quod
809 1856 860 1887 vel
874 1856 996 1902 jurisdi-

126 1901 191 1932 ctio
210 1901 271 1939 (ita
288 1898 358 1937 hic,
384 1906 417 1929 ut
432 1898 538 1939 passim
554 1899 730 1939 appellatur
753 1898 899 1930 Praetoris
920 1897 994 1928 Edi-

127 1941 232 1981 cium)
250 1940 314 1971 hoc
330 1939 429 1971 solum
446 1942 589 1980 pactum,
609 1940 778 1972 secundum
796 1938 887 1980 ipfius
900 1939 996 1979 majo-

125 1984 167 2015 ris
185 1982 382 2013 voluntatem
394 2004 403 2019 ,
429 1989 546 2013 tuetur.
576 1981 629 2013 Sic
645 1981 873 2022 Imperatores:
898 1981 929 2011 id
946 1989 998 2011 au—

126 2033 190 2056 tem
209 2023 284 2064 quid
301 2022 424 2054 efficit?
446 2022 517 2061 nisi,
542 2032 576 2054 ut
590 2032 754 2063 putemus,
775 2023 950 2054 Praetorem
966 2022 998 2053 in

127 2065 242 2098 Edicto
259 2072 327 2095 eam
345 2063 537 2104 hypothecae
554 2064 671 2096 dedisse
688 2064 841 2096 formam:
860 2063 997 2104 urpacto

127 2107 214 2145 solo,
231 2105 294 2137 five
311 2109 416 2143 nudO‚
434 2106 462 2136 dt
479 2105 622 2137 nascatur
637 2106 666 2138 &
685 2113 804 2145 pereat.
829 2106 871 2136 ita
891 2103 997 2145 profe-

129 2149 181 2180 tto
199 2147 260 2180 est:
285 2146 498 2186 Imperatores
523 2148 653 2186 volunt,
676 2146 894 2188 hypothecam
911 2146 997 2177 nudo

131 2189 223 2229 ρειᾶο
240 2198 303 2219 tam
320 2188 406 2225 tolli,
424 2197 518 2227 quam
532 2188 691 2220 constitui.
707 2190 736 2220 ἃ
753 2188 834 2219 hanc
849 2186 999 2219 adferunt

131 2231 286 2261 rationem
303 2229 475 2268 optimam:
492 2238 589 2270 quum
607 2231 657 2262 vel
675 2229 852 2271 jurisdictio
871 2230 933 2260 hoc
951 2227 998 2259 so-

134 2272 198 2303 lum
215 2270 339 2310 paetum
361 2277 504 2309 tueatur,
529 2271 560 2302 id
577 2271 640 2310 est,
665 2272 739 2312 quia
764 2279 826 2302 tam
851 2270 999 2302 Praetoris

133 2312 298 2349 Edictum,
314 2321 406 2349 quam
424 2312 573 2343 naturalis
589 2313 718 2353 :equitas
730 2313 855 2352 adjuvat
874 2312 938 2343 hoc
955 2311 1000 2342 so-

133 2355 217 2390 lum,
234 2352 296 2384 live
314 2352 377 2382 hoc
393 2353 509 2384 nudum
525 2353 665 2393 pactum:
682 2354 847 2385 locutione
861 2362 925 2384 non
943 2354 1002 2384 dis·

134 2394 221 2427 simili
236 2394 308 2424 huic
325 2393 481 2425 Valeriani
498 2393 672 2426 &Gallieni
689 2395 707 2425 l.
725 2405 753 2436 3.
771 2395 804 2425 C.
820 2396 852 2425 de
870 2392 1002 2434 testibus,

136 2435 237 2467 Etiam
247 2436 312 2476 jure
323 2435 402 2465 civili
411 2433 552 2475 domestici
562 2434 713 2477 testimonii
723 2436 798 2476 fides
814 2437 1001 2476 improbatur.

135 2476 189 2507 Est
216 2476 433 2514 manifestum,
457 2477 545 2516 quod
568 2480 659 2516 uico,
678 2476 729 2509 sed
747 2477 808 2509 erit
825 2477 928 2508 adhuc
942 2486 1006 2508 ma-

140 2516 300 2549 nifestius:
325 2518 595 2558 intelligentibus,
618 2519 784 2557 voculam,
806 2519 869 2557 vel,
894 2519 924 2549 in
942 2520 970 2549 d.
987 2518 1006 2548 l.

144 2566 190 2596 23.
222 2557 298 2589 sumi
320 2567 398 2596 pro,
418 2560 503 2590 etiam
518 2582 528 2598 ,
552 2568 604 2591 aut
629 2560 735 2597 simili,
760 2561 790 2592 <St
813 2561 1008 2601 praecipuum

147 2598 293 2633 quiddam
318 2598 507 2639 significare:
532 2609 566 2632 ut
590 2602 656 2633 inl.
678 2611 703 2633 1.
723 2601 765 2633 D.
789 2603 821 2632 de
840 2602 1009 2642 pignoribus

146 2637 182 2670 ἐξ
200 2639 371 2677 hypothecis,
394 2640 412 2670 i.
430 2650 480 2681 43.
500 2641 539 2673 D.
557 2641 683 2674 Familiae
699 2643 882 2683 erciscundoe‚
908 2644 937 2673 ἃ
956 2642 1007 2673 ali-

145 2678 177 2708 bi
194 2677 292 2722 saepe3
314 2680 345 2710 in
364 2681 468 2719 primis
485 2682 514 2712 in
531 2683 586 2714 illo
602 2682 767 2722 Terentii,
791 2684 910 2715 Andria
927 2693 956 2723 3.
976 2692 1004 2714 2.

147 2721 220 2764 vers.
236 2727 273 2756 9,
292 2716 344 2750 Vei
359 2721 408 2765 hoc
423 2723 486 2760 quis
501 2732 557 2754 non
571 2726 683 2763 credat,
707 2726 757 2766 qui
773 2726 850 2756 norit
871 2731 895 2755 te
914 2726 962 2755 ahs
981 2730 1007 2754 te

147 2760 199 2799 este
217 2764 319 2790 ortum.
345 2759 407 2791 Ubi
424 2761 464 2793 fic
475 2770 565 2794 notat
574 2764 740 2797 Donatus:
758 2766 813 2798 Vel
830 2767 928 2797 modo
944 2774 1009 2796 non

147 2800 192 2831 cst
215 2800 398 2846 disjunctiva
416 2804 613 2842 conjunctio,
637 2806 689 2837 sed
707 2816 765 2846 pro
782 2808 877 2839 etiam
893 2805 1009 2848 posita:

147 2850 182 2872 ut
202 2843 283 2881 apud
305 2841 478 2882 Virgilium.
520 2844 573 2875 Vei
591 2846 706 2878 Priamo
722 2849 881 2885 mifieranda
895 2857 1008 2879 manus.

91 2905 98 2909 .
148 2882 210 2920 Et,
235 2882 372 2913 Carmina
388 2883 433 2913 vel
448 2884 511 2915 coelo
525 2885 636 2924 poffunt
652 2890 781 2919 deducere
800 2891 909 2920 lunam.
949 2889 1010 2919 Sed

148 2925 268 2963 liquet,
285 2923 502 2964 hypothecam
519 2925 584 2964 ipso
598 2929 665 2967 jure
681 2929 770 2969 tolli;
788 2930 808 2962 fi
823 2930 858 2962 fit
874 2930 1011 2971 pactum,

147 2964 201 2997 Ne
218 2965 402 3005 hypotheca
420 2973 553 3004 petatur.

191 3004 257 3037 Nili
283 3006 432 3037 reclamat
455 3006 634 3040 Marcianus
651 3009 670 3039 l.
690 3013 716 3042 8.
735 3009 762 3051 §.
782 3021 810 3042 2.
829 3012 871 3042 D.
897 3012 1013 3054 Quibus

152 3048 239 3079 modis
250 3048 357 3087 pignus
374 3049 420 3077 vei
429 3048 582 3088 hypotheca
594 3050 726 3087 solvitur.
755 3051 857 3083 Verba
875 3053 1012 3084 Marcia-

150 3090 192 3119 ni.
231 3088 263 3118 Sz·
275 3095 445 3128 procurator
455 3091 585 3119 debitoris
601 3091 632 3121 in
646 3092 798 3130 remsuam
807 3092 847 3130 fit
858 3116 867 3130 ,
890 3104 947 3124 non
956 3101 1013 3135 pu-

152 3136 179 3160 zo
198 3131 326 3160 dubitari
340 3132 450 3167 dehere,
473 3131 544 3171 quin
554 3131 672 3171 pactam
690 3141 787 3163 noceat
802 3136 942 3165 creditori.
986 3135 1013 3166 I-

148 3175 256 3212 temque
263 3170 293 3210 fi
301 3182 318 3203 a
327 3178 412 3213 parte
426 3174 570 3203 creditoris
576 3180 745 3213 procurator
757 3175 788 3206 in
803 3184 859 3207 rem
866 3178 955 3217 suam
968 3186 1016 3209 ex-

1831 85 1901 120 429

1025 164 1118 194 citerit
1137 181 1146 201 ,
1168 162 1335 204 paciscendo
1351 165 1483 196 inutilem
1495 162 1552 202 fitz·
1560 164 1655 205 faciet
1671 163 1900 204 hypothecariam

1024 204 1175 236 actionem.
1201 206 1232 235 in
1250 212 1385 245 tantum,
1407 213 1440 237 ut
1453 212 1554 247 putem
1570 204 1642 236 riae
1657 206 1731 244 dici,
1755 205 1791 240 &³
1808 208 1899 236 domi-

1023 247 1070 276 nis
1087 247 1147 276 litis
1162 247 1212 277 hoc
1229 253 1297 287 casu
1314 257 1410 278 nocere
1425 248 1499 279 hanc
1513 248 1712 287 exceptionem.
1758 246 1897 287 Marcia-

1023 296 1081 318 nus
1098 288 1242 320 meminit
1259 290 1447 329 exceptionis‚·
1465 298 1536 321 cum
1553 288 1665 320 tractet
1680 288 1804 329 pastum
1816 312 1825 327 ‚
1844 288 1898 320 Ne

1025 329 1149 369 pignori
1166 329 1404 370 hypOthccaeve
1421 330 1456 362 fit
1470 341 1536 362 res:
1554 338 1639 361 utex
1654 330 1896 370 comparatione

1023 369 1052 411 §.
1078 379 1103 400 1.
1118 371 1147 400 d.
1168 371 1186 401 l.
1207 375 1235 405 8.
1259 371 1456 412 intelligitur.
1500 373 1542 404 At
1560 380 1633 403 cum
1648 372 1679 402 in
1702 371 1897 403 antecessum

1024 410 1306 444 demonstraverim
1322 436 1332 451 ,
1356 413 1555 444 Marcianum
1571 413 1591 443 l.
1609 424 1639 452 5.
1659 412 1700 444 D.
1718 414 1775 444 eod.
1793 414 1837 444 tit.
1860 412 1896 444 fi-

1023 461 1064 483 ne
1082 453 1217 484 circuitu
1236 455 1362 493 dicere,
1386 454 1617 496 Hypothecam
1641 453 1737 493 solvi,
1763 453 1783 486 fi
1802 454 1840 485 ab
1859 463 1897 485 ea

1024 493 1219 526 discedatur:
1243 504 1308 526 non
1333 496 1410 527 mihi
1436 498 1609 536 permitto3
1634 505 1673 526 ne
1698 505 1825 536 putem,
1849 505 1898 527 ex-

1024 536 1176 575 ceptionem
1192 536 1234 566 illi
1247 536 1278 567 in
1296 538 1323 568 d.
1341 537 1371 578 §.
1387 547 1414 569 2.
1432 538 1450 568 l.
1467 542 1496 571 8.
1521 546 1585 568 non
1596 536 1772 577 significare
1787 546 1898 577 quam·

1025 577 1097 607 dam
1113 576 1330 618 exclufionem
1348 578 1479 610 actionis
1492 578 1690 618 summojure
1707 586 1898 618 competen-

1026 619 1085 656 tis,
1102 626 1135 648 ut
1153 619 1308 659 accipitur
1323 620 1342 651 l.
1365 629 1392 651 2.
1415 619 1455 650 D.
1472 621 1507 651 de
1523 621 1750 660 exceptionibus.-
1775 620 1826 651 sed
1845 629 1898 659 pa-

1025 658 1175 691 ctionem.
1208 661 1376 700 quomodo
1393 662 1520 702 excipere
1540 670 1599 701 pro
1616 660 1748 701 pacisci,
1773 662 1800 691 ἃ
1818 670 1899 691 exce-

1022 701 1084 740 ptio
1108 710 1167 741 pro
1193 701 1340 741 pactione
1359 701 1486 734 sumitur
1504 703 1524 734 i.
1545 712 1594 744 32.
1616 702 1658 733 D.
1677 703 1710 732 de
1727 701 1896 742 usufructu.

1025 742 1046 772 ι.
1073 751 1121 780 24.
1146 742 1188 773 D.
1214 744 1247 773 de
1273 743 1433 775 actionibus
1457 745 1551 784 empti.
1576 744 1611 777 ὅ)
1628 744 1648 774 l.
1667 752 1694 783 7.
1712 743 1740 784 §.
1757 747 1786 774 6.
1806 743 1848 774 D.
1866 744 1900 774 de

1020 781 1129 822 pastis.
1175 782 1227 813 Sic
1243 784 1273 814 in
1291 785 1404 824 patio,
1430 785 1483 818 Ne
1500 785 1684 827 hyporheca
1701 793 1838 825 petatur.

1067 821 1153 864 Quid
1165 847 1174 861 ‚
1190 823 1211 854 fi
1227 823 1282 862 fit,
1300 825 1352 857 Ne
1369 827 1511 858 debitum
1528 826 1679 866 petatur?
1696 827 1812 857 eodem
1830 834 1901 866 per-

1027 864 1074 904 git
1092 864 1194 895 edicti
1213 867 1355 904 aequitas.
1385 867 1458 899 Nec
1473 868 1607 900 defuere
1625 877 1748 906 tamen,
1764 868 1900 908 opinor,

1029 905 1144 945 quibus
1156 906 1296 944 sederet,
1309 908 1526 948 hypothecam
1539 910 1602 941 hoc
1612 909 1682 941 casu
1695 910 1828 941 liberare
1847 917 1905 948 per

1031 947 1271 986 exceptionem.
1290 952 1341 979 vix
1359 958 1489 990 quoque
1505 951 1637 990 dubito;
1657 951 1731 992 quin
1750 950 1819 981 haec
1837 950 1905 981 sen·

1032 989 1151 1025 tentia,
1175 995 1209 1018 ut
1237 990 1353 1027 tutior,
1378 999 1474 1031 magis
1492 992 1685 1024 obtinuerit:
1709 991 1903 1032 sapientibus

1031 1031 1062 1060 in
1084 1029 1149 1068 iure
1167 1031 1273 1069 potius
1291 1038 1376 1069 tuta,
1400 1041 1494 1072 quam
1512 1043 1585 1064 vera
1601 1033 1798 1065 sectantibus.
1836 1032 1904 1064 De·-

1030 1070 1165 1101 siderant
1189 1080 1277 1102 certe
1304 1070 1388 1102 hanc
1411 1073 1642 1113 expositionem
1660 1075 1825 1115 complura
1842 1074 1907 1106 Ve-

1032 1119 1134 1142 terum
1152 1111 1224 1142 loca
1237 1112 1274 1143 ad
1294 1112 1357 1143 hoc
1370 1123 1423 1145 aut
1441 1115 1537 1146 simile
1554 1117 1677 1155 pactum
1695 1117 1904 1156 pertinentia:

1035 1162 1128 1192 quie,
1153 1162 1187 1183 ut
1204 1162 1252 1184 res
1271 1163 1429 1192 meretur,
1453 1157 1624 1196 explicabo
1643 1158 1750 1188 omnia
1766 1159 1906 1188 invicem

1031 1193 1061 1224 se
1076 1194 1229 1233 adjutura.
1261 1195 1385 1227 initium
1404 1195 1518 1228 faciam
1543 1206 1560 1228 a
1584 1199 1612 1228 d.
1628 1198 1647 1228 i.
1664 1208 1699 1237 5:
1726 1198 1756 1229 in
1781 1207 1841 1236 qua
1865 1197 1907 1229 sse

1031 1235 1074 1265 ait
1091 1234 1291 1268 Marcianus:
1317 1237 1450 1268 Solvitur
1472 1239 1646 1279 hypotheca,
1670 1237 1744 1276 &fi
1760 1240 1795 1269 ab
1810 1248 1843 1270 ea
1859 1241 1905 1269 di-

1022 1277 1180 1316 scedatur,
1204 1283 1258 1307 aut
1274 1278 1439 1318 paciscatur
1464 1281 1602 1318 creditor,
1627 1289 1661 1310 ne
1681 1280 1837 1320 pecuniam
1859 1286 1906 1318 pe-

1031 1323 1085 1348 tat.
1110 1316 1165 1355 nz'fi
1181 1317 1248 1360 [fi]
1266 1320 1329 1360 quis
1346 1321 1424 1351 dicat
1440 1320 1557 1361 pactum
1573 1320 1770 1362 interpositum
1786 1320 1856 1361 effe,
1872 1328 1907 1352 ut

1031 1369 1050 1389 a
1065 1362 1184 1397 persona
1201 1370 1258 1390 non
1268 1366 1395 1401 petatur.
1414 1361 1450 1396 &³
1466 1364 1536 1403 quid
1549 1361 1576 1400 si
1592 1363 1642 1393 hoc
1658 1362 1755 1394 ahiam
1765 1361 1825 1401 fit,
1842 1372 1910 1394 cum

1024 1400 1106 1440 forte
1133 1402 1209 1431 alius
1232 1402 1415 1442 hypothecam
1435 1403 1582 1444 poffidehit
1599 1404 1615 1436 ‚9
1625 1404 1679 1444 sed
1702 1414 1768 1435 cum
1787 1403 1909 1444 pactum

1033 1447 1206 1472 conventum
1221 1445 1410 1482 exceptionem
1418 1451 1584 1485 perpetuam
1593 1447 1696 1485 pariat
1707 1447 1820 1484 ‚eadem
1837 1444 1911 1487 [ἐξ]

1033 1484 1065 1513 in
1083 1483 1132 1513 hoc
1147 1484 1214 1521 casu
1228 1484 1342 1524 poffunt
1357 1487 1432 1523 dici,
1456 1491 1489 1516 ut
1506 1486 1543 1520 ὅ)
1559 1488 1594 1517 ab
1610 1487 1764 1527 hypotheca
1782 1488 1910 1525 disceda-

1036 1531 1095 1554 tur.
1141 1524 1282 1556 Primum
1301 1527 1343 1556 ait
1359 1525 1562 1566 Marcianus,
1586 1528 1717 1559 Solvitur
1734 1528 1909 1568 hypotheca,

1035 1565 1072 1599 ὅ)
1080 1564 1109 1603 fi
1124 1567 1159 1596 ab
1174 1575 1207 1597 ea
1222 1568 1400 1606 discedatur,
1417 1573 1470 1599 aut
1479 1569 1646 1609 paciscatur
1659 1569 1798 1606 creditor,
1814 1578 1850 1599 ne
1860 1575 1912 1610 pe-

1035 1608 1153 1638 cuniam
1173 1613 1264 1648 petat.
1311 1608 1424 1640 Sensus
1449 1610 1653 1649 manifestus,
1676 1609 1912 1650 Hypothecam

1035 1647 1104 1688 ipso
1128 1649 1197 1688 jtire
1221 1649 1319 1689 solvi3
1345 1651 1493 1683 debitore
1511 1652 1710 1693 paciscente,
1732 1650 1786 1683 Ne
1804 1651 1913 1693 hypo-

1037 1690 1132 1721 theca
1158 1689 1211 1722 fit:
1236 1691 1385 1732 idemque
1413 1692 1495 1732 effe,
1517 1693 1540 1725 fi
1556 1693 1697 1725 creditor
1712 1691 1910 1733 paciscatur,

1036 1730 1089 1763 Ne
1105 1733 1292 1772 pecuniam,
1308 1734 1341 1765 id
1358 1733 1420 1773 est,
1436 1744 1477 1766 ne
1494 1735 1637 1767 debitum
1653 1742 1753 1776 petat.
1779 1733 1911 1767 Deinde

1037 1774 1081 1816 ait
1104 1772 1306 1817 Marcianus,
1330 1774 1401 1813 Nifi
1415 1775 1445 1814 fi
1458 1777 1524 1818 quis
1539 1778 1615 1808 dicat
1626 1775 1747 1818 pastum
1762 1774 1915 1817 interposi-

1039 1820 1103 1845 tum
1118 1814 1188 1854 este,
1210 1821 1245 1846 ut
1259 1826 1277 1846 a
1290 1817 1410 1857 persona
1425 1827 1482 1849 non
1496 1824 1626 1858 petatur.
1658 1817 1841 1850 Marcianus
1859 1818 1915 1849 hic

1039 1865 1150 1887 movet
1167 1855 1387 1890 difficultatem
1403 1859 1549 1891 adversus
1565 1860 1597 1892 id
1616 1861 1704 1901 quod
1719 1859 1807 1891 dixit.
1833 1868 1914 1892 con-

1038 1896 1114 1928 sistit
1138 1906 1216 1928 vero
1240 1898 1409 1931 difficultas
1425 1901 1509 1932 circa
1525 1901 1681 1941 posterius
1698 1901 1841 1942 pastum,
1859 1900 1914 1932 Ne

1040 1939 1177 1979 pecunia
1200 1947 1344 1979 petatur:
1369 1950 1460 1973 certo
1482 1943 1551 1983 jure
1572 1943 1705 1983 prioris,
1731 1944 1817 1982 quod
1844 1941 1911 1981 est,

1041 1979 1093 2011 Ne
1115 1989 1165 2010 res
1189 1980 1384 2022 hypothecae
1410 1983 1455 2016 iit.
1486 1986 1529 2015 ita
1553 1984 1597 2016 est
1614 1984 1715 2016 sensus
1733 1983 1911 2022 Marciani,

1042 2021 1271 2062 Hypothecam
1297 2024 1392 2055 etium
1413 2024 1512 2063 solvi,
1537 2026 1697 2057 creditore
1711 2024 1912 2065 paciscente,

1041 2062 1093 2094 Ne
1110 2064 1278 2103 pecuniam
1297 2073 1394 2104 petat.
1426 2065 1478 2098 sed
1496 2066 1560 2097 hoc
1577 2068 1721 2108 recipere
1744 2066 1913 2098 difficulta-

1041 2113 1122 2149 tem:
1148 2113 1218 2135 nam
1242 2105 1283 2136 fic
1306 2115 1371 2137 non
1397 2108 1464 2148 agi,
1487 2106 1540 2139 Ne
1561 2108 1746 2150 hypotheca
1766 2116 1911 2148 petatur;

1040 2146 1092 2176 sed
1112 2144 1164 2176 Ne
1181 2146 1324 2178 debitum
1341 2156 1477 2187 petatur.
1501 2151 1526 2181 is
1542 2149 1698 2181 Marciani
1718 2149 1831 2181 sensuS.
1854 2147 1915 2180 Ni-

1041 2186 1062 2218 fi
1081 2187 1221 2225 mavult,
1244 2186 1349 2219 Etiam
1367 2188 1445 2221 solvi
1465 2189 1681 2231 hypothecam
1702 2191 1915 2232 pacto'credi-

1042 2229 1141 2266 toris,
1166 2227 1217 2259 Ne
1234 2231 1366 2269 pecunia
1386 2239 1529 2271 petatur:
1544 2241 1755 2273 praeterquam
1773 2232 1793 2264 fi
1810 2232 1846 2263 fit
1862 2241 1916 2272 pa-

1043 2270 1126 2314 Ctuin
1144 2270 1173 2300 iu
1192 2269 1374 2308 personam:
1398 2273 1429 2303 id
1447 2272 1510 2311 est,
1532 2272 1586 2305 Ne
1603 2275 1737 2315 pecunia
1754 2281 1881 2314 petatur
1897 2282 1916 2304 a

1043 2312 1176 2352 perrona
1192 2309 1373 2344 LuciiTitii
1384 2336 1393 2351 ‚
1410 2314 1498 2345 verbi
1513 2316 1622 2355 gratia.
1648 2316 1690 2347 At
1707 2315 1769 2346 huc
1785 2314 1916 2346 flecten-

1047 2353 1068 2383 ti
1087 2351 1189 2383 statim
1207 2353 1237 2384 in
1256 2362 1345 2384 mora
1368 2354 1467 2386 fuerit
1484 2355 1617 2396 sequens
1634 2356 1759 2395 versus,
1782 2355 1823 2387 Et
1867 2356 1919 2386 uid

1039 2392 1068 2431 fi
1084 2394 1133 2423 hoc
1149 2392 1246 2424 atium
1254 2393 1314 2434 sit,
1337 2406 1402 2426 cum
1414 2397 1493 2435 forte
1514 2397 1590 2428 alius
1606 2398 1789 2438 hypothecam
1798 2404 1836 2437 po
1860 2398 1919 2428 zde-

1046 2433 1112 2465 hit?
1135 2435 1210 2474 quid
1228 2438 1312 2467 enim
1330 2437 1485 2476 intendit,
1510 2439 1585 2478 quid
1604 2438 1695 2479 agit?
1718 2439 1830 2479 utique
1846 2437 1919 2470 refi-

1050 2476 1100 2507 stit
1125 2476 1167 2507 illi
1194 2477 1450 2516 interpretationi
1474 2480 1626 2519 exceptio
1659 2479 1737 2520 pac‘ti
1763 2479 1920 2512 conventi

1050 2525 1223 2558 perpetua,
1240 2527 1332 2558 quam
1352 2521 1383 2550 in
1402 2519 1605 2560 sequentibus
1623 2522 1766 2554 nominat
1784 2521 1920 2553 Marcia-

1051 2568 1121 2590 nus.
1146 2568 1217 2591 nam
1237 2569 1273 2590 ea
1290 2570 1354 2591 non
1373 2561 1475 2592 minus
1494 2561 1698 2603 hypotheca,
1723 2572 1816 2604 quam
1836 2564 1920 2603 prin-

1052 2600 1154 2640 cipale
1178 2601 1321 2633 debitum
1339 2602 1500 2634 liberatur.
1532 2604 1619 2643 quod
1636 2614 1732 2636 nemo
1752 2606 1839 2636 dicet
1854 2603 1924 2635 ficri

1052 2642 1206 2682 personali
1226 2643 1329 2682 patto.
1354 2652 1419 2674 non
1436 2643 1579 2683 inficior,
1603 2645 1668 2677 hoc
1685 2644 1803 2678 differri
1822 2646 1921 2677 actio-

1052 2692 1125 2714 nem
1144 2683 1425 2724 hypothecariam:
1448 2684 1525 2717 ficut
1543 2696 1583 2718 eo
1601 2686 1746 2719 differtur
1765 2688 1923 2728 principa-

1051 2724 1099 2756 lis.
1133 2726 1225 2764 quin,
1249 2733 1322 2756 curn
1350 2725 1530 2767 principalis
1553 2727 1699 2760 differtur
1722 2729 1803 2760 actio
1820 2752 1829 2768 ‚
1857 2729 1924 2769 ple-

1052 2774 1186 2803 rumque
1211 2766 1331 2806 agitur:
1354 2775 1389 2798 ut
1413 2768 1564 2800 creditori
1589 2770 1717 2802 interim
1737 2770 1923 2811 hypotheca

1053 2814 1180 2836 cautum
1198 2806 1243 2837 fit.
1262 2807 1355 2848 igitur
1370 2809 1489 2848 timeo,
1508 2809 1665 2843 Marciani
1683 2813 1778 2843 verba
1794 2810 1922 2842 exaudi-

1053 2857 1087 2878 re
1104 2848 1143 2877 de
1159 2847 1313 2887 personali
1328 2849 1431 2891 paeto.
1457 2852 1555 2892 magis
1573 2862 1609 2884 ea
1624 2862 1784 2892 exponam
1801 2853 1839 2883 de
1855 2859 1924 2890 per·

1054 2887 1151 2934 sonali
1173 2889 1323 2922 actione:
1347 2900 1406 2931 qua
1431 2894 1606 2934 principale
1630 2895 1772 2926 debitum
1800 2900 1925 2924 tantum

1054 2938 1173 2970 petitur
1191 2940 1207 2961 a
1232 2931 1362 2971 persona
1381 2934 1552 2967 debitoris:
1576 2945 1647 2966 cum
1668 2936 1748 2965 acuo
1765 2933 1939 2974 hypothe-¹

1056 2973 1137 3001 caria
1162 2971 1308 3011 sequatur
1331 2983 1460 3007 omnem
1491 2977 1685 3018 hypothecae
1709 2974 1927 3016 poffefl'orem.

1055 3011 1196 3044 Iudicavi
1214 3014 1431 3048 difficultatem
1451 3026 1544 3058 quam
1564 3016 1628 3057 ipse
1644 3017 1698 3047 sibi
1713 3024 1823 3047 movet
1842 3015 1929 3047 Mar-

1057 3054 1175 3085 cianus.
1221 3054 1318 3087 Nunc
1346 3057 1410 3097 ejus
1430 3058 1620 3089 solutionem
1646 3058 1766 3098 accipe.
1801 3058 1860 3090 ait:
1885 3057 1928 3089 Et

1057 3096 1144 3135 quid,
1161 3095 1192 3132 fi
1219 3096 1269 3127 hoc
1295 3097 1392 3130 aftum
1402 3098 1462 3137 fit,
1487 3110 1551 3129 cum
1560 3099 1639 3137 forte
1655 3098 1730 3128 alius
1749 3099 1932 3140 hypothecam

1052 3135 1221 3176 poffidehit?
1245 3138 1278 3169 In
1306 3140 1352 3172 his
1377 3141 1481 3171 verbis
1501 3140 1544 3170 est
1563 3142 1786 3180 interrogatio,
1812 3141 1932 3172 habens

1057 3187 1119 3211 vim
1136 3181 1288 3252 arffiiinfii
1308 3182 1337 3212 ὅ(
1353 3180 1523 3215 fortiorem
1535 3203 1544 3220 ,
1564 3189 1657 3220 quam
1673 3181 1775 3214 rectus
1785 3182 1931 3224 fimpiex-

1298 3231 1316 3262 3
1867 3233 1930 3266 que
