2036 3495
143 100 212 139 293
561 89 595 124 G
629 98 649 121 iz
682 97 704 120 R
739 97 760 122 A
792 95 815 119 n
846 96 869 120 n
905 95 919 119 1
977 83 1014 118 N

144 183 256 224 aequaii
273 180 465 216 collatione,
488 176 541 208 ubi
558 175 676 207 nullam
697 174 800 205 cernis
817 174 883 214 ejus
902 172 1015 204 menti·

149 235 256 257 onem.
280 232 349 255 nam
369 222 447 252 hanc
464 218 593 249 evincet
613 215 794 256 diligentior
818 213 922 246 versus
939 222 1017 244 mox

152 265 313 305 sequentis
330 260 526 299 comparatio
543 267 615 288 cum
626 259 838 297 praecedente.
852 255 924 286 sane
943 264 1016 286 cum

151 306 309 348 posterior
325 301 434 333 versus
455 299 555 339 palam
566 298 749 338 separetur-ti
767 298 872 337 priore
888 305 945 336 pei·
963 306 1017 326 vo-

151 348 253 379 culam
278 341 523 379 adversativam,
546 349 635 379 ver03
659 339 689 371 ὃς
711 339 825 371 diserte
848 338 960 383 tractet
978 338 1018 368 de

150 385 294 425 inaequali
322 381 515 414 collatione:
548 390 622 412 num
647 380 694 411 fas
721 380 786 418 est,
817 380 953 419 ambigi3
980 388 1018 409 an

149 428 236 470 prior
251 432 322 467 agat
339 425 378 455 de
396 422 534 463 aequali?
557 422 619 454 Sed
643 420 829 453 verisiimum
846 420 909 457 est,
935 419 1021 459 Ulpi-

150 478 242 500 anum
264 469 294 497 in
313 465 418 505 priore
437 464 520 496 velle
546 462 648 495 socios
677 462 759 503 paria
775 464 812 493 ad
833 461 1020 492 societatem

150 506 332 550 negotiandi
352 504 440 537 causa
459 504 683 542 conferentes,
706 503 727 535 fi
751 512 815 535 non
841 505 1019 548 exprimant

151 550 229 582 lucri
247 550 277 580 &
303 547 407 579 damni
424 554 550 587 partes,
574 544 696 585 semper
720 545 870 589 intelligi,
894 544 1018 580 viriles,

149 592 215 624 five
231 599 334 629 aequas
347 611 356 627 ,
377 587 581 621 constituere.
607 585 720 618 Itane?
743 586 785 617 nil
801 592 936 629 attinet,
950 593 1017 624 par·

151 641 201 664 tes
218 632 319 673 palam
331 629 478 662 definire:
497 632 629 668 paritate
645 626 1017 672 collationis-prohiben-

151 682 203 712 te,
225 674 360 705 alterum
379 672 409 702 in
427 670 580 701 societate
595 678 661 701 non
687 669 727 700 ad
750 669 940 704 amicitiam,
964 665 1018 712 nisi

151 716 198 746 ob
214 713 485 755 negotiationem,
509 711 541 742 id
558 710 622 748 est,
646 710 689 741 ob
714 710 856 747 lucrum,
879 708 942 740 sive
961 716 1018 739 uti-

150 757 276 788 litatem
294 754 471 795 spectante,
495 752 571 793 quid
596 752 676 782 ultra
702 752 806 796 velle,
829 759 923 790 quam
940 758 1017 780 con-

152 797 245 837 tulit3
276 797 410 828 alterum
434 795 543 831 credi,
576 793 658 824 velle
685 801 796 823 minus.
826 800 886 822 nec
911 799 1016 822 tamen

150 839 218 870 hoc
235 838 387 878 impedit3
409 845 449 867 ne
466 834 541 865 locii
564 834 615 864 vel
639 832 689 864 hic
706 833 821 873 poffint
845 833 967 873 palam,
995 831 1018 863 si

153 882 256 912 velint
267 903 276 917 ,
293 886 398 919 partes
408 876 545 916 aequales
560 875 772 907 constituere:
785 875 872 915 quod
887 874 916 905 <St
930 873 996 904 fieri
1008 895 1017 911 ‚

152 921 284 952 subinde
303 919 479 959 prudentiae
499 917 607 948 fuerit.
622 915 765 947 Tantum
784 917 823 946 de
840 915 947 955 priore
966 913 1018 945 Ul-

152 963 236 1002 piuni
250 960 329 993 casu.
347 960 381 992 In
393 960 494 990 altero
505 958 673 998 quaeritur3
689 966 727 988 an
747 965 915 988 teneantur
925 956 1020 993 socii,

151 1012 259 1044 partes
279 1003 356 1033 lucri
374 1001 402 1032 &
425 1001 528 1031 damni
547 998 728 1036 ‹lefinituri,
745 998 866 1038 semper
884 997 1021 1037 aequaies

151 1044 316 1076 statuere?
336 1042 379 1074 Et
404 1049 497 1082 negat
522 1039 697 1079 Ulpianus:
721 1040 786 1070 imo
812 1040 871 1076 ait,
896 1047 952 1068 eos
969 1038 1023 1069 de-

155 1086 233 1118 bere
250 1085 408 1117 interdum
421 1083 590 1123 inaequales
599 1081 717 1112 facere.
743 1080 910 1121 Quando?
934 1088 1021 1110 nem-

154 1137 215 1168 pe,
248 1125 268 1158 fi
287 1126 340 1158 ille
357 1126 408 1166 qui
427 1125 496 1165 plus
514 1123 639 1154 auferet
665 1132 705 1153 ex
728 1121 897 1156 societate,
927 1121 1023 1151 etiam

154 1170 226 1210 plus
245 1169 283 1200 ad
301 1177 369 1198 cam
389 1165 424 1198 fit
441 1166 599 1196 allaturus.
624 1163 703 1196 Haec
727 1173 788 1203 ego
815 1162 877 1194 fide
895 1161 1022 1201 Ulpiani

155 1212 185 1242 in
205 1212 230 1241 d.
247 1210 263 1241 l.
289 1218 337 1245 29.
364 1208 403 1239 sic
426 1206 643 1246 temperantis.
669 1205 740 1242 ille,
764 1206 901 1244 opinor,
926 1204 1022 1234 edoc-

155 1259 206 1283 tus
224 1251 262 1282 ab
273 1249 440 1281 Aristotele
452 1257 457 1279 .·
474 1247 564 1287 cujus
575 1246 707 1287 proinde
718 1246 813 1277 verba
829 1243 1024 1285 apposuisse,

155 1302 222 1324 non
251 1291 362 1323 inutile
386 1289 493 1321 fuerit.
528 1287 632 1318 Verba
657 1286 834 1318 Aristotelis
858 1296 898 1318 ex
920 1285 969 1316 lib.
993 1295 1023 1325 3.

156 1333 207 1364 De
223 1334 366 1374 republica
383 1341 404 1362 c.
422 1340 451 1367 9.
469 1330 529 1371 Jus
545 1331 661 1360 videtur
677 1328 727 1368 effe
750 1329 824 1369 quod
843 1327 949 1368 [equale
966 1326 1022 1368 est:

156 1373 340 1415 &estplune¹
358 1382 460 1403 verum
475 1381 531 1402 non
547 1371 694 1407 omnihus,
712 1373 756 1405 sed
772 1369 935 1410 (eqiuiiimts.
957 1374 1019 1399 tum

156 1416 295 1456 inaequale
305 1415 356 1456 jus
371 1415 489 1444 videtur
506 1411 576 1451 effe,
596 1412 644 1449 [ed
658 1411 851 1451 inaequalibus.
871 1410 911 1440 Et
928 1411 1023 1450 paulo

157 1457 246 1498 post:
263 1456 335 1487 Non
347 1453 461 1496 justum
480 1453 548 1493 effe,
573 1461 681 1492 tequam
695 1458 807 1492 purtem
815 1452 895 1490 serre
910 1458 1024 1482 centum

158 1500 305 1529 minarum
320 1506 383 1526 eum
401 1496 452 1535 qui
475 1503 563 1524 uri-am
586 1494 695 1523 minam
716 1493 836 1530 attulit,
859 1500 946 1533 atque
962 1503 1027 1524 eum

157 1541 209 1581 qui
224 1539 366 1579 reliquum
385 1544 463 1566 omne
481 1534 619 1572 contulit,
643 1543 731 1575 neque
748 1543 843 1564 eorum
861 1544 922 1574 qum
938 1536 968 1565 in
984 1536 1025 1569 fo-

155 1583 286 1612 aetatem
305 1578 388 1608 initio
408 1577 510 1607 collata
524 1576 618 1614 sunt,
642 1584 732 1616 neque
746 1584 841 1605 eorum
855 1585 917 1616 qtiae
932 1574 1027 1616 postea

126 1631 143 1633 *⁷
156 1620 332 1661 accefferuut
342 1642 352 1658 ,
363 1618 399 1653 ὅ)
409 1618 483 1648 lucri
493 1616 580 1657 satiri
594 1617 671 1653 lunt.
699 1615 777 1647 Item
789 1618 836 1646 lib.
849 1621 876 1650 8.
888 1616 935 1647 De
943 1619 1026 1648 mori-

156 1665 208 1694 bus
227 1672 250 1693 c.
273 1661 325 1692 ult.
347 1660 445 1691 verba
460 1669 468 1689 ι
501 1657 683 1698 ltzsbcz’etcrte
698 1658 825 1697 pecuum
837 1658 926 1697 plura
941 1659 1025 1697 aufe.

157 1709 247 1739 ruut,
264 1701 413 1743 quipiam
429 1701 460 1731 in
475 1700 633 1737 societatem
649 1699 822 1730 attulerunt.
840 1699 886 1730 Ita
903 1699 1026 1738 prorsus

156 1746 217 1777 est:
234 1743 429 1784 Ulpianusin
441 1741 496 1772 cil.
511 1751 560 1777 29-
579 1748 728 1780 reputans
744 1749 784 1771 ex
800 1740 943 1772 destrina
962 1742 1025 1772 Ari-

156 1786 280 1819 stotelis
298 1783 439 1816 indolem
456 1782 615 1813 societatis
643 1780 785 1821 pecuniae
802 1781 831 1812 ἀ
847 1791 967 1818 rerum,
993 1783 1024 1814 in

157 1838 219 1867 qua
237 1827 265 1858 se
286 1828 447 1865 utrimque
464 1823 604 1865 spectant
622 1822 714 1857 socii,
735 1821 832 1853 solum
851 1823 928 1854 lucri
948 1824 976 1854 ἃ
992 1833 1026 1855 u-

160 1869 283 1901 tilitatis
294 1866 383 1898 causa
393 1869 551 1897 coeuntes
563 1873 569 1895 :
581 1865 636 1901 ait,
650 1863 740 1894 nullis
749 1864 888 1903 partibus
897 1874 1024 1904 expres-

155 1911 193 1943 fis
205 1934 215 1949 ‚
239 1909 361 1948 semper
377 1916 481 1948 aequas
496 1906 574 1937 effe:
592 1904 611 1936 fi
630 1906 713 1945 paria
729 1906 922 1937 contulerint
938 1907 1024 1938 socii.

158 1960 271 1983 contra
290 1950 409 1990 placito
418 1971 428 1987 ‚
452 1956 548 1979 unum
560 1948 634 1978 duas
646 1946 694 1976 vel
708 1953 769 1978 tres
781 1955 884 1985 partes
896 1946 1024 1987 liabere,

160 1994 255 2024 alium
273 2000 386 2022 unam:
403 1990 501 2031 magis
518 1996 627 2030 putat,
643 1996 705 2018 non
716 1988 821 2019 valere
832 1987 1025 2029 pachonem,

158 2032 334 2066 substantiae
353 2032 512 2062 societatis
530 2028 695 2062 manifeste
712 2031 920 2062 contrariam:
943 2030 1025 2061 into-

158 2074 279 2108 lerabili
295 2073 517 2113 inaequalitate.
541 2072 689 2103 &tamen
708 2072 844 2110 patitur,
870 2070 952 2102 hanc
967 2070 1025 2102 sus-

159 2116 274 2155 tineri;
297 2115 317 2147 fi
345 2122 431 2146 tanta
453 2113 512 2145 sint
536 2112 627 2143 unius
651 2113 781 2156 merita,
806 2118 839 2143 ut
865 2113 1026 2153 aequalitas

157 2157 299 2190 societati
317 2154 534 2191 conveniens,
551 2155 642 2185 aliter
652 2154 779 2184 retineri
798 2162 946 2192 nequeat.
963 2156 1027 2185 Aut

157 2209 210 2231 me
229 2198 309 2230 fallit
327 2197 447 2228 animus
462 2205 550 2227 meus
563 2218 572 2233 ,
596 2202 649 2225 aut
665 2193 709 2225 est
728 2194 796 2225 liaec
817 2194 944 2235 Ulpiani
962 2195 1026 2226 sen-

162 2242 262 2272 tentia
281 2241 311 2271 in
329 2240 357 2269 d.
374 2238 392 2268 i.
412 2246 459 2273 29.
473 2244 519 2276 pr.
536 2245 567 2267 at
580 2235 705 2266 necalia
725 2235 769 2266 est
786 2235 817 2267 in
834 2236 937 2276 specie
956 2236 984 2277 §.
1003 2246 1026 2268 1.

160 2283 248 2322 cujus
278 2280 406 2321 apposui
432 2278 554 2310 verba:
586 2277 635 2308 Ita
659 2278 729 2307 coiri·
746 2277 911 2316 sutietatem
934 2278 1026 2318 poffe,

163 2332 196 2353 ut
214 2323 324 2354 nullius
339 2328 447 2358 partem
472 2319 571 2351 damni
593 2318 667 2349 atter
675 2319 805 2357 sentiat,
828 2320 941 2350 lucrum
959 2329 1025 2350 vero

162 2373 305 2395 commune
315 2362 374 2401 fit,
399 2360 510 2402 Caffius
534 2366 629 2401 putat.
657 2359 866 2399 Comparatio
890 2360 967 2392 lucri
993 2361 1022 2392 ὅ(

161 2405 264 2437 damni
283 2405 420 2442 indicat,
444 2403 493 2434 vel
521 2402 573 2433 hic
588 2401 695 2432 induci
719 2402 966 2441 inaequalitatem
983 2402 1027 2433 in-

161 2455 210 2477 ter
224 2446 342 2477 socios:
366 2454 396 2476 at
414 2453 478 2475 non
496 2444 587 2481 ideo,
613 2451 647 2473 ut
668 2442 747 2474 alter
766 2442 880 2474 habeat
897 2443 1028 2483 aliquod

160 2488 373 2528 praeciptium,
399 2486 448 2516 sed
472 2495 512 2516 ne
536 2485 616 2515 alter
639 2484 763 2515 habeat.
788 2483 879 2515 Cedo
904 2485 1026 2516 testem.

161 2529 271 2567 accipe
283 2529 447 2567 Ulpianum
458 2550 467 2564 ,
483 2526 523 2557 fic
540 2533 747 2566 pergentem:
765 2524 852 2568 Quod
860 2527 902 2556 ica
918 2527 1031 2557 demum

162 2570 286 2606 valebit,
308 2570 360 2608 (ut
384 2569 419 2603 ὅ)
448 2569 574 2599 Sabinus
592 2567 716 2606 scribit)
733 2565 761 2603 fi
787 2569 865 2597 tanti
873 2566 914 2605 fit
928 2575 1030 2607 opera,

163 2611 269 2653 quanti
286 2610 421 2640 cimianum
436 2607 483 2650 esi.
573 2617 610 2639 iia
633 2608 783 2639 ratione?
806 2608 864 2639 hac
891 2610 1031 2648 optima:

162 2652 340 2690 Plerumque
364 2652 437 2679 enini
461 2656 545 2681 tanta
568 2648 605 2688 eli
629 2647 773 2689 industria
789 2650 878 2689 socii,
904 2655 939 2680 ut
960 2650 1029 2689 pius

153 2693 289 2734 cht'etatz'
304 2691 433 2725 conferat
444 2715 452 2728 ,
474 2702 561 2732 quum
574 2692 717 2731 pecunia.-
732 2692 798 2721 item
808 2688 837 2728 fi
851 2690 926 2724 selus
946 2693 1030 2722 navi-

161 2742 231 2776 ger,
256 2730 284 2770 fi
307 2731 386 2772 stilus
413 2735 627 2771 peregrinetur,
656 2732 786 2772 pericula
808 2733 915 2770 subeat
936 2732 1031 2771 solus.

165 2773 294 2808 Adduxi
315 2773 381 2803 liaec
391 2772 428 2815 ad
445 2781 583 2811 certuin3
600 2773 667 2812 ipsis
685 2772 776 2804 sociis
794 2781 899 2813 pai-tes
916 2782 1029 2805 mutuo

165 2814 318 2848 consensu
336 2812 570 2856 definientibus,
594 2814 699 2856 Quid,
725 2815 743 2846 ii
771 2814 859 2845 socio
883 2816 1030 2855 placeat,

163 2859 217 2890 his
236 2855 382 2888 constitui
407 2853 536 2884 arbitrio
560 2853 654 2897 socii?
679 2865 741 2886 non
768 2856 874 2887 timuit
891 2856 1030 2897 Pompo-

163 2901 254 2937 nius,
276 2898 326 2928 vel
343 2896 371 2927 in
391 2895 453 2926 hoc
475 2894 547 2925 caru
571 2895 654 2926 idem
677 2897 891 2932 pronunciare
915 2898 945 2929 in
961 2898 982 2928 l,
999 2901 1029 2929 6.

166 2942 194 2972 h.
212 2949 232 2972 t.
256 2939 360 2969 Vei-bi
380 2935 559 2975 Pomponii.
586 2935 619 2979 Si
634 2939 789 2969 societatem
805 2948 912 2969 mecum
929 2940 1030 2970 coieris

165 2992 197 3013 eci
219 2981 394 3014 conditione,
426 2983 459 3008 ut
483 2982 577 3016 partes
592 2977 737 3015 societatis
761 2978 960 3019 constitueres,
992 2982 1030 3011 ad

165 3025 230 3054 torsi
250 3023 309 3052 viri
321 3021 473 3051 arbitrium
491 3028 523 3049 ea
544 3026 587 3048 res
602 3018 755 3055 redigenda
771 3019 818 3058 est.
838 3020 912 3059 quid
930 3022 1030 3053 jnde?

165 3063 289 3094 fulricit
314 3061 529 3100 Pomponius:
560 3058 601 3089 Et
624 3060 793 3089 convenicus
820 3061 857 3099 eJt
882 3065 943 3094 vin·
964 3064 1030 3094 bom·

164 3107 282 3136 arberto
293 3127 301 3139 ‚
319 3111 351 3133 tit
364 3112 420 3133 uon
437 3103 536 3142 utique
550 3109 590 3144 ex·
602 3101 687 3140 aequz‘s
702 3101 832 3139 partibus
848 3103 919 3138 fiiciz‘
927 3104 1030 3140 fimus,

166 3145 390 3177 Constituetne
415 3144 507 3183 igitur
532 3141 629 3172 socius
653 3148 755 3180 partes
780 3142 934 3180 aequales,
959 3146 1030 3175 iiiae-

163 3188 291 3226 quales,
317 3194 373 3223 pro
393 3183 547 3215 libidine?
565 3183 705 3213 minime.
721 3182 888 3221 quomodo
910 3182 1028 3221 iegitur?

164 3237 198 3259 ut
209 3227 381 3260 conveniet
398 3225 452 3257 fini
471 3223 627 3256 societatis
641 3222 823 3264 negotiandi
843 3224 931 3254 causa
948 3223 1030 3255 insti-

1050 81 1511 122 00D1,C0Mit.

1061 176 1162 217 tutte..
1172 169 1368 216 Pomponius
1377 182 1443 204 rem
1455 172 1606 213 sequente
1615 175 1754 215 explicat
1762 179 1926 218 exemplo:

1062 211 1181 257 Wiutz,
1197 211 1225 249 sz
1249 213 1322 243 atter
1333 215 1400 254 plus
1417 221 1522 253 operte,
1545 215 1708 257 industriae,
1731 219 1879 258 pecuum,
1894 222 1926 251 in

1051 255 1216 292 societatem
1233 256 1394 286 contulerit.
1418 255 1578 295 Superiori
1594 258 1674 288 casui
1691 258 1736 290 est
1754 259 1783 290 ἃ
1799 259 1850 290 liic
1864 259 1928 292 affi-

1061 294 1108 324 nis
1125 302 1219 332 quem
1237 294 1389 328 Proculus
1404 298 1516 328 tractat
1540 299 1560 331 i.
1577 303 1625 337 76.
1650 298 1775 341 &fi’qq-
1793 300 1820 331 h.
1838 306 1858 331 r.
1878 301 1928 332 So-

1063 340 1191 364 cietatem
1206 344 1313 366 mecum
1329 336 1408 378 coistz'
1424 348 1457 370 ea
1484 342 1661 378 conditione,
1684 347 1718 371 ut
1735 341 1839 373 Nerva
1855 344 1927 372 ami-

1064 385 1114 405 cus
1129 379 1284 413 communis
1305 384 1418 418 partem
1438 380 1578 417 societatis
1601 379 1794 422 constitueret.
1818 383 1928 422 quaeri-

1064 424 1115 446 tur
1127 439 1136 453 ‚
1153 425 1306 464 quantum
1326 420 1527 460 permittatur
1543 421 1660 454 Nervae
1673 423 1690 454 ἶ)
1705 425 1748 453 ait
1772 423 1928 456 Proculus

1062 458 1082 489 l.
1101 462 1148 496 78-
1165 466 1194 487 ei
1209 461 1402 503 lequendurn
1428 462 1489 494 effe
1513 464 1673 495 arbitrium
1697 463 1755 495 viri
1771 464 1866 495 boni:
1885 473 1931 496 at-

1064 508 1126 539 que
1143 507 1182 542 eo
1200 507 1318 545 magis,
1334 503 1421 541 quod
1438 504 1499 535 hoc
1513 504 1663 544 judicium
1681 505 1724 536 est
1734 506 1827 536 bonae
1847 506 1930 537 fidei.

1062 538 1233 585 constituet
1250 549 1344 580 igitur
1360 542 1487 583 Nerva,
1509 546 1530 577 fi
1553 548 1580 577 ei
1605 556 1660 587 par
1685 547 1846 578 videbitur
1867 548 1931 579 col·

1061 581 1154 626 latio,
1186 589 1290 627 partes
1313 593 1436 628 aequas:
1467 596 1538 618 nam
1567 588 1609 619 fic
1643 589 1798 619 convenit
1821 588 1930 620 officio

1063 631 1120 652 viri
1138 622 1220 652 boni.
1245 631 1312 654 imo
1330 633 1372 655 ait
1389 624 1540 658 Proculus
1562 628 1580 659 l.
1600 633 1649 663 80.
1666 629 1746 660 litua
1757 627 1848 670 petel}
1864 634 1931 660 con-

1062 664 1181 710 veniens
1196 662 1316 710 effeuiri
1326 666 1389 696 boni
1399 668 1533 706 arbitrio,
1552 675 1583 699 ut
1600 679 1657 701 non
1672 671 1773 711 utique
1790 663 1829 702 ex‘
1841 673 1931 712 eequis

1058 706 1192 744 partibus
1206 706 1279 743 socii
1297 704 1399 744 fimus.
1425 707 1591 749 Quando?
1620 711 1731 750 veluti,
1762 711 1884 751 inquit,
1900 711 1930 750 fi

1061 746 1133 793 (riter
1155 745 1222 785 ptus
1244 752 1350 786 operae,
1380 747 1548 789 industrie,
1577 753 1698 792 gratiae,
1726 754 1870 792 pecuum,
1897 755 1929 784 z'n

1054 793 1218 824 societatem
1241 787 1399 820 collaturus
1421 796 1493 821 erat.
1517 790 1599 832 Quae
1624 791 1692 823 sunt
1717 793 1928 833 superioribus

1061 829 1153 868 plane
1163 830 1396 873 convenientia.
1419 831 1498 863 lllud
1509 842 1570 864 non
1582 830 1731 865 silendum
1743 837 1844 874 :quod
1855 836 1930 867 inde

1062 878 1154 909 porro
1171 869 1212 901 fic
1230 869 1328 902 infert
1353 871 1467 903 Paulus
1484 874 1501 904 l.
1519 882 1567 914 79.
1588 872 1711 912 Undefi
1729 874 1838 907 Nervae
1853 878 1928 907 arbi-

1064 912 1153 942 trium
1176 912 1220 941 ita
1238 918 1367 951 pravum
1389 911 1451 953 eft,
1472 920 1504 944 ιιι
1527 913 1684 956 manifesta
1707 918 1846 957 iniquitas
1869 919 1931 958 ejus

1064 958 1232 996 appareat„
1243 954 1349 997 eorrigz'
1361 953 1452 995 potest}
1463 962 1517 995 per
1526 957 1671 997 judicium
1686 959 1751 988 boni
1765 959 1834 989 viri.
1852 957 1929 989 Pau-

1065 994 1111 1024 lus
1129 995 1307 1025 notabiliter
1324 997 1439 1035 docet,
1462 998 1676 1036 aequtilieatern
1692 1008 1784 1039 quam
1802 998 1831 1031 in
1852 999 1933 1030 suci-

1065 1041 1149 1082 etate
1168 1036 1332 1076 exegimus
1345 1058 1353 1074 ,
1368 1046 1432 1068 non
1453 1036 1514 1069 esse
1532 1040 1570 1069 a-rl
1589 1039 1696 1071 vivum
1714 1040 1932 1072 resecandam:

1065 1078 1116 1106 led
1139 1082 1180 1106 ita
1201 1078 1455 1115 modei·andani;
1486 1086 1520 1111 ut
1551 1080 1572 1112 fi
1595 1080 1804 1113 aestimatione
1827 1091 1932 1114 rerum

1066 1123 1161 1156 atque
1181 1126 1349 1162 operarum
1365 1128 1441 1159 quas
1461 1120 1619 1153 hincinde
1636 1123 1828 1154 contulerint
1843 1123 1933 1162 ibt-ii,

1066 1159 1144 1189 alter
1156 1160 1282 1190 modice
1293 1159 1378 1191 laesus
1390 1160 1426 1192 fit
1436 1171 1449 1200 31
1469 1161 1602 1194 societas
1627 1173 1692 1195 non
1710 1165 1807 1204 magis
1823 1164 1936 1196 rescin-

1066 1200 1157 1231 dntur
1172 1222 1182 1238 ,
1220 1209 1314 1245 quam
1339 1202 1525 1234 rescinditur
1548 1203 1671 1244 emptio
1696 1204 1726 1236 &
1745 1205 1886 1237 venditio
1903 1205 1934 1238 in

1066 1250 1127 1281 qua
1140 1240 1219 1272 alter
1229 1251 1312 1289 circa
1328 1243 1465 1283 pretium
1482 1244 1593 1277 leviter
1608 1245 1643 1277 sit
1659 1245 1934 1287 circumscriptus:

1067 1291 1139 1313 cum
1158 1284 1269 1315 eadem
1285 1285 1321 1315 lit
1345 1285 1510 1326 utriusque
1533 1289 1614 1318 ratio
1639 1287 1838 1325 mutianus,
1861 1298 1934 1328 per·

1067 1332 1157 1367 aeque
1174 1324 1212 1354 ad
1231 1325 1352 1356 lucrum
1371 1326 1555 1366 spectantis,
1572 1327 1689 1368 aliquid
1707 1329 1872 1369 indulgere
1891 1331 1936 1360 in-

1065 1364 1187 1396 dustriae
1215 1366 1414 1407 volentium,
1437 1368 1629 1408 prudenter,
1652 1368 1683 1400 id
1708 1369 1772 1407 est,
1797 1370 1934 1408 utiliter,

1065 1406 1274 1451 contrahere:
1297 1411 1394 1439 modo
1418 1418 1483 1440 non
1507 1409 1652 1450 sequatur
1674 1410 1868 1450 inaequalitas
1887 1411 1934 1442 in·

1067 1448 1260 1486 tolerabilis,
1292 1449 1323 1479 &
1345 1449 1503 1481 contraria
1535 1450 1719 1491 benignitati
1753 1452 1935 1484 conti-astus

1066 1488 1159 1519 bonae
1179 1487 1272 1520 fidei:
1296 1499 1356 1529 qua
1373 1491 1411 1521 de
1428 1498 1539 1531 agetur
1566 1492 1647 1522 infra
1665 1491 1719 1523 sub
1736 1490 1870 1530 Titulo,
1888 1492 1935 1523 De

1067 1530 1250 1569 rescindenda
1274 1532 1448 1562 venditione.
1478 1530 1559 1564 Fac:
1590 1532 1695 1571 (dabo
1720 1535 1804 1564 enirn
1829 1539 1937 1564 exem-

1069 1572 1158 1611 plum
1171 1579 1268 1610 atque
1285 1580 1326 1616 eo
1343 1573 1465 1612 aptius,
1489 1572 1562 1612 quia
1577 1573 1622 1604 est
1642 1573 1766 1604 Proculi
1784 1574 1849 1605 inl.
1868 1574 1938 1613 80.)

1069 1611 1178 1644 Nerva
1194 1611 1376 1652 constituit,
1399 1619 1432 1644 ut
1449 1613 1522 1644 alter
1537 1623 1572 1645 ex
1587 1613 1732 1649 mii-'efiirm
1747 1621 1848 1654 purte,
1864 1615 1938 1646 alter

1069 1662 1105 1684 ex
1121 1654 1176 1684 duo
1192 1653 1346 1692 millesimis
1357 1656 1494 1695 partibus
1508 1656 1597 1691 sbrius
1616 1655 1687 1694 effer.
1705 1655 1868 1692 Polli-emo
1884 1666 1939 1688 ne-

1069 1704 1123 1726 mo
1134 1695 1314 1735 improbet:
1339 1698 1423 1736 quod
1435 1696 1538 1727 Aristo
1550 1697 1649 1727 refert
1665 1698 1747 1737 apud
1769 1695 1941 1738 Ulpianum

1068 1738 1094 1767 d.
1110 1736 1128 1766 i.
1145 1745 1198 1780 ²91
1210 1736 1239 1778 §.
1263 1746 1291 1768 2.
1309 1736 1443 1769 Caffium
1460 1737 1652 1777 r‘espontliss'e
1664 1761 1673 1776 ,
1697 1737 1878 1771 societatem
1895 1746 1940 1770 ta-

1068 1778 1130 1809 lem
1150 1787 1227 1809 coiri
1244 1787 1307 1810 non
1324 1778 1432 1819 poss'e3
1454 1788 1488 1810 ut
1504 1780 1584 1810 alter
1603 1786 1725 1811 tantum
1743 1779 1884 1818 lucrum,
1898 1781 1940 1813 al-

1068 1826 1116 1850 ter
1134 1827 1257 1851 tantum
1266 1821 1414 1851 damnum
1427 1843 1436 1859 ,
1453 1819 1599 1852 sentiret:
1615 1820 1736 1852 &hanc
1751 1821 1941 1854 societatem

1068 1860 1230 1893 leoninam
1247 1862 1406 1901 appellare
1424 1861 1568 1900 solitum,
1585 1868 1619 1893 ut
1639 1862 1784 1901 videtur,
1800 1872 1816 1893 a
1830 1862 1939 1895 fabula

1067 1901 1214 1943 AEl'opia‚
1238 1904 1322 1944 apud
1341 1903 1507 1935 Pliaedrum
1523 1905 1570 1935 lib.
1599 1913 1623 1934 i.
1637 1903 1702 1943 fab.
1727 1907 1756 1934 6.
1775 1903 1816 1935 Et
1834 1902 1937 1936 Caffio

1068 1943 1192 1975 accedit
1216 1944 1383 1984 Ulpianus:
1416 1944 1457 1976 Et
1479 1955 1555 1982 nos.
1588 1945 1751 1985 inquiens,
1781 1945 1940 1977 consenti·

1067 1995 1155 2022 nius,
1179 1986 1275 2017 talem
1292 1985 1476 2018 societatem
1499 1986 1616 2018 nullam
1641 1985 1722 2023 effe,
1746 1993 1780 2017 ut
1794 1986 1873 2017 alter
1891 1987 1937 2018 lu-

1068 2036 1157 2058 crum
1183 2026 1334 2066 sentiret,
1357 2029 1436 2059 altei-
1459 2037 1538 2058 vero
1562 2027 1682 2058 nullum
1705 2027 1828 2058 lucrum
1844 2050 1854 2066 ,
1881 2027 1936 2059 sed

1069 2069 1240 2107 damnum,
1261 2078 1325 2100 non
1350 2070 1445 2100 etiam
1462 2069 1583 2100 lucrum
1601 2067 1740 2100 sentiret.

1108 2109 1228 2141 Finiam
1246 2110 1326 2142 hanc
1342 2117 1462 2150 partem
1473 2133 1483 2149 ,
1505 2109 1645 2149 subjefto
1661 2110 1725 2140 hoc
1741 2119 1782 2140 ex
1801 2109 1898 2141 Paulo
1913 2107 1933 2140 l.

1068 2160 1118 2190 30.
1137 2152 1194 2182 lm.
1206 2152 1334 2182 Mucius
1350 2152 1399 2182 lib.
1413 2161 1460 2191 14.
1470 2153 1593 2191 scribit,
1617 2160 1674 2181 nort
1686 2149 1757 2191 poffe
1769 2151 1933 2189 societatem

1070 2194 1157 2230 coiri,
1180 2199 1214 2223 ut
1230 2193 1318 2223 cilium
1335 2194 1452 2231 damni,
1475 2193 1564 2223 cilium
1579 2193 1652 2223 lucri
1664 2198 1777 2232 partem
1790 2193 1880 2227 secius
1889 2192 1939 2231 fe-

1070 2240 1123 2265 rat.
1148 2233 1268 2264 Servius
1284 2235 1316 2264 in
1331 2235 1438 2266 noratis
1461 2233 1561 2265 Mucii
1583 2234 1645 2272 ait,
1666 2242 1718 2264 nec
1731 2232 1807 2274 poffe
1819 2233 1938 2269 finietu-

1071 2281 1127 2306 tem
1152 2278 1195 2306 ita
1217 2276 1374 2307 contrahi:
1404 2285 1495 2316 neque
1516 2276 1592 2306 enim
1613 2275 1724 2306 tucrum
1747 2274 1939 2315 intelligitur,

1070 2315 1125 2354 m'fi
1143 2317 1220 2348 omni
1235 2318 1339 2349 damno
1361 2317 1497 2353 deditum
1516 2326 1610 2357 *neque
1633 2317 1790 2354 damnum,
1812 2314 1868 2353 nist
1883 2325 1939 2345 om-

1070 2359 1103 2388 ni
1117 2358 1195 2389 lucro
1212 2357 1341 2389 dedut'to.
1365 2358 1420 2389 Seri
1434 2356 1521 2399 potest
1538 2358 1609 2388 coiri
1614 2357 1729 2394 societas
1743 2359 1804 2395 ita,
1828 2361 1861 2387 ut
1875 2356 1937 2397 ejus

1070 2399 1147 2430 lucri
1161 2400 1236 2441 quod
1251 2400 1394 2440 reliqmtm
1410 2401 1441 2431 in
1454 2399 1585 2437 secietute
1593 2398 1634 2436 fit
1644 2421 1653 2437 ‚
1676 2398 1753 2429 omni
1768 2398 1871 2428 damno
1889 2399 1935 2426 de-

1070 2440 1154 2472 άιιὲἶο
1167 2464 1175 2479 ,
1194 2447 1266 2481 pars
1281 2442 1339 2473 alia
1349 2441 1483 2482 feratur:
1510 2440 1545 2475 ἐξ
1561 2440 1623 2480 ejus
1639 2439 1737 2471 danim*
1751 2437 1938 2479 quodfimiii-

1073 2487 1115 2513 ter
1129 2483 1331 2524 relinquatur,
1347 2490 1418 2523 pars
1435 2483 1493 2513 alia
1506 2483 1650 2521 capiatur.

1116 2522 1271 2562 Ostendi,
1294 2522 1368 2563 quid
1394 2523 1515 2555 Praetor
1538 2520 1699 2553 societatis
1721 2520 1851 2551 nomine
1866 2519 1943 2553 defi·

1072 2573 1160 2606 gnet.
1185 2564 1327 2605 Sequens
1343 2565 1432 2596 labor
1448 2563 1526 2602 erit,
1549 2567 1614 2602 q‘uo
1631 2562 1731 2594 modo
1748 2560 1942 2607 perficiatur.

1074 2606 1117 2637 ait
1140 2606 1278 2643 Praetor,
1302 2606 1336 2636 Si
1351 2606 1474 2645 strcietcis
1499 2606 1572 2635 coita
1597 2602 1647 2644 effe
1670 2604 1789 2634 dicetur.
1813 2603 1941 2635 Videtur

1076 2654 1181 2678 autem
1207 2647 1293 2678 coita
1315 2646 1436 2685 statim,
1460 2654 1498 2676 ac
1522 2645 1562 2676 de
1588 2654 1624 2675 ea
1653 2644 1697 2675 est
1725 2642 1910 2675 consensum
1931 2654 1941 2675 z

1077 2689 1226 2728 quamdiu
1246 2697 1322 2719 vero
1338 2697 1402 2719 non
1420 2686 1465 2718 est
1482 2685 1684 2724 consensum,
1700 2694 1760 2717 nec
1775 2686 1861 2716 coita
1878 2684 1942 2716 ess'e

1075 2729 1271 2771 intelligitur.
1296 2730 1338 2760 ita
1354 2728 1587 2769 quaerentibus,
1610 2728 1695 2759 inter
1717 2736 1798 2766 quos
1816 2725 1852 2757 fit
1875 2727 1942 2758 coi-

1074 2778 1125 2804 ta:
1150 2772 1213 2802 sola
1230 2769 1360 2811 quaestio
1377 2769 1441 2808 est,
1465 2779 1502 2800 an
1518 2769 1600 2800 inter
1616 2778 1671 2800 eos
1693 2768 1729 2800 sit
1741 2767 1941 2799 consensum.

1073 2812 1151 2844 Inde
1169 2811 1326 2852 Ulpianus
1341 2811 1360 2841 i.
1381 2820 1426 2847 19.
1448 2811 1476 2843 h.
1494 2816 1514 2841 t.
1534 2810 1617 2854 Qui,
1633 2809 1734 2850 inquit
1746 2831 1756 2847 ‚
1772 2809 1941 2840 admittitur

1064 2854 1182 2894 socius,
1203 2855 1228 2884 ei
1249 2859 1364 2884 tantum
1378 2853 1476 2892 chiur
1497 2851 1555 2893 esi,
1579 2853 1630 2893 qui
1654 2849 1786 2888 admisit:
1817 2850 1847 2881 id
1874 2849 1937 2888 est,

1073 2896 1125 2935 qui
1144 2896 1174 2926 iri
1191 2895 1257 2935 ejus
1275 2894 1459 2926 societatem
1477 2892 1640 2925 consenfit.
1664 2892 1744 2923 adeo
1760 2891 1847 2931 cuius
1864 2890 1944 2935 soci-

1072 2946 1108 2967 us
1125 2936 1186 2968 ess'e
1209 2934 1339 2973 recuso,
1362 2935 1387 2966 is
1406 2944 1468 2966 non
1493 2934 1538 2966 est
1559 2934 1658 2965 socius
1676 2942 1774 2965 meus.
1800 2932 1869 2972 plus
1895 2932 1942 2962 di·

1074 2988 1163 3013 cam.
1187 2978 1217 3008 in
1242 2985 1337 3017 quem
1361 2986 1423 3008 non
1452 2975 1610 3013 consensi,
1636 2984 1695 3006 nce
1713 2974 1798 3005 hunc
1814 2971 1876 3004 ess'e
1897 2971 1941 3001 [o-

1075 3020 1158 3050 cium
1176 3027 1300 3050 mcum:
1324 3020 1414 3057 quia,
1439 3026 1474 3049 ut
1498 3017 1633 3054 ditium,
1657 3017 1789 3047 societas
1813 3012 1858 3043 est
1881 3021 1940 3042 vo-

1079 3060 1243 3092 luntarium
1266 3060 1460 3090 consortium
1483 3059 1503 3090 l.
1525 3068 1575 3098 52.
1600 3057 1628 3099 §.
1654 3062 1682 3091 8.
1705 3058 1735 3087 b.>
1750 3061 1770 3086 t.
1795 3052 1880 3097 quod
1905 3051 1941 3084 fi-

1074 3111 1113 3133 ne
1136 3101 1286 3132 consensu
1310 3110 1373 3132 non
1402 3102 1516 3131 coitur.
1540 3099 1636 3140 igitur
1661 3099 1794 3136 siquem
1820 3093 1938 3138 socium

1075 3144 1194 3174 admisit
1221 3141 1320 3174 socius
1344 3151 1432 3174 meus
1451 3164 1461 3180 ,
1486 3140 1509 3173 is
1533 3141 1661 3180 quidem
1686 3138 1749 3176 ejus
1774 3136 1875 3166 socius
1903 3133 1940 3166 fit

1074 3184 1138 3223 ejus
1155 3182 1305 3215 consensu
1315 3191 1331 3214 :·‘
1341 3191 1371 3214 at
1388 3192 1451 3214 non
1469 3181 1591 3214 idcirco
1614 3179 1658 3210 est
1677 3183 1764 3210 meus
1784 3176 1903 3213 socius,
1919 3176 1940 3207 si

1074 3223 1103 3254 in
1123 3225 1221 3264 ipsum
1240 3234 1301 3256 non
1322 3224 1459 3257 consenii
1477 3232 1549 3262 ego.
1574 3221 1602 3252 δε
1622 3221 1703 3251 bene
1720 3217 1834 3251 Paulus
1853 3217 1939 3289 l2520‘:

1887 3266 1938 3288 ocii
