2036 3495
538 80 626 116 DE
685 62 1382 118 Usvrnucrquxnu.

105 170 212 203 Venio
227 171 267 203 ad
282 168 618 204 Senatusconsultum:
645 170 734 211 cuius
751 169 773 203 fi
788 168 939 204 Galvano

64 213 222 245 credimus
231 236 242 252 ,
258 220 380 246 tanturn
391 222 487 246 unum
498 212 561 245 fuit
574 220 691 253 caput:
706 213 737 244 in
748 222 814 253 quo
825 236 834 252 ‚
851 214 940 254 quod

61 254 205 296 permisit
213 255 345 288 Senatus
353 278 364 296 ,
373 255 468 298 legari
477 253 704 287 usumfructum
715 255 858 286 omnium
868 263 940 296 quae

61 299 97 329 in'
112 297 206 328 bonis
221 296 310 336 sunt,
320 306 381 329 nee
395 296 555 337 distinxit,
571 303 679 328 utrum
693 296 725 327 in
743 295 797 327 usu
812 295 889 335 fint,
899 305 940 329 an

62 337 98 371 in
113 338 209 370 abusu
221 362 231 377 ,
247 339 341 379 poffit
357 342 452 371 etiam
467 347 580 370 eorum
598 346 668 378 quae
685 337 717 369 in
733 336 830 368 abusu
846 336 937 378 sunt,

62 379 257 412 ususfructus
272 380 379 421 legari.
410 389 472 412 nec
487 380 553 411 hoc
568 388 666 420 nego.
695 377 752 410 etfi
768 387 831 410 nec
846 388 937 410 acce·

63 421 137 453 dam
153 420 321 460 Gaivano,
336 421 543 460 existimanti,
557 421 733 452 remedium
750 429 816 460 quo
829 420 860 452 id
870 419 939 453 fieri

62 461 186 504 posset,
201 473 217 493 a
232 462 445 495 Prudentibus
460 463 626 495 inventum
643 461 715 494 ess'e.
732 471 802 493 mea
818 461 940 495 senten-

63 505 126 544 tia,
149 504 280 536 fuerunt
303 505 368 537 duo
391 504 665 537 Senatusconsulti
690 504 805 545 capita.
831 504 939 545 priore

63 544 187 577 censuit
202 545 351 578 Senatus:
368 554 401 578 ut
418 547 562 579 omnium
578 555 683 578 rerurn
695 555 771 587 quas
787 546 818 577 in
836 546 940 586 cujus·

64 595 129 629 que
147 588 239 620 bonis
256 586 317 619 ess'e
339 587 518 628 constaret,
541 587 736 620 ususfructus
753 588 849 629 legari
866 597 940 628 pos·

63 629 123 660 set.
152 629 185 660 id
201 636 297 670 caput
312 636 401 661 extat
416 630 447 661 in
464 630 485 662 l.
505 639 532 662 1.
548 630 592 663 D.
607 631 640 662 de
655 632 709 666 usu
727 628 763 664 ὅ)
780 629 939 669 ῑψιῙΤαὲἶα

62 669 166 710 legato.
190 679 295 710 eoque
304 670 467 704 induCtum
477 672 596 712 videri,
609 671 763 712 Ulpianus
773 672 844 704 aitl.
860 681 885 703 1.
895 671 938 704 D.

63 713 97 742 ae
112 710 270 753 usufrufflc
285 722 383 744 earum
397 723 509 746 rerum:
524 722 560 745 ut
575 723 682 746 earum
700 722 805 745 rerum
820 722 890 754 quae
908 722 939 745 u·

62 750 98 784 su
108 753 264 785 tolluntur
278 755 329 786 vel
339 755 539 795 minuuntur,
555 754 751 788 ususfructus
761 756 856 796 legari
867 764 939 796 pos-

63 792 111 826 sit.
133 795 236 827 altero
256 798 362 837 capite
376 797 459 837 Juffit
473 798 608 830 Senatus
621 822 631 838 ,
649 798 758 839 legato
777 796 939 829 usufructu

63 843 171 867 earum
196 847 300 870 rerum
323 848 393 880 quae
418 842 449 871 in
474 839 570 871 abusu
595 841 840 871 continerentur
855 862 864 877 ‚
888 847 939 870 eas

63 877 219 919 legatario
236 881 300 912 dari
320 882 359 912 ab
377 881 496 914 herede
511 882 553 913 ita
566 905 575 922 ,
589 889 625 913 ut
642 881 708 922 ejus
728 880 823 912 fiant:
848 880 878 912 ἃ
896 880 939 911 le-

62 922 216 960 gatarium
238 922 371 954 viciffim
396 932 511 955 cavere
528 923 658 962 heredi,
682 921 731 962 se,
754 921 775 954 fi
793 929 940 954 mortuus

64 970 120 993 aut
137 964 242 1004 capite
265 965 405 997 minutus
420 965 536 1005 suerit,
561 964 761 997 tantumdem
781 962 939 995 restitutu-

63 1012 135 1036 rum
152 1005 224 1037 effe.
248 1006 324 1039 Hoc
339 1015 374 1037 ut
390 1009 523 1048 opiner,
548 1006 740 1049 persuadeor
756 1003 940 1036 testimonio

64 1043 197 1087 Ulpiani
215 1048 243 1079 d.
261 1050 308 1080 tit.
326 1058 374 1088 24.
391 1048 420 1090 §.
437 1059 486 1089 27.
510 1049 686 1081 remedium
704 1046 787 1088 quast
804 1045 941 1077 ususfru-

66 1086 135 1119 ctus
159 1098 225 1121 non
247 1089 444 1122 Prudentum
468 1090 724 1132 interpretationi
747 1097 788 1119 ex
807 1088 940 1119 Senatus

64 1127 242 1171 sententia,
267 1131 320 1163 sed
336 1131 426 1163 claris
442 1131 575 1164 Senatus
594 1131 718 1169 verbis,
736 1129 938 1170 imputantis:

67 1170 112 1203 fic
137 1174 222 1204 enim
247 1173 363 1205 scribit.
408 1173 659 1210 Senatusconsulto
682 1177 801 1202 cautum
826 1168 884 1211 est,
907 1176 941 1200 ut

67 1213 156 1244 etiam
165 1213 195 1252 fi
210 1223 309 1247 earum
330 1224 427 1246 rerum
442 1225 504 1256 quae
522 1216 553 1245 in
570 1215 661 1252 abusu
677 1214 882 1251 continentur,
905 1217 940 1242 ut

63 1260 159 1296 puta,
182 1257 266 1295 vini,
290 1256 361 1295 olei,
378 1257 486 1296 tritici,
504 1254 690 1296 ususfrufitus
705 1253 819 1294 legatus
826 1252 887 1292 fit,
903 1253 939 1283 le-

88 1298 180 1328 atario
196 1307 239 1328 res
257 1298 429 1336 tradantur,
452 1298 635 1328 cautionibus
659 1293 832 1336 interpositis
847 1295 880 1326 de
896 1304 938 1325 re-

59 1305 220 1379 ⁸{tituendz's
236 1340 294 1378 eis,
317 1348 383 1369 cum
405 1337 591 1378 ususfruetus
607 1338 645 1369 ad
662 1337 837 1380 legatarium
850 1337 939 1377 perti-

66 1387 134 1410 nere
148 1379 268 1418 deflerit.
291 1379 442 1412 Similiter
460 1381 491 1411 in
508 1380 527 1412 l.
544 1389 590 1411 11.
611 1378 653 1410 D.
668 1380 702 1409 cie
718 1377 876 1418 usufrut‘tu
892 1387 940 1409 ea-

65 1429 133 1452 rum
142 1431 239 1458 rerum
253 1422 316 1461 ait,
332 1422 364 1453 Si
373 1421 445 1453 lanae
459 1422 549 1453 alicui
558 1419 743 1462 ususfrueius
758 1420 870 1461 legatus
877 1418 917 1457 fit
927 1442 938 1458 ,

66 1462 114 1494 vel
128 1464 265 1502 odorum,
278 1463 334 1496 ,vel
357 1469 533 1495 aromatum:
555 1462 655 1494 nulius
672 1462 792 1492 videtur
806 1461 939 1501 ususfru-

66 1503 132 1536 aus
146 1506 176 1536 in
185 1504 245 1545 istis
252 1506 319 1547 jure
329 1503 519 1546 constitutus.-
534 1504 588 1546 secl
603 1505 641 1536 ad
651 1503 940 1543 Senatusconsultum

67 1547 124 1577 erit
139 1547 358 1587 deffendendum
376 1549 451 1589 quod
472 1548 506 1578 de
522 1547 654 1578 cautione
677 1554 774 1576 eorum
798 1545 939 1586 loquitur.

64 1585 165 1629 Igitur
180 1589 355 1622 remedium
366 1588 449 1630 quafi
464 1587 657 1620 ususfructus
667 1596 731 1618 non
745 1585 943 1618 Prudentum

66 1628 273 1669 disputationi
291 1630 447 1669 debetur;
470 1629 524 1661 sed
536 1628 710 1661 manifestis
727 1627 941 1660 Senatuscon-

63 1669 138 1702 sulti
157 1672 280 1704 verbis:
304 1680 393 1712 quae,
415 1680 451 1703 uc
476 1669 630 1711 Ulpianus
648 1672 708 1710 ait,
734 1670 774 1702 de
789 1670 943 1701 cautione

66 1712 255 1753 loquuntur,
279 1712 376 1745 Unde
390 1712 507 1754 impleta
515 1711 812 1751 exSenatasconsulto
828 1711 942 1750 cautio,

66 1754 153 1794 apud
176 1755 384 1795 Papinianum
399 1754 418 1786 l.
436 1764 486 1794 24.
502 1753 545 1785 D.
563 1754 596 1785 de
610 1754 665 1795 usu
681 1752 717 1788 ὅ)
733 1750 891 1794 usufructu
907 1752 945 1784 le-

68 1801 157 1868 {⁰¹⁰²
179 1796 209 1826 &
232 1797 316 1836 apud
341 1795 573 1836 Imperatorem
589 1794 619 1837 §.
637 1805 666 1827 2.
685 1792 758 1836 lnfl.
775 1795 808 1825 de
823 1794 943 1835 usufru-

100 1845 139 1876 u,
163 1837 288 1868 Senatus
311 1847 369 1868 non
384 1838 461 1876 fecit
482 1838 597 1879 quidem
616 1846 716 1868 earum
731 1845 828 1867 rerum
844 1837 943 1875 usum-

66 1878 218 1918 frustum,
234 1879 303 1920 (nec
325 1881 399 1910 enim
415 1880 546 1919 poterat)
555 1878 608 1919 sed
621 1885 674 1919 per
688 1879 848 1909 cautionem
863 1875 945 1919 quasi

67 1919 283 1961 usumfrufi‘um
299 1918 457 1962 constituit.
486 1920 636 1951 Secundo
652 1920 747 1961 igitur
764 1920 870 1960 capite
882 1920 944 1959 jus-

69 1961 108 1995 fit
123 1961 276 2000 Senatus,
299 1963 406 2003 legato
430 1962 594 2003 pecuniae‚
619 1961 709 1992 verbi
735 1962 854 2002 gratia,
876 1959 943 1991 usu·

66 2002 196 2041 fructu,
219 2013 289 2035 cam
305 2005 345 2035 ab
360 2004 479 2035 herede
494 2003 536 2034 fic
552 2003 618 2035 dari
636 2003 809 2044 legatario,
827 2010 860 2033 ut
877 2002 942 2042 eJus

67 2043 144 2077 fiat:
160 2045 191 2076 &
206 2054 279 2077 eum
305 2046 415 2077 heredi
435 2044 566 2076 viciffim
583 2053 699 2076 cavere
716 2044 757 2075 de
775 2043 942 2074 restituen-

67 2087 110 2119 da
125 2094 211 2118 tanta
226 2087 360 2128 pecunia
371 2110 381 2127 ,
396 2085 489 2118 finito
505 2085 677 2117 usufruCtu.
702 2094 767 2126 quo
785 2084 871 2116 fatto
882 2108 891 2124 ,
908 2085 942 2115 li-

67 2128 235 2161 cetadhuc
250 2130 370 2161 utendo
381 2129 464 2169 perit
478 2128 630 2168 pecunia:
647 2127 732 2168 (non
743 2127 827 2158 enim
836 2125 942 2166 potest

68 2170 203 2203 Senatus
218 2172 361 2212 pecuniae
378 2178 520 2202 naturam
532 2170 673 2209 mutare)
689 2169 817 2200 interim
834 2176 941 2199 tamen

69 2211 180 2244 heredi
196 2219 324 2245 cautum
340 2211 386 2244 est
402 2213 442 2244 de
467 2219 554 2243 tanta
573 2211 711 2252 pecunia
727 2209 941 2249 restituenda;

69 2262 177 2294 neque
201 2254 267 2293 ejus
290 2253 437 2293 interest,
462 2261 568 2284 utrum
592 2253 738 2284 eamdem
756 2261 793 2283 an
812 2251 944 2283 fimilem

69 2295 215 2335 recipiat.
240 2294 284 2326 est
296 2297 391 2336 igitur
400 2297 427 2326 ei
444 2293 878 2335 quafiialvaiubstantiaquae
897 2303 944 2324 re·

70 2345 149 2368 vera
165 2336 266 2376 perit:
284 2336 395 2368 &cum
412 2346 477 2367 non
494 2335 530 2367 sit
548 2345 641 2367 verus
658 2334 853 2366 ususfructus
871 2334 944 2374 Jure

70 2377 188 2416 Civili,
200 2377 332 2410 Senatus
348 2377 493 2409 remedio
508 2377 666 2408 cautionis
684 2375 768 2415 quafi
789 2375 944 2408 usumfru-

71 2419 158 2452 &um
174 2419 338 2450 constituit
353 2421 379 2451 d.
392 2419 419 2462 §.
432 2429 460 2451 2.
480 2417 550 2459 Inst.
570 2418 635 2452 &L
646 2428 675 2449 2.
692 2418 720 2459 §.
734 2427 759 2449 1.
771 2417 813 2449 D.
827 2418 860 2448 de
876 2418 943 2457 usic-

61 2460 174 2502 frufflt
188 2470 286 2492 earum
302 2470 407 2492 rerum.
429 2460 500 2493 Sic:
523 2459 544 2492 fi
562 2461 684 2501 legatus
700 2458 735 2491 fit
751 2460 895 2499 pecuniae
911 2468 944 2489 u-

67 2502 258 2535 susfructus:
281 2501 334 2535 sed
358 2501 511 2541 Ulpianus
535 2502 555 2534 l.
575 2510 621 2534 10.
645 2500 672 2543 §.
695 2510 721 2533 1.
746 2501 788 2532 D.
813 2502 872 2532 eod.
896 2502 944 2532 tit.

71 2544 228 2582 credidit,
251 2544 345 2576 etiarn
358 2568 367 2582 ‚
389 2545 411 2576 fi
435 2545 556 2585 legatus
572 2543 607 2574 sit
624 2544 770 2583 pecuniae
788 2542 877 2580 usus,
902 2543 945 2573 in-

71 2586 305 2625 terponendam
321 2585 383 2617 effe
398 2585 484 2617 istam
503 2585 758 2626 stipulationem:
774 2583 946 2624 praefatus,

73 2626 289 2666 appellatione
305 2626 373 2660 usus
383 2628 412 2658 in
425 2627 483 2658 hac
500 2626 604 2667 specie
614 2627 708 2657 etiarn
718 2626 857 2657 fructum
868 2635 946 2656 con-

74 2668 180 2698 tineri.
204 2675 355 2709 praeterea
372 2669 479 2707 addit,
500 2669 657 2708 quosdam
674 2667 774 2705 velle,
799 2668 881 2698 hanc
898 2666 947 2698 sti-

72 2707 271 2749 pulationem
287 2718 352 2740 non
367 2710 527 2750 interponi
543 2717 634 2748 ante,
651 2718 745 2750 quam
761 2709 833 2740 data
848 2707 948 2740 fuerit

75 2748 226 2822 Recunia.
259 2749 323 2789 ipse
338 2758 443 2782 autem
459 2758 570 2789 putat,
594 2750 657 2782 five
675 2759 789 2787 antea,
809 2750 874 2782 five
890 2758 948 2790 po-

106 2798 143 2821 ea
161 2789 231 2821 data
253 2789 306 2828 fit,
329 2798 438 2823 tenere
457 2790 704 2832 stipulationem.
747 2791 802 2823 Est
819 2791 914 2832 igitur
932 2800 949 2822 a

76 2831 196 2863 Senatu
226 2832 371 2863 remedio
399 2832 556 2864 cautionis
578 2833 779 2865 introductus
805 2835 948 2874 pecuniae

76 2871 292 2910 ususfructus,
315 2873 368 2912 qui
384 2881 457 2904 ante
473 2882 538 2905 non
553 2883 680 2913 poterat
697 2874 759 2906 esse
775 2874 848 2914 Jure
865 2874 949 2906 Civi-

75 2914 120 2946 li:
136 2913 276 2953 ideoque
292 2915 409 2945 merito
424 2914 556 2952 mirere,
571 2914 662 2946 fuiss'e
680 2915 867 2956 quaefituma
884 2915 948 2947 Ve-

77 2954 218 2987 teribus:
238 2964 275 2985 an
292 2963 327 2985 ea
343 2955 449 2986 cantio
466 2954 639 2987 fructuario
656 2957 749 2995 posfit
765 2966 781 2987 a
796 2956 949 2988 testatore

77 2995 226 3029 remitti?
250 3004 321 3027 nam
345 2995 366 3027 fi
392 2997 475 3037 legat
491 2997 635 3036 pecuniae
651 2996 897 3036 usumfrustuim
921 2998 952 3030 &

80 3046 169 3069 vetat
185 3039 269 3078 exigi
287 3038 488 3070 cautionem:
501 3036 555 3069 fibi
574 3039 796 3070 contradicere
813 3040 950 3071 videtur.

79 3088 145 3111 non
165 3080 251 3110 enim
267 3079 311 3110 ob
329 3080 360 3110 id
378 3080 461 3119 legat
471 3080 723 3119 proprietatem,
740 3081 827 3120 quod
846 3081 952 3112 remit-

83 3120 124 3150 tit
144 3119 347 3151 fructuariam
374 3121 576 3152 cautionem:
598 3129 634 3152 ut
657 3129 764 3152 autem
789 3120 893 3162 posset
919 3131 951 3154 u·

80 3159 287 3195 sumfructum
303 3162 427 3204 legare,
438 3172 454 3195 a
465 3162 583 3195 Senatu
598 3161 716 3195 factum
732 3161 794 3195 fuit
808 3163 951 3205 remedio

123 3241 201 3275 Tam.
226 3243 252 3275 I.

1786 84 1872 128 363

981 171 1151 205 cautionis.
1184 179 1284 212 porro
1310 168 1433 203 remiss‘a
1449 169 1619 210 cautione,
1644 174 1733 202 vetat
1749 167 1863 203 servari

982 213 1120 245 formam
1137 212 1213 244 huic
1228 211 1410 245 usuifructui
1427 221 1443 243 a
1461 212 1580 244 Senatu
1595 215 1713 244 datam.
1737 210 1861 254 Quem-

981 256 1156 287 admodum
1176 262 1282 287 tamen
1305 256 1444 296 legatum
1464 254 1514 286 cui
1533 252 1654 294 adjecta
1670 249 1707 285 fit
1722 252 1863 294 impoffi·

982 297 1055 328 bilis
1070 297 1236 335 conditio,
1255 296 1342 328 valet
1358 306 1396 328 ea
1411 295 1570 329 detracta:
1587 297 1630 327 ita
1646 294 1667 327 fi
1685 295 1808 336 legetur
1826 303 1859 327 u-

980 337 1153 370 susfruCtus
1172 340 1335 379 pecuniae,
1352 338 1382 369 ὅ(
1399 337 1582 378 adjiciatur,
1597 336 1651 368 Ne
1668 346 1711 369 eo
1726 336 1860 368 nomine

981 379 1168 412 satisdetur:
1193 380 1299 420 placet
1312 379 1436 420 Juliano
1453 378 1472 410 l.
1488 383 1519 411 6.
1536 377 1580 410 D.
1618 378 1662 410 Ut
1677 379 1709 410 in
1722 376 1860 419 poffeffio—

981 431 1045 453 nem
1070 421 1243 462 legatorum,
1268 420 1497 453 usumfructum
1520 421 1645 453 valere:
1670 419 1722 452 sed
1738 422 1861 451 cautio-

982 465 1029 495 nis
1041 463 1253 495 remiflionem
1271 463 1396 502 vitiari;
1414 461 1501 494 fimul
1520 461 1675 503 legatario
1692 462 1858 503 permitti,

981 514 1023 536 ex
1033 504 1317 536 senatusconsulto
1329 504 1495 543 satisdare,
1512 503 1542 535 ὅτ.
1561 503 1788 546 usumfructum
1805 511 1860 544 pe-

982 554 1062 578 tere.
1092 555 1128 577 ac
1144 545 1316 578 secundum
1333 546 1397 578 hoc
1412 546 1508 577 etiarn
1524 545 1660 576 Severus
1679 543 1861 586 &Antoni-

981 597 1040 620 nus
1062 587 1289 629 rescripserunt
1312 588 1332 619 l.
1355 597 1379 620 1.
1398 587 1430 618 C.
1456 589 1489 619 de
1512 585 1681 626 usufrustu.
1706 585 1860 628 caeterum

981 638 1017 661 ut
1034 629 1098 662 hoc
1115 630 1239 670 probo:
1255 630 1297 661 fic
1306 639 1372 661 non
1391 629 1590 670 improbem,
1610 628 1698 668 quod
1714 626 1860 669 Papinia-

981 681 1059 710 nus,
1082 672 1101 703 l.
1119 676 1147 706 8.
1169 670 1213 703 D.
1239 672 1272 703 de
1294 669 1452 712 usufructu
1473 680 1571 702 earum
1585 679 1699 707 rerum,
1723 679 1795 701 cum
1814 676 1861 700 te-

981 713 1099 751 stator,
1124 712 1223 745 tribus
1241 713 1413 744 heredibus
1429 711 1597 750 institutis,
1618 709 1712 741 Titio
1731 709 1862 752 legasset

982 754 1211 786 usumfructum
1222 755 1406 795 quindecim
1419 755 1553 787 millium
1564 777 1573 793 ,
1585 751 1750 792 &juffiffet
1759 775 1769 791 ‚
1780 752 1862 784 duos

983 806 1024 828 ex
1050 796 1221 828 heredibus
1246 805 1305 836 pro
1330 797 1482 838 legatario
1507 795 1673 827 satisdare:
1696 793 1760 833 ait,
1783 793 1862 825 utile

983 837 1046 869 effe
1061 837 1220 869 cautionis
1237 846 1368 878 quoque
1386 839 1542 879 legatum:
1566 838 1597 869 id
1622 836 1688 875 est,
1711 842 1777 867 non
1795 842 1862 866 tan·

983 887 1050 910 turn
1070 877 1265 910 ususfructus
1281 879 1439 920 legatum,
1462 878 1514 911 sed
1532 879 1690 910 cautionis
1707 885 1860 917 quoque:

981 929 1043 952 nec
1059 919 1211 961 refragari
1227 919 1563 953 senatusconsultum:
1581 920 1652 961 quia
1669 919 1778 950 cautio
1793 926 1862 950 non

981 962 1211 1002 impediretur,
1236 960 1266 992 δι
1283 960 1345 993 ess'e
1362 962 1496 995 alterum
1513 963 1653 1005 legatum
1671 961 1772 994 veluti
1791 968 1861 992 cer-

983 1004 1025 1043 ti,
1049 1003 1182 1034 alterum
1201 1003 1327 1035 incerti.

1022 1043 1079 1077 Est
1093 1044 1188 1086 igitur
1204 1053 1220 1075 a
1238 1043 1357 1077 Senatu
1382 1044 1502 1079 factum
1520 1047 1664 1080 remedio
1682 1044 1863 1080 cautionis:

983 1095 1049 1119 non
1076 1094 1111 1118 ut
1138 1096 1232 1118 verus
1258 1086 1336 1119 ess'et
1355 1089 1501 1127 pecuniae
1518 1089 1728 1122 ususfructus:
1757 1086 1811 1118 sed
1827 1091 1864 1117 ut

983 1129 1066 1169 quasi
1083 1129 1210 1169 quidam
1227 1127 1421 1161 ususfructus
1433 1130 1614 1162 haberetur.
1639 1131 1684 1162 est
1701 1129 1785 1168 enim
1801 1135 1867 1172 ma-

981 1179 1042 1211 gna
1059 1170 1089 1202 &
1106 1171 1275 1210 multiplex
1293 1171 1376 1202 inter
1396 1179 1567 1212 utrumque
1583 1171 1776 1203 differentia.
1801 1177 1864 1211 pri-

981 1220 1032 1243 ma
1056 1211 1120 1250 est,
1144 1212 1232 1252 quod
1259 1221 1351 1243 verus
1370 1211 1564 1244 ususfruCtus
1583 1213 1724 1244 coniistit
1743 1213 1776 1243 in
1793 1219 1866 1242 cor-

983 1253 1116 1294 poribus
1133 1262 1268 1294 quorum
1282 1253 1353 1293 post
1365 1253 1450 1285 usum
1467 1261 1574 1285 manet
1585 1253 1666 1285 salva
1678 1251 1864 1284 substantia:

983 1294 1068 1335 quasi
1085 1293 1280 1333 ususfructus
1299 1294 1428 1335 respicit
1443 1297 1481 1327 ad
1493 1297 1687 1336 quantitates
1703 1296 1734 1326 in
1747 1293 1863 1334 quibus

982 1336 1064 1368 salva
1089 1335 1160 1377 post
1184 1336 1271 1368 usum
1299 1346 1364 1368 non
1384 1336 1430 1368 est
1454 1336 1634 1369 substantia.
1659 1338 1757 1369 altera
1774 1333 1865 1367 diffe-

981 1377 1297 1419 rentiaest‚quodin
1309 1387 1388 1410 vero
1405 1377 1565 1410 usufructu
1575 1387 1747 1420 numquam
1765 1384 1866 1409 trans·

982 1419 1086 1451 fertur
1111 1421 1308 1460 dominium3
1333 1429 1374 1451 eo
1402 1421 1491 1460 quod
1511 1430 1561 1452 res
1578 1421 1756 1462 corporalis
1775 1418 1864 1452 usum

982 1460 1025 1492 sui
1043 1462 1189 1502 praebens
1201 1460 1283 1492 salva
1300 1460 1486 1500 substantia,
1503 1462 1609 1501 potest
1627 1461 1714 1494 usum
1726 1461 1768 1494 sui
1785 1468 1866 1502 prae-

983 1502 1084 1541 stare,
1109 1512 1174 1534 non
1192 1502 1340 1535 transsato
1359 1503 1523 1535 dominio:
1547 1504 1580 1535 in
1599 1503 1683 1544 quasi
1702 1502 1865 1542 usufruffll

985 1545 1164 1576 dominium
1183 1542 1532 1585 sempemranssertuu
1545 1553 1586 1575 eo
1604 1545 1693 1585 quod
1703 1544 1866 1585 quantitas

987 1595 1053 1617 non
1071 1587 1193 1627 praebet
1209 1585 1296 1617 usum
1314 1586 1377 1624 lui,
1394 1584 1450 1616 nisi
1466 1584 1688 1625 consumatur3
1706 1595 1767 1617 nec
1784 1589 1866 1618 con·

986 1627 1064 1659 sumi
1083 1626 1207 1668 potest,
1231 1635 1442 1667 praeterquam
1459 1636 1475 1658 a
1492 1627 1638 1659 domino.
1663 1627 1708 1659 est
1724 1627 1754 1659 ἂ
1769 1627 1866 1660 tertia

986 1668 1186 1709 differentia,
1209 1675 1306 1710 atque
1322 1669 1384 1710 ipsa
1402 1678 1442 1700 ex
1459 1668 1620 1710 superiore
1637 1668 1811 1710 profluens.
1826 1677 1865 1706 ea

986 1710 1171 1743 differentia
1187 1711 1251 1750 est,
1267 1711 1356 1751 quod
1372 1711 1404 1742 in
1415 1719 1493 1742 vero
1509 1709 1671 1743 usufructu
1687 1710 1865 1753 fructuario

986 1753 1146 1793 competit
1158 1753 1207 1793 J'us
1223 1762 1258 1784 re
1273 1752 1446 1784 fructuaria
1458 1752 1566 1785 utendi
1582 1751 1710 1785 fruendi
1727 1751 1804 1785 boni
1820 1753 1865 1792 ‘vi‘-

985 1795 1009 1825 ri
1029 1795 1200 1825 arbitratu:
1224 1794 1257 1825 in
1275 1795 1359 1835 quasi
1376 1792 1540 1827 usufruetu
1560 1793 1657 1826 habet
1672 1789 1865 1831 fructuarius

983 1836 1032 1876 jus
1050 1845 1086 1867 ea
1101 1834 1157 1867 suo
1173 1835 1305 1867 arbitrio
1321 1835 1486 1867 abutendi.
1516 1836 1649 1868 alterum
1666 1837 1775 1869 alieno
1792 1843 1865 1871 cor-

986 1877 1077 1918 pori,
1093 1877 1227 1908 alterum
1245 1878 1381 1918 propriae
1399 1877 1567 1918 quantitati
1584 1878 1751 1911 convenit.
1775 1875 1868 1921 quar-

986 1927 1017 1950 ta
1044 1917 1225 1951 differentia
1241 1918 1286 1950 est
1302 1942 1313 1958 ,
1336 1920 1425 1960 quod
1440 1918 1649 1960 fructuarius,
1673 1919 1767 1952 finito
1784 1929 1866 1953 vero

984 1959 1165 1999 usufructu,
1189 1969 1254 1992 non
1272 1968 1402 1992 tenetur
1417 1962 1634 2000 tantumdem,
1650 1961 1707 1994 sed‘
1719 1962 1807 2002 qued
1819 1964 1866 1997 ‘ex

984 2011 1020 2034 re
1043 2001 1182 2042 superest
1205 2002 1381 2034 restituere.
1406 2009 1520 2034 contra
1545 2003 1577 2035 in
1603 2002 1686 2044 quasi
1702 2003 1865 2037 uinfruttu

985 2051 1114 2075 tenetur
1128 2042 1318 2076 fructuarius
1328 2052 1391 2075 non
1408 2043 1440 2074 id
1456 2044 1546 2084 quod
1561 2054 1602 2076 ex
1618 2054 1652 2076 re
1662 2044 1802 2085 superest
1816 2055 1865 2078 re-

984 2085 1114 2117 stituere
1131 2084 1182 2116 sed
1194 2086 1403 2117 tantumdem.
1420 2085 1555 2117 alterurn
1566 2086 1650 2118 enim
1661 2086 1864 2129 consequens

985 2126 1030 2158 est
1046 2128 1109 2165 rei,
1125 2126 1279 2166 praebenti
1297 2126 1384 2158 usum
1395 2125 1478 2158 salva
1492 2126 1675 2168 substantia,
1689 2128 1867 2163 &functio-

984 2177 1058 2200 nem
1075 2168 1243 2207 recipienti
1259 2177 1326 2199 non
1342 2168 1373 2200 in
1390 2177 1530 2209 genere,
1554 2168 1607 2201 sed
1624 2171 1655 2201 in
1674 2170 1797 2211 specie:
1822 2172 1865 2204 al-

987 2219 1089 2241 terum
1118 2209 1164 2240 est
1188 2210 1388 2249 consequens
1414 2210 1460 2242 rei
1484 2219 1555 2251 quae
1573 2210 1628 2243 usu
1645 2212 1865 2253 consumitur,

988 2251 1018 2282 ἃ
1042 2250 1244 2283 functionem
1270 2251 1368 2282 habet
1390 2251 1488 2293 magis
1510 2250 1541 2283 in
1559 2262 1696 2293 genere,
1721 2264 1815 2295 quani
1831 2255 1865 2289 in

986 2292 1103 2333 specie.
1129 2293 1238 2333 quinta
1263 2292 1445 2324 differentia
1461 2292 1522 2332 est,
1548 2297 1635 2334 quod
1651 2296 1681 2326 in
1699 2305 1780 2327 vero
1796 2295 1867 2328 usu-

986 2334 1093 2365 fructu
1110 2340 1204 2365 cavet
1219 2333 1430 2373 fructuarius,
1442 2333 1471 2366 se
1489 2335 1613 2367 usurum
1632 2333 1802 2370 fruiturum
1819 2347 1865 2371 ar-

987 2376 1104 2407 bitratu
1120 2376 1196 2407 boni
1213 2375 1291 2414 viri,
1309 2375 1338 2407 ὅτ.
1355 2375 1449 2408 finito
1467 2376 1627 2409 usufructu
1645 2378 1865 2415 restituturum

987 2418 1075 2458 quod
1092 2426 1132 2449 ex
1149 2427 1183 2448 re
1198 2416 1368 2449 fructuaria
1384 2417 1523 2449 extabit:
1548 2419 1579 2450 in
1600 2418 1682 2460 quasi
1701 2419 1864 2456 usufructu

987 2468 1052 2490 non
1079 2459 1143 2490 hoc
1167 2468 1260 2490 cavet
1277 2459 1485 2498 fructuarius,
1507 2466 1614 2500 neque
1631 2462 1716 2495 enirn
1736 2463 1868 2505 potest3

988 2500 1040 2532 sed
1057 2500 1150 2531 finito
1160 2499 1340 2538 usufructu,
1356 2501 1387 2531 id
1406 2499 1470 2539 est,
1485 2509 1592 2533 morte
1608 2511 1661 2535 aut
1678 2505 1793 2546 capitis
1810 2506 1867 2539 de·

987 2543 1186 2579 minutione,
1203 2540 1296 2582 (solis
1312 2541 1397 2573 enim
1415 2542 1462 2574 his
1479 2542 1598 2576 casibus
1615 2545 1774 2579 amittitur
1789 2547 1808 2579 l.
1830 2558 1865 2586 9.

989 2584 1026 2619 ἐξ
1041 2583 1059 2614 l.
1086 2592 1131 2615 10.
1153 2582 1195 2614 D.
1216 2584 1249 2614 de
1264 2582 1421 2623 usufrufflc
1437 2593 1537 2616 earum
1553 2594 1649 2618 rerum
1665 2610 1678 2627 ‚
1699 2587 1718 2619 l.
1735 2597 1764 2629 7.
1784 2588 1813 2632 §.
1835 2599 1866 2624 1.

989 2625 1031 2657 D.
1058 2624 1306 2665 Usufruetuarius
1328 2627 1564 2666 quemadmodum
1585 2627 1704 2671 caveat)
1741 2629 1772 2663 se
1800 2638 1869 2664 tan,

990 2667 1132 2698 tumdem
1151 2665 1367 2698 restituturum
1385 2666 1471 2700 esse.r
1488 2666 1543 2700 Est
1561 2670 1657 2711 igitur
1672 2671 1785 2712 ingens
1801 2672 1867 2705 dif-

989 2709 1127 2740 ferentia
1145 2707 1338 2740 ususfructus
1354 2708 1427 2748 Jure
1444 2709 1540 2742 Civili
1556 2711 1587 2743 &
1606 2711 1866 2748 senatusconsul-

992 2758 1028 2781 to
1051 2749 1226 2795 constituti.
1269 2749 1343 2781 Nec
1360 2758 1465 2784 tamen
1484 2752 1547 2793 est,
1571 2762 1628 2785 cur
1643 2755 1756 2795 aliquis
1774 2757 1867 2790 mire·

992 2799 1060 2829 tur,
1084 2791 1146 2822 dici
1171 2790 1399 2825 usumfructum
1423 2795 1477 2834 qui
1494 2804 1559 2827 non
1577 2805 1634 2836 per
1650 2798 1757 2830 omnia
1774 2798 1812 2830 ad
1829 2807 1864 2830 u·

991 2831 1197 2879 sumfrustum
1214 2834 1349 2867 accedit.
1380 2844 1451 2868 nain
1471 2836 1501 2868 ἀ
1516 2837 1599 2870 actio
1616 2838 1700 2880 quast
1715 2839 1866 2871 Serviana

991 2873 1176 2914 simpliciter
1190 2874 1341 2907 Serviana
1356 2878 1532 2918 appellatur
1548 2879 1568 2911 ἰ.
1589 2884 1635 2914 18.
1656 2880 1698 2910 D.
1715 2881 1748 2911 de
1762 2882 1865 2921 pigna-

991 2917 1088 2947 ribus.-
1110 2915 1139 2946 &
1156 2918 1330 2949 commode
1351 2917 1492 2959 Seneca,
1513 2918 1562 2952 De
1583 2920 1742 2960 beneficiis,
1764 2921 1812 2954 lib.
1831 2932 1864 2963 5.

994 2968 1018 2989 c.
1039 2966 1085 2998 13.
1112 2955 1272 3000 Quaedam,
1289 2959 1411 3001 inquit,
1425 2961 1536 3000 etiamst
1551 2972 1619 2994 vera
1632 2964 1690 2992 'non
1701 2959 1786 3001 sint,
1797 2970 1864 3003 pra·

989 3006 1056 3040 pter
1068 2997 1287 3037 similitudinem
1308 3003 1401 3034 eodem
1417 3004 1556 3035 vocabulo
1570 3003 1765 3044 comprehensa
1772 3008 1860 3044 sum.

987 3039 1032 3088 fic
1041 3042 1176 3082 pyxidem
1196 3041 1233 3076 ὅθ
1249 3049 1416 3085 argenteam
1433 3043 1470 3081 ὅ)
1486 3054 1603 3076 auream
1618 3044 1751 3078 dicimur.
1769 3044 1814 3083 fic
1829 3046 1865 3078 il·

994 3082 1141 3114 literatum
1162 3093 1219 3114 non
1241 3093 1279 3116 ex
1300 3090 1356 3116 toto
1378 3087 1499 3124 rudem,
1520 3087 1567 3122 sed
1583 3085 1621 3116 ad
1636 3084 1734 3118 literas
1747 3087 1864 3120 altiores

994 3133 1050 3155 non
1070 3124 1252 3165 perannum.
1276 3124 1321 3165 fic
1337 3129 1390 3168 qui
1409 3127 1481 3158 male
1497 3124 1634 3168 vestitum
1650 3126 1688 3163 δ’
1696 3122 1863 3171 pannosum

992 3166 1082 3207 vidit,
1106 3168 1219 3199 nudum
1226 3166 1262 3208 se
1277 3168 1380 3211 vidzffe
1395 3168 1478 3201 dicit.
1594 3169 1597 3171 ⁴

1155 3248 1182 3281 Z
1197 3259 1217 3281 z
1237 3260 1255 3282 2

1790 3253 1864 3289 CA.
