2052 3487
179 181 255 208 120

176 257 284 300 bestie:
307 256 381 298 quia
404 254 450 287 fic·
468 249 560 294 praeit
584 246 773 289 Justinianus
788 246 818 290 §.
838 255 867 280 1.
885 246 924 284 ὅ*
939 247 970 290 §.
987 257 1044 295 δ13.

178 299 254 341 Inft.
271 300 305 330 de
321 299 380 337 lege
397 293 532 336 Aquilia.
576 291 735 323 Praeterea
753 288 891 322 lfidorus
912 290 1044 322 tradidit

178 343 229 374 zib.
250 349 287 373 12
305 337 416 377 Origin
432 345 458 366 c.
477 343 505 365 2.
516 331 685 364 bestiarum
700 330 894 363 vocabulum
911 332 1045 372 proprie

178 379 357 414 convenire
372 375 542 412 leonibus,
565 372 720 413 tigribus,
740 371 868 414 pardis,
891 372 921 404 &
941 373 1043 413 vulpi-

177 424 258 460 bus,
279 419 495 457 canibusque,
517 415 548 446 &
565 412 679 452 fimiis,
702 414 734 445 &
750 413 892 451 caeteris,
908 422 979 454 quae
993 413 1046 445 vel

179 472 239 495 ore
255 461 308 492 vel
323 458 480 499 unguibus
495 454 646 494 saeviunt,
662 455 808 494 exceptis
824 453 1046 495 serpentibus3

179 503 294 537 bestias
310 507 417 531 autem
434 496 533 530 distas
552 505 571 527 a
587 496 639 535 vi,
663 504 726 537 qua
742 495 884 527 iaeviunt,
908 494 1045 528 Utcum-

181 553 246 586 que
273 542 352 579 erit,
373 540 428 571 lex
452 538 580 579 Aquilia
608 536 674 568 hoc
698 537 805 578 capite
835 537 980 578 loquitur
1005 537 1047 569 de

181 583 285 618 occisa
304 581 451 625 pecude,
473 588 542 614 non
566 577 663 613 etiam
681 578 723 612 de
750 576 860 612 bestia.
901 577 958 611 De
982 578 1047 611 ele-

777 158 1087 198 szinnr
1134 157 1367 199 Nono-,r

1085 247 1214 289 phantis
1233 248 1264 282 &
1279 249 1411 284 camelis
1429 249 1603 285 videamus.
1626 257 1741 284 movet
1756 249 1856 293 hine,
1871 251 1965 295 quod

1086 288 1184 322 dorso
1198 291 1329 324 collove
1345 292 1536 332 domantur,
1559 293 1744 335 pariterque
1767 301 1805 326 ut
1819 297 1963 336 pecudes

1087 331 1247 364 habentur
1260 333 1302 366 ad
1318 333 1492 367 humanum
1509 332 1617 367 usum:
1633 341 1746 367 movet
1764 335 1858 376 inde,
1873 337 1964 378 quod

1087 381 1202 419 eorum
1214 373 1292 420 ‘fera
1309 382 1422 408 natura
1444 374 1501 408 est.
1543 375 1607 408 Sed
1635 376 1744 416 placet
1763 375 1836 418 Gaji
1853 377 1962 411 defini-

1088 420 1156 452 tio,
1178 422 1298 448 mixtos
1316 415 1399 456 ess'e,
1423 416 1456 449 δι
1484 417 1560 458 quia
1583 418 1804 458 jumentorum
1827 427 1962 460 operam

1086 454 1236 496 praestant
1250 479 1262 496 ,
1289 458 1437 498 quamvis
1466 457 1545 490 ferae
1575 467 1696 491 naturae
1726 457 1788 491 lint
1804 481 1816 499 ,
1852 468 1960 495 tamen

1088 496 1197 545 capite
1217 498 1321 538 primo
1350 498 1513 534 contineri
1534 499 1557 534 ἱ.
1577 509 1607 535 2.
1623 499 1656 544 ᾗ.
1677 509 1709 534 2.
1724 499 1771 535 D.
1791 500 1852 535 Aa„
1875 502 1964 550 legem

1093 538 1256 582 Aqutltam.

888 696 1101 735 CAruT
1149 695 1259 735 111.

135 840 142 846 ,
182 808 226 851 In
249 812 316 859 lege
340 810 465 856 Aquilia
489 807 607 854 quidem
632 807 763 844 coerceri
785 805 922 850 caedem3
946 804 1006 852 sed
1029 817 1087 842 non
1112 806 1210 841 aliam
1229 832 1240 850 ‚
1273 817 1365 853 quam
1385 807 1504 855 injuria
1515 805 1655 855 fabiam.
1689 808 1840 855 injuriam
1863 816 1969 847 amem
2000 808 2001 811 ’

232 861 330 906 accipi
350 870 435 893 omne
451 868 509 892 non
523 857 597 903 jure
604 855 733 904 fal-tum
744 881 756 901 ‚
781 857 815 891 in
829 867 884 902 quo
901 855 988 901 culpa
1005 855 1102 901 qualis
1119 855 1219 901 qualis
1239 857 1388 904 arguitur
1406 868 1419 901 3
1442 854 1497 903 etfi
1515 857 1600 893 dolus
1622 857 1747 906 nonfit.
1774 857 1890 905 quodsi
1911 864 1971 902 au&

225 914 300 959 Jure
325 915 380 943 aut
398 904 469 954 casu
488 905 582 942 cades
597 904 769 953 fattafit,
795 915 854 940 non
878 904 975 940 videri
991 904 1152 950 injuriam.

184 1013 360 1092 Deinde
379 1014 423 1045 ait
445 1012 499 1046 lex
515 1035 526 1052 ,
558 1011 623 1056 Qui
642 1012 756 1055 injuria
780 1012 893 1043 occidit.
939 1007 1057 1051 injuria

288 1055 429 1087 occisum
460 1053 523 1086 effe
556 1054 675 1086 merito
699 1052 862 1093 adjicitur:
883 1060 949 1084 non
970 1052 1056 1084 enim

184 1097 320 1136 sufficit,
335 1095 494 1135 occisuri-13
509 1093 563 1128 sed
580 1102 714 1135 oportet
730 1094 839 1135 injuria
857 1092 921 1125 effe
937 1091 1057 1125 fastum

186 1138 209 1171 1.
226 1148 256 1180 3.
274 1138 317 1170 D.
342 1137 393 1170 Ad
407 1137 495 1179 legem
511 1136 675 1179 Aquiliam.
715 1135 856 1169 Proinde
874 1134 929 1166 ubi
943 1135 993 1174 jus
1006 1143 1058 1175 ap-

186 1179 399 1253 ssit¹³‘id23‚³³
417 1175 1058 1260 ³5¹³{iiffisnssloffitrmhsii'denssssrssqugli

238 1245 245 1253 ι
386 1243 396 1260 ’
428 1239 431 1243 ⁴
745 1241 755 1257 ⁹
972 1240 980 1248 α

187 1262 409 1294 neceffitatem
433 1261 550 1301 habet3
573 1269 678 1301 neque
703 1259 828 1291 homini
854 1259 1057 1298 imputatur,

188 1303 244 1337 sed
268 1302 359 1340 fato;
383 1303 433 1341 &‚
455 1311 530 1334 cum
546 1301 627 1334 ultra
654 1301 826 1333 humanum
842 1300 974 1331 modum
997 1299 1057 1337 fit,

188 1354 256 1377 non
275 1344 468 1376 humanitate
484 1343 606 1383 modo,
628 1342 682 1374 sed
699 1342 730 1374 ⁴&
750 1342 821 1383 lege
839 1340 983 1381 Aquilia,
1006 1349 1058 1371 ex-

191 1386 315 1419 cusatur
334 1385 364 1427 §.
380 1395 410 1426 3.
431 1384 468 1419 &²
482 1393 512 1423 4.
529 1382 603 1424 Inst.
621 1385 655 1415 de
670 1383 729 1424 lege
745 1382 879 1424 Aquilia.
897 1381 1059 1413 nonenim

190 1427 388 1460 credendum
408 1425 470 1464 est,
489 1425 619 1466 plebem
641 1423 837 1462 Romanam,
856 1432 946 1463 quae,
963 1422 1059 1463 Aqui-

192 1470 238 1502 lio
258 1467 290 1500 T
293 1468 407 1499 ribuno
426 1467 776 1507 plcbisinterrogante,
793 1464 1058 1505 hanclegemjus·

191 1509 250 1548 fit,
273 1507 428 1546 voluisse,
453 1506 482 1538 se
499 1507 601 1538 teneri
620 1507 659 1538 de
681 1505 776 1544 casu3
799 1514 894 1546 quem
912 1513 965 1536 aut
983 1514 1059 1545 prze-

193 1552 306 1583 videre
322 1558 387 1581 non
407 1548 529 1589 poffet3
546 1554 600 1579 aut
615 1547 635 1578 fi
653 1547 862 1589 praevideret,
880 1555 946 1578 non
956 1545 1060 1586 postet

193 1592 256 1624 ulla
271 1591 434 1633 diligentia
449 1589 635 1630 praevenire-
680 1588 743 1620 sed
761 1597 796 1620 ut
816 1588 868 1619 lex
885 1588 986 1628 parcit
1007 1597 1061 1619 ne-

194 1632 325 1665 cesfitati
343 1641 412 1672 quae
431 1631 524 1671 culpa
541 1637 647 1668 caret3
662 1628 705 1661 fic
723 1638 829 1670 neque
840 1629 995 1661 defiderat
1006 1629 1062 1660 do-

194 1674 261 1707 lum
278 1673 396 1705 malum
413 1672 466 1713 qui
484 1670 631 1703 consulto
651 1671 680 1702 δε
693 1670 871 1702 deliberato
888 1669 986 1701 fit:id
997 1669 1062 1708 est,

196 1715 458 1757 demumintegra
474 1713 640 1748 voluntate
656 1711 839 1745 absolvitur.
869 1712 913 1745 At
931 1714 1064 1744 coercet

1099 1018 1229 1056 omnem
1245 1017 1312 1056 non
1329 1007 1398 1050 jure
1407 1004 1524 1043 factam
1544 1010 1667 1044 caedem
1677 1019 1747 1053 quae
1758 1009 1886 1051 anim0,
1900 1017 1970 1044 non

1099 1052 1230 1092 quidem
1247 1051 1418 1092 improbo,
1440 1051 1494 1084 sed
1510 1052 1735 1093 imprudente,
1749 1053 1833 1094 five,
1855 1060 1893 1085 ut
1911 1051 1971 1084 Ul-

1098 1094 1210 1134 pianus
1226 1093 1476 1133 interpretatur,
1498 1092 1520 1125 fi
1531 1094 1717 1133 contraius,
1742 1095 1806 1126 hoc
1824 1094 1888 1132 est,
1903 1094 1970 1125 cul-

1099 1143 1140 1175 pa
1157 1135 1209 1167 vel
1225 1134 1376 1166 leviffima
1388 1133 1475 1165 fasta
1495 1133 1532 1166 fit
1548 1135 1570 1166 l.
1588 1145 1618 1176 5.
1644 1135 1674 1177 §-
1692 1144 1718 1166 1.
1738 1133 1759 1166 l.
1778 1144 1828 1176 44.
1856 1134 1900 1168 D.
1916 1134 1971 1167 Aa

1099 1177 1188 1222 legem
1214 1175 1376 1218 Aquiliam.
1423 1176 1516 1208 Adeo
1542 1175 1564 1208 fi
1587 1184 1654 1208 non
1679 1176 1788 1217 potuit
1818 1175 1969 1208 facientis

1099 1215 1249 1249 industria
1297 1216 1441 1249 raeveniri
1455 1239 1466 1256 ,
1485 1223 1541 1249 aut
1563 1216 1585 1249 fi
1634 1218 1738 1258 otuit,
1761 1224 1878 1258 praeter
1899 1217 1967 1258 eius

1099 1257 1244 1290 officium
1285 1258 1348 1291 uit:
1372 1264 1407 1290 ut
1427 1256 1467 1296 fi,
1490 1258 1580 1300 quod
1620 1258 1706 1297 ecit,
1727 1259 1795 1299 eJ’us
1809 1260 1860 1300 jus
1875 1258 1922 1291 illi
1936 1259 1970 1290 in

1103 1308 1177 1331 eum
1192 1298 1377 1338 hominem,
1400 1306 1497 1340 atque
1514 1300 1553 1331 ad
1568 1308 1643 1332 eum
1659 1299 1812 1340 modum,
1835 1301 1864 1332 &
1881 1300 1914 1332 in
1927 1309 1971 1332 eo

1101 1341 1178 1372 loco
1196 1339 1277 1379 fuit,
1300 1340 1440 1381 denique
1463 1339 1486 1372 fi
1508 1348 1575 1373 non
1599 1339 1706 1382 potest
1727 1341 1761 1374 id
1774 1341 1815 1374 ab
1835 1341 1970 1373 homine

1100 1380 1243 1427 sapiente
1262 1384 1292 1413 ot
1308 1380 1456 1414 modesto
1473 1382 1544 1422 jure
1559 1381 1754 1423 reprehendi
1774 1405 1785 1422 ,
1815 1391 1881 1416 non
1908 1383 1972 1414 erit
2022 1384 2024 1387 ’

1102 1423 1231 1463 injuria:
1255 1421 1309 1455 sed
1320 1421 1347 1468 ‘fi
1366 1423 1536 1463 praeveniri
1553 1423 1678 1464 potuit,
1701 1431 1800 1465 atque
1814 1431 1851 1456 ut
1866 1424 1900 1456 id
1916 1423 1975 1456 fie-

1102 1472 1171 1503 ret,
1193 1464 1233 1496 ad
1255 1463 1434 1496 occidentis
1454 1464 1597 1497 officium
1621 1464 1796 1504 pertinuit,
1818 1472 1855 1496 ut
1874 1464 1917 1503 fi,
1939 1463 1972 1496 ei

1100 1506 1148 1545 Jus
1171 1506 1202 1537 in
1220 1514 1292 1537 eum
1321 1504 1509 1545 hominem,
1530 1505 1553 1537 fi
1569 1505 1608 1538 ad
1625 1514 1699 1538 eum
1716 1506 1871 1545 modum,
1894 1505 1915 1538 fi
1938 1507 1972 1538 in

1103 1556 1144 1578 eo
1164 1547 1240 1578 loco
1257 1555 1323 1579 non
1339 1545 1401 1578 fult
1413 1569 1422 1585 ,
1446 1546 1476 1578 ὅ(
1495 1547 1628 1588 proinde
1644 1557 1662 1578 a
1678 1547 1748 1579 viro
1763 1548 1854 1583 bono
1874 1556 1912 1578 ac
1930 1545 1974 1578 sa-

1104 1588 1214 1628 piente
1227 1589 1296 1628 jure
1312 1587 1451 1629 castiga-ri
1461 1588 1576 1629 pollit,
1591 1587 1690 1629 magis
1707 1588 1817 1629 injuria
1836 1589 1973 1621 dicetur.

1104 1628 1213 1660 Fuerit
1231 1629 1369 1671 pretium
1386 1637 1513 1669 operae,
1528 1638 1597 1660 eam
1608 1637 1676 1660 rem
1692 1631 1820 1671 paucis,
1843 1629 1896 1663 secl
1906 1630 1973 1664 elec

1105 1671 1276 1713 gantibus,
1299 1669 1455 1719 exemplis
1479 1669 1705 1705 demonstrare.

911 1838 1123 1881 Crrur
1172 1841 1259 1881 IV.

199 1949 283 1989 Eum
308 1953 358 1998 qui
376 1949 464 1998 facit
488 1949 523 1985 id
541 1975 551 1992 ‚
585 1949 671 1997 cujus
690 1950 745 1995 jus
771 1949 882 1993 habet,
918 1960 977 1984 non
994 1948 1106 1994 facere
1131 1949 1258 1994 injuria.
1309 1946 1417 1996 Quid,
1436 1944 1469 1992 fi
1495 1947 1561 1993 quis
1575 1943 1705 1991 servum
1727 1944 1862 1982 alienum
1887 1946 1976 1982 adul-

269 2008 368 2037 terum
384 1997 593 2046 deprehensum
617 1997 757 2033 occidat?
785 1998 873 2043 quid,
898 1996 925 2039 si
942 1999 1093 2032 latronem
1106 1995 1169 2042 fibi
1197 1999 1261 2030 vim
1278 1995 1488 2041 inferentem?
1514 1995 1602 2041 quid,
1632 1993 1665 2039 fi
1680 1995 1810 2030 alium?
1834 1996 1924 2041 quid,
1942 1993 1977 2042 st

274 2050 424 2085 latronem
442 2049 554 2083 occidat
567 2075 575 2090 ‚
593 2046 656 2094 sed
670 2047 787 2081 modum
803 2045 935 2093 egreffics
945 2047 962 2081 ἱ)
989 2046 1089 2093 Legis
1105 2045 1237 2092 Aquilia>
1251 2069 1265 2089 ‚
1276 2047 1278 2049 ’
1291 2045 1388 2091 Legis
1402 2045 1533 2089 Numae,
1558 2040 1600 2085 &⁹
1618 2043 1764 2081 Cornelia
1780 2045 1815 2081 de
1824 2043 1977 2092 ficariis,

276 2099 402 2145 egregia
423 2094 464 2136 &
479 2097 588 2131 nobilis
609 2095 796 2142 differemza.

203 2204 392 2281 Primum,
413 2201 435 2234 fi
454 2203 522 2242 quis
539 2202 618 2233 facit
633 2201 664 2232 id
683 2201 770 2241 quus
789 2200 837 2241 jus
854 2200 951 2232 habet
966 2223 975 2239 ‚
1001 2209 1068 2232 non

275 2246 402 2277 videtur
420 2244 528 2284 iniuria
544 2242 651 2274 facere
666 2242 695 2283 §.
715 2253 742 2274 2.
762 2241 833 2283 Inst.
859 2243 892 2273 de
910 2243 968 2283 lege
978 2242 1072 2283 Aqui-

207 2287 268 2319 lia.-
290 2294 327 2318 ut
348 2285 369 2318 fi
392 2285 521 2317 maritus
544 2284 722 2316 adulterum
747 2283 976 2324 deprehensum
999 2284 1073 2313 alie·

204 2336 282 2360 num
300 2327 423 2360 servum
447 2326 570 2357 occidit
586 2326 605 2357 l.
632 2335 682 2366 30.
704 2324 746 2355 D.
764 2326 823 2355 eod.
851 2326 897 2355 tit.
917 2325 1004 2365 quod
1022 2325 1073 2355 lex

206 2368 287 2409 julia
305 2370 333 2400 ei
351 2368 517 2409 indulget:
534 2367 665 2408 utique,
677 2365 797 2397 fidomi
817 2365 876 2397 l'uae
895 2366 1073 2407 deprehen-

204 2410 272 2442 sum
296 2409 436 2442 occidit:
459 2417 493 2440 ut
515 2409 599 2440 bene
620 2407 735 2439 Macer
753 2408 771 2437 l.
792 2418 840 2446 24.
859 2407 902 2439 D.
919 2407 970 2438 Ad
985 2408 1074 2449 legem

206 2450 327 2492 Juliam
342 2452 375 2482 de
392 2450 560 2488 adulteriis,
584 2449 614 2482 ὅ(
632 2448 745 2480 Paulus
761 2448 807 2479 my.
828 2459 856 2480 2.
876 2449 957 2481 Sem.
981 2455 1002 2479 t.
1021 2452 1070 2480 26.

209 2494 298 2533 quod
317 2493 337 2524 fi
353 2492 426 2523 alibi
446 2492 586 2530 occidit3
609 2490 672 2522 fine
692 2490 763 2531 lege
785 2490 927 2529 occidit,
952 2490 983 2522 ἃ
1001 2490 1076 2521 ideo

209 2534 322 2574 injuria
346 2533 483 2564 videtur.
529 2531 762 2575 Quintilianum
785 2532 856 2563 audi
880 2531 928 2562 lib.
947 2542 977 2572 5.
1000 2528 1075 2569 Inst.

210 2581 285 2606 orat.
304 2583 328 2605 c.
341 2583 373 2605 x.
400 2571 559 2614 Occidisti,
582 2573 707 2614 inquit,
730 2573 911 2610 adulterum,
933 2573 1008 2614 quod
1029 2573 1077 2604 lex

176 2622 178 2625 ’
206 2615 368 2658 permittit,
384 2614 435 2652 sed
453 2618 522 2656 quia
538 2615 570 2645 in
585 2614 743 2655 lupanari,
767 2615 852 2645 caecz'es
876 2612 927 2655 est.

253 2656 404 2688 Similiter
423 2664 488 2687 non
506 2656 632 2687 videtur
647 2656 757 2695 iniuria
777 2655 885 2686 facere
903 2656 947 2693 is,
973 2655 1077 2696 quila-

211 2705 341 2731 tronem
358 2704 413 2728 aut
436 2705 673 2737 quemcumque
690 2696 784 2728 alium
800 2696 889 2728 ferro
913 2695 943 2728 se
962 2704 1074 2738 peten-

210 2745 279 2772 tem
295 2737 426 2770 occidit.
451 2738 492 2768 nil
511 2738 595 2769 enim
613 2737 657 2768 est
675 2745 785 2769 natura
808 2738 963 2778 iniquius,
980 2746 1076 2777 quam

210 2779 380 2814 hominem
398 2778 462 2809 vim
480 2777 588 2810 facere
606 2779 746 2809 homini:
772 2779 815 2810 nil
829 2778 958 2820 Justius‚
982 2787 1077 2819 quam

212 2828 289 2855 eum
314 2820 369 2861 qui
394 2818 459 2851 vim
482 2818 561 2852 facit
577 2843 587 2858 ,
616 2820 648 2849 vi
676 2820 841 2859 repellere.
864 2829 903 2852 an
929 2821 998 2861 quis
1022 2830 1077 2852 ne-

213 2863 273 2896 scit
289 2884 302 2903 ,
332 2870 439 2894 rerum
465 2867 607 2891 naturam
631 2869 889 2902 unumquemque
917 2861 1019 2894 statim
1042 2867 1079 2892 ac

212 2912 306 2938 natus
322 2902 388 2941 est,
411 2901 443 2933 in
461 2901 569 2942 primis
591 2900 647 2933 fibi
664 2903 908 2934 commendare:
931 2902 1077 2943 prorsuS,

213 2955 252 2979 ut
268 2943 446 2985 compellat
467 2951 539 2974 cum
558 2965 568 2981 ,
600 2941 685 2982 sequi
708 2944 797 2983 quod
820 2946 848 2974 ei
874 2944 1011 2982 bonum,
1040 2953 1078 2974 ae

215 2987 378 3021 declinare
396 2984 484 3025 quod
509 2986 538 3016 ei
558 2984 674 3015 malum
687 3006 696 3021 ,
718 2984 870 3016 videtur?
901 2986 1035 3025 proinde
1056 2983 1077 3016 fi

214 3031 335 3067 vitam,
357 3026 379 3059 fi
396 3034 533 3065 corpus,
555 3023 578 3057 si
594 3024 736 3056 membra
753 3023 823 3061 sua,
846 3025 994 3057 adversus
1011 3026 1076 3058 vim

216 3080 254 3102 ac
276 3067 419 3110 pericula
442 3074 592 3098 tueatur:
628 3066 705 3105 quid
738 3065 834 3096 causae
861 3065 958 3097 fuerit
975 3089 984 3105 ‚
1015 3076 1076 3106 ne,

217 3111 307 3151 quod
322 3110 362 3141 ad
376 3108 420 3140 sui
436 3106 711 3140 conservationem
727 3105 807 3139 facit
822 3107 1007 3146 impellente
1025 3117 1077 3139 na-

219 3159 289 3182 tura
308 3174 319 3189 ,
342 3152 411 3190 jure
435 3157 554 3182 naturae
580 3147 689 3180 facere
709 3147 907 3179 existimetur
923 3147 940 3178 .9
970 3149 1076 3188 Atque

219 3192 285 3223 hoc
300 3199 422 3222 certum
434 3214 444 3229 ‚
468 3200 543 3223 cum
559 3197 701 3222 naturam
719 3188 876 3229 sequimur
893 3211 903 3227 ‚
933 3190 1076 3222 nondum

219 3231 357 3265 inventis
370 3231 495 3270 judiciis
507 3256 515 3270 ‚
548 3241 653 3271 neque
671 3230 773 3262 adhuc
793 3228 975 3271 composito
991 3232 1078 3263 civili

214 3275 296 3317 jure.
319 3273 385 3305 imo
409 3272 438 3304 ἃ
458 3273 528 3313 post
546 3273 633 3312 liaec;
657 3272 784 3314 quoties
808 3280 913 3312 neque
932 3271 1076 3312 judiciis,

1113 2207 1219 2239 neque
1236 2194 1379 2244 legibus,
1399 2196 1491 2244 locus
1509 2196 1565 2230 est.
1588 2200 1662 2230 nam
1677 2196 1734 2231 etfi
1750 2197 1976 2239 conjunctione

1113 2241 1258 2272 humanae
1278 2241 1460 2278 loc1etat1s,
1482 2248 1548 2280 quo
1564 2241 1664 2280 magis
1681 2240 1814 2272 naturali
1831 2239 1976 2271 omnium

1115 2281 1286 2323 aequalitati
1303 2279 1542 2320 consuleretur,
1563 2282 1650 2314 reste
1668 2288 1764 2322 atque
1781 2281 1894 2313 ordine
1912 2281 1977 2321 pla-

1115 2324 1238 2362 cuerit,
1260 2322 1413 2363 deinceps
1433 2322 1474 2354 de
1489 2321 1546 2353 suo
1564 2331 1725 2364 quemque
1745 2323 1814 2363 jure
1831 2331 1896 2354 non
1915 2322 1978 2363 pri-

1115 2371 1189 2396 vata
1211 2364 1266 2404 vi,
1288 2362 1341 2395 sed
1356 2362 1478 2404 legibus
1493 2363 1705 2405 judiciisque,
1729 2364 1887 2404 experiri:
1911 2372 1978 2395 non

1115 2407 1235 2446 patitur
1251 2412 1359 2437 tamen
1376 2405 1457 2436 ratio
1472 2427 1483 2443 ,
1515 2404 1597 2437 hanc
1622 2405 1875 2437 conventionem
1897 2405 1979 2437 ultra

1115 2447 1234 2478 habere
1251 2445 1402 2478 effectum
1423 2469 1433 2485 ,
1463 2454 1558 2487 quam
1584 2456 1621 2478 ea
1640 2447 1715 2487 iuris
1739 2446 1873 2479 societas
1888 2455 1905 2476 a
1922 2445 1980 2477 fin-

1117 2488 1199 2530 gulis
1223 2487 1316 2528 poffit
1335 2487 1458 2529 legibus
1476 2496 1514 2518 ac
1529 2488 1655 2528 judiciis
1680 2488 1832 2520 obtineri.
1864 2496 1935 2519 narn
1956 2486 1979 2518 fi

1117 2539 1185 2562 non
1205 2528 1319 2569 poffit3
1341 2528 1452 2560 deficit
1473 2528 1583 2568 causa,
1615 2529 1660 2561 ob
1682 2538 1778 2570 quam
1795 2528 1857 2560 fuit
1879 2527 1979 2560 visum

1117 2571 1267 2603 omnibus
1281 2594 1292 2609 ‚
1314 2579 1332 2601 a
1352 2569 1485 2602 naturali
1502 2570 1612 2602 tuendi
1636 2570 1666 2601 se
1682 2571 1832 2602 libertate
1848 2569 1980 2601 recede-

1117 2622 1171 2645 re:
1192 2620 1253 2643 nec
1271 2610 1386 2650 restat,
1408 2611 1464 2642 nisi
1483 2617 1518 2642 ut
1537 2612 1672 2652 quisque
1686 2612 1734 2652 jus
1752 2612 1840 2652 quod
1858 2620 1873 2641 a
1891 2617 1981 2641 natu-

1118 2664 1151 2686 ra
1165 2653 1291 2694 accepit
1308 2652 1348 2684 ad
1365 2652 1408 2683 sui
1428 2651 1726 2691 conservationem,
1748 2660 1810 2683 nec
1833 2651 1894 2682 ulla
1915 2652 1980 2692 jam

1119 2695 1277 2727 imminuit
1294 2693 1536 2732 conventione,
1560 2702 1684 2725 merum
1706 2699 1804 2733 atque
1822 2694 1982 2734 integrum

1120 2736 1238 2768 habere
1263 2734 1467 2776 intelligatur.
1515 2734 1560 2765 Et
1584 2742 1673 2766 certe
1696 2733 1718 2766 fi
1741 2735 1816 2775 quid
1847 2733 1980 2765 strictius

1118 2778 1395 2819 interpretemur:
1429 2775 1508 2815 quid
1532 2775 1677 2808 futurum
1700 2778 1787 2807 erit:
1820 2775 1875 2807 nifi
1898 2782 1932 2806 ut
1951 2774 1981 2806 ei

1121 2820 1204 2861 quis
1216 2818 1279 2850 alio
1300 2817 1366 2850 vim
1385 2816 1529 2849 faciente
1544 2839 1555 2857 ‚
1585 2817 1673 2850 malit
1686 2817 1754 2858 iure
1773 2817 1981 2858 judicioque,

1121 2869 1215 2901 quam
1235 2858 1368 2891 naturali
1391 2858 1578 2891 defenfione
1595 2882 1606 2898 ‚
1636 2858 1703 2898 uti,
1735 2867 1810 2890 ante
1832 2857 1981 2898 patienda

1120 2902 1156 2934 fit
1174 2901 1221 2933 vis
1238 2899 1370 2940 injusta,
1402 2908 1496 2940 quam
1519 2901 1549 2932 ei
1571 2900 1695 2941 legibus
1708 2899 1899 2941 iudiciisque
1913 2897 1980 2929 suc·

1120 2943 1201 2974 curri
1218 2941 1337 2982 possit?
1359 2940 1460 2982 Igitur
1477 2941 1531 2982 qui
1552 2942 1712 2974 latronem
1727 2949 1782 2972 aut
1797 2948 1981 2980 quemcum-

1120 2993 1183 3025 que
1203 2984 1298 3014 alium
1315 2982 1403 3014 ferro
1425 2981 1457 3014 se
1482 2990 1649 3023 petentem
1671 2981 1818 3020 occidit,
1844 2990 1909 3012 non
1935 2980 1981 3012 vi-

1121 3027 1214 3057 detur
1236 3033 1311 3056 eum
1328 3024 1442 3065 injuria
1457 3025 1627 3057 occidere:
1650 3024 1723 3065 quia
1739 3022 1802 3054 vim
1821 3023 1851 3052 vi
1866 3020 1981 3054 defen·

1119 3069 1196 3099 dere
1211 3075 1325 3098 omnes
1342 3066 1446 3107 leges,
1469 3067 1642 3108 omniaque
1662 3066 1726 3106 iura
1738 3086 1749 3103 ,
1771 3065 1980 3104 permittunt=

1118 3109 1166 3140 uti
1191 3117 1269 3140 vere
1293 3107 1407 3140 Paulus
1428 3107 1448 3139 l.
1466 3117 1516 3148 45.
1538 3108 1567 3149 §.
1582 3119 1612 3148 4.
1635 3102 1678 3138 D.
1703 3104 1753 3137 Ad
1775 3105 1862 3147 legem
1882 3105 1981 3146 Aqui-

1118 3151 1209 3188 liam,
1239 3148 1340 3190 Gajus
1362 3149 1382 3180 l.
1403 3157 1434 3190 4.
1457 3148 1501 3181 D.
1522 3151 1580 3181 eod.
1597 3149 1645 3180 tit.
1669 3146 1699 3178 &
1717 3146 1834 3178 Cicero
1849 3153 1902 3187 pro
1918 3145 1980 3177 Mi-

1120 3192 1191 3223 lone.
1235 3191 1341 3231 Atque
1362 3190 1394 3222 id
1417 3198 1542 3223 certum
1574 3189 1645 3228 est,
1675 3196 1749 3220 cum
1778 3188 1865 3221 illum
1893 3187 1980 3219 feriit

1121 3234 1175 3273 qui
1193 3234 1256 3264 vim
1274 3232 1400 3264 intulit:
1422 3230 1476 3264 sed
1491 3232 1530 3270 fi,
1553 3239 1627 3261 cum
1649 3229 1749 3261 vellet
1770 3228 1856 3260 hunc
1873 3236 1981 3269 percu·

1120 3281 1211 3314 tere,
1233 3273 1329 3307 alium
1350 3281 1447 3314 quem
1464 3277 1710 3313 praetereuntem
1729 3271 1897 3310 perculsit,
1919 3274 1981 3314 anr-

1940 3310 1985 3346 bi*
