2052 3487
161 95 230 139 238
749 84 784 120 G
809 94 829 118 a
855 92 876 117 a
901 90 922 116 A
947 92 969 117 R
988 88 1018 115 v1)
1043 90 1057 117 1

161 181 238 214 mile
261 179 394 223 procedi
417 176 535 219 patitur
564 174 584 207 1.
608 181 788 218 10.=11.·12.
804 171 841 206 &⁹
859 181 906 212 13.
930 169 972 201 D.
1004 170 1038 201 de

163 224 289 264 legibus,
313 222 366 253 sed
387 218 532 251 adversus
550 225 601 247 eas
624 215 808 253 Principum
837 212 1037 254 benignitate

161 265 346 304 indulgetur
361 261 379 291 l.
401 271 427 291 1.
450 259 491 290 D.
515 259 550 289 de
564 257 643 288 lionis
658 264 753 286 eorum
768 255 819 295 qui
836 259 904 285 ante
918 253 1035 292 senten-

162 307 262 337 tiam:
293 302 380 343 quod
403 307 509 331 autem
533 306 646 329 contra
671 298 827 328 rationein
843 295 918 335 juris
937 317 947 334 ,
979 292 1035 324 etsi

163 345 363 388 probabilem
375 365 384 380 ,
407 349 513 372 tamen
531 339 737 379 singularem,
761 336 804 367 ob
821 337 942 367 caulam
958 344 1035 365 con-

164 387 316 423 stituitur3
343 385 407 414 hoc
430 383 484 423 qui
502 380 607 422 potest
625 380 665 411 ad
685 378 946 418 consequentiam
962 385 1035 416 pro-

164 428 239 460 duci
266 427 286 458 l.
314 435 361 463 14.
385 423 421 458 ὅ)
448 433 495 464 15.
526 422 568 454 D.
600 423 633 453 de
656 418 797 462 legibus?
831 418 905 450 Nec
929 425 1036 448 tamen

164 467 251 502 deest
267 466 466 502 differentia,
489 472 586 504 atque
604 472 641 494 ea
657 460 807 493 notabilis
820 481 830 498 ,
854 468 925 500 quae
940 467 1037 489 trans-

162 509 262 552 igenti
280 514 388 548 pareat
402 515 479 545 ree,
502 503 677 537 accusatori
702 512 767 534 non
789 507 910 542 parcat.
952 497 1037 530 Nam

163 552 302 593 primuni
319 547 485 580 accusator
499 570 510 585 ,
540 555 613 577 cum
638 544 668 576 se
685 542 915 582 subscriptione
932 541 963 572 in
979 541 1037 571 cri—

163 602 239 625 men
255 591 375 632 obligat
393 590 431 620 ad
453 587 688 620 similitudinem
712 584 880 625 supplicii,
903 581 954 613 sua
979 590 1035 612 vo-

164 636 287 666 luntate
314 633 344 664 in
371 632 446 662 vitae
473 629 649 670 periculum
680 626 878 663 deducitur3
915 624 1035 664 quippe

164 685 238 708 cum
255 672 400 706 accusare
416 672 534 703 invitus
552 679 616 701 non
633 676 766 709 cogatur
781 667 799 698 l.
817 668 895 697 unic.
912 665 945 695 C.
994 663 1038 694 Ut

164 726 245 749 nemo
261 717 376 747 invitus
398 722 479 754 agere
501 712 547 743 vel
571 710 704 746 accusare
729 714 871 749 cogatur:
894 715 966 737 reus
984 715 1038 736 ve-

164 768 202 792 ro
218 781 228 797 ‚
258 757 312 788 ubi
338 754 501 787 accusatur
525 753 666 793 capitalis
690 752 831 782 criminis
849 772 859 788 ‚
897 757 961 778 non
987 746 1037 777 sua

166 800 337 832 voluntate
354 796 553 838 periclitatur
568 805 576 825 ε
608 792 705 834 (quis
722 792 807 823 enim
826 790 938 820 volens
954 788 1037 828 capi-

167 843 207 874 tis
229 838 444 876 accusatur?)
467 837 522 867 sed
544 834 711 867 adversarii
736 833 900 864 delatione
922 831 1039 861 invitus

165 884 239 914 vitae
255 880 397 922 periculo
413 878 573 918 objicitur.
617 875 670 907 Est
687 875 801 916 igitur,
823 882 880 904 cur
902 881 960 903 reo
985 871 1039 902 de-

168 932 220 956 tur
246 921 467 955 transactionis
492 923 610 956 venia;
639 915 812 948 accusatori
836 923 901 945 non
925 914 1039 944 deturx

167 965 240 1006 quia
263 964 359 995 habet
382 959 547 993 accusator
574 960 662 999 quod
690 957 745 989 fibi
775 959 940 996 imputet3
969 962 1040 984 reus

166 1015 235 1038 non
253 1006 360 1037 habet.
392 1003 443 1036 Ad
459 1002 541 1033 hanc
557 1000 770 1033 differentiam
785 997 910 1029 accedit
927 995 1041 1031 altera;

166 1048 255 1089 quod
274 1055 344 1078 reus
360 1045 489 1087 quidem
502 1067 511 1082 ,
533 1050 568 1074 ut
586 1041 616 1073 se
631 1041 747 1073 liberet
763 1039 877 1079 capitis
896 1036 1040 1078 periculo

167 1091 200 1123 in
217 1098 283 1130 quo
301 1087 364 1126 est,
388 1084 564 1117 accusatori
583 1083 750 1125 pecuniam
775 1082 815 1113 de
838 1079 891 1110 suo
910 1079 982 1116 dat,
1011 1077 1041 1108 &

166 1139 281 1172 magna
302 1127 418 1160 causa:
451 1134 563 1157 verum
593 1123 758 1156 accusator
774 1145 784 1161 ‚
818 1130 852 1153 ut
876 1118 998 1152 desistat
1024 1127 1041 1149 a

167 1169 456 1211 criminalijudicio
472 1191 482 1207 ,
516 1175 670 1207 reumque
694 1165 810 1196 liberet
827 1186 836 1201 ‚
860 1171 925 1202 quo
943 1161 1015 1201 jure
1030 1182 1040 1198 ‚

165 1222 219 1246 aut
237 1213 372 1251 colore,
396 1210 435 1241 ab
454 1219 494 1240 eo
512 1209 680 1250 pecuniam
706 1206 788 1246 petit
811 1213 916 1244 neque
936 1203 1041 1239 suam,

168 1264 275 1295 neque
298 1253 353 1285 fibi
373 1252 514 1283 debitam
532 1250 557 1281 ²?
576 1249 702 1289 lnquies
719 1270 728 1286 ,
760 1246 805 1277 uti
828 1243 1041 1276 transactione

169 1306 239 1338 quae
259 1296 388 1327 deinum
415 1292 449 1323 flt
477 1292 584 1331 aliquo
611 1291 705 1327 dato,
729 1295 783 1318 aut
805 1293 932 1318 retento
948 1308 958 1324 ,
989 1292 1042 1315 aut

169 1336 322 1379 promisso
335 1359 344 1374 ,
369 1335 442 1365 vitae
459 1332 604 1373 periculo
622 1332 795 1367 liberetur,
819 1327 970 1367 exemplo
988 1325 1044 1356 rei.

171 1379 235 1411 Sed
253 1379 390 1418 primum
410 1385 480 1416 quae
498 1372 586 1405 causa
603 1374 632 1404 ei
650 1372 815 1411 exigendae
831 1369 884 1400 fibi
901 1368 1044 1408 pecuniae

171 1430 212 1452 ex
232 1418 322 1450 causa
347 1426 411 1449 non
436 1416 486 1447 sua
507 1438 516 1453 ,
547 1414 600 1445 sed
628 1413 765 1453 publica.
823 1409 951 1441 Deinde
974 1411 1044 1449 quis

170 1470 294 1498 metus,
319 1469 358 1490 ne
376 1467 446 1489 reus
465 1466 528 1487 non
547 1464 638 1495 :eque
660 1451 867 1484 consensurus
892 1451 920 1482 ei
945 1449 981 1482 fit
1006 1450 1044 1481 ab

171 1501 372 1534 accusatione
398 1497 555 1529 desistenti
574 1519 584 1535 ,
622 1496 704 1526 nulla
732 1493 842 1524 exacta
874 1494 1008 1533 pecunia
1024 1492 1041 1522 ’.δ

170 1543 249 1577 Non
278 1542 373 1581 igitur
394 1548 430 1570 ea
453 1539 534 1569 ratio
559 1537 604 1568 est
628 1536 793 1577 exigendae
817 1536 848 1565 in
877 1532 1043 1574 proposito

169 1584 316 1627 pecuniae
335 1589 405 1621 quae
422 1579 466 1610 est
482 1579 591 1610 dandae
609 1588 617 1608 :
649 1586 686 1608 ac
711 1576 732 1608 fi
748 1599 758 1615 ‚
789 1576 876 1616 quod
898 1585 948 1606 res
974 1574 1018 1605 est
1034 1595 1044 1612 ,

170 1627 274 1658 dicam
295 1647 304 1662 ,
336 1629 506 1661 numquam
531 1618 712 1656 accusator,
736 1626 809 1648 cum
832 1616 975 1657 transigit
1004 1616 1045 1646 de

171 1665 296 1706 capitali
314 1664 465 1701 crimine,
487 1662 604 1701 accipit
634 1669 651 1691 a
675 1668 731 1691 reo
748 1659 913 1700 pecuniam
932 1656 1046 1697 proba-

170 1709 226 1740 bili
241 1716 283 1739 ex
299 1703 413 1745 causa;
444 1704 613 1744 multoque
634 1702 737 1734 minus
753 1723 764 1740 ,
796 1707 830 1732 ut
855 1699 944 1732 suum
965 1698 1046 1730 redi-

1122 77 1353 115 Noonr

1078 175 1144 201 mat
1167 167 1369 210 sanguinem:
1394 167 1466 208 quin
1480 189 1490 206 ‚
1513 172 1548 199 ut
1572 174 1661 199 reum
1688 170 1869 211 concutiat,
1891 179 1945 205 aut

1079 219 1188 257 certe,
1213 217 1246 240 ut
1272 211 1358 251 leges
1384 211 1411 240 ei
1440 209 1574 250 prodat,
1598 218 1666 240 earn
1692 208 1879 252 inhumane,
1900 215 1948 246 in.

1076 252 1174 292 Julte,
1197 260 1234 281 ac
1251 253 1403 292 turpiter,
1427 253 1455 281 ei
1477 257 1653 289 extorquet
1671 260 1679 281 :
1712 250 1774 280 hoc
1789 254 1919 292 amplius

1079 301 1151 335 cum
1177 292 1282 332 potest
1311 302 1328 323 a
1357 291 1469 332 Judice
1486 314 1495 330 ,
1529 292 1631 331 petita
1656 290 1827 330 aliquando
1855 277 1947 334 fine:

1079 334 1267 379 plerumque
1292 343 1332 364 ex
1348 357 1358 371 ,
1397 334 1440 364 rei
1466 332 1619 364 consensu
1645 332 1822 364 abolitione
1838 356 1848 370 ,
1885 336 1949 367 vin-

1079 375 1153 406 culo
1175 374 1411 414 iubscriptionis
1437 373 1540 411 solvi,
1574 374 1602 405 ἂ
1629 373 1759 414 impune
1785 374 1948 408 defistcndi

1079 417 1119 446 ab
1144 415 1346 447 accusatione
1368 415 1556 448 facultatem
1581 415 1727 455 accipere
1754 414 1773 445 l.
1799 425 1829 456 3.
1861 416 1895 447 C.
1916 418 1950 448 de

1079 457 1298 493 abolitionibu53
1321 456 1343 488 fi
1367 466 1431 488 non
1455 457 1636 493 fallaciter,
1660 456 1713 486 sed
1729 454 1847 487 sincera
1863 466 1949 489 men-

1081 506 1113 528 te
1129 521 1138 536 ,
1163 507 1218 538 per
1243 507 1383 531 errorem
1401 521 1410 536 ‚
1442 497 1493 529 seu
1520 498 1734 529 temeritatem
1753 520 1763 536 ,
1794 497 1848 529 seu
1868 499 1950 530 calo.

1079 549 1166 577 rem,
1189 540 1227 571 ad
1242 539 1478 585 accusationem
1496 538 1673 580 prosiluerit
1689 548 1699 577 ;
1722 547 1784 570 nec
1801 540 1948 579 depectio

1079 589 1116 610 ac
1134 589 1276 627 pecuniae
1293 581 1462 621 corruptio
1479 588 1646 622 appareat;
1664 588 1735 611 nam
1753 580 1819 611 hoc
1835 580 1867 612 in
1883 581 1904 613 l.
1919 591 1949 614 2.

1080 622 1113 652 C.
1129 622 1188 654 eod.
1206 627 1253 652 tzt.
1279 620 1471 653 desideratur
1488 633 1496 654 x
1520 622 1551 653 in
1568 630 1670 662 eaque
1687 620 1875 662 depectionem
1891 631 1950 662 pro

1080 664 1266 709 deteptionem
1283 663 1345 703 legi
1363 671 1516 703 oportere
1533 686 1542 702 ‚
1572 663 1647 694 alibi
1667 664 1788 694 monui.
1831 663 1952 697 Poffint

1081 713 1176 744 igitur
1193 713 1269 743 quas
1285 704 1377 742 dedi,
1398 703 1539 735 sufficere
1556 703 1743 736 differeiitiae
1762 704 1800 736 ad
1818 705 1952 737 demon·

1078 745 1236 777 strandum
1249 768 1269 790 ,ἡ
1283 755 1347 791 non
1365 744 1427 776 esse
1446 754 1515 776 eam
1539 754 1607 785 quae
1634 745 1774 777 creditur
1789 768 1800 784 ‚
1831 746 1953 778 accusa-

1082 795 1159 832 toris
1180 787 1209 817 &
1227 795 1269 817 rei
1286 787 1542 825 liinilitudinem3
1567 787 1597 817 ὅ(
1622 788 1696 817 ideo
1717 786 1803 818 recte
1817 789 1952 821 alterum

1081 828 1284 859 miseratione
1307 828 1437 869 dignum
1456 827 1564 858 haberi
1581 851 1590 865 ‚
1623 827 1754 859 volente
1777 828 1953 861 humanita-

1082 878 1134 915 te3
1158 869 1290 900 alterum
1307 869 1470 910 publicum
1489 869 1601 900 mereri
1618 870 1726 900 odium
1739 892 1748 908 ,
1773 871 1816 901 ob
1834 871 1954 911 impro-

1082 911 1226 956 bitatem.
1252 951 1257 956 .
1277 910 1308 956 Si
1334 919 1439 942 tamen
1463 912 1566 951 gravis
1589 919 1653 941 non
1676 920 1759 949 ero;
1788 912 1901 944 addam
1923 913 1954 946 &

1084 960 1210 997 tertiam
1229 951 1459 983 differentiam:
1483 961 1553 992 quae
1572 951 1635 989 est,
1659 953 1747 992 quod
1765 962 1857 992 reus,
1881 962 1955 994 pro-

1083 994 1156 1024 bata
1179 1002 1210 1024 in
1233 993 1359 1032 capitali
1383 992 1504 1032 judicio
1533 992 1723 1024 accusatoris
1747 994 1926 1027 intentione
1943 1019 1956 1036 ,

1083 1035 1274 1079 plerumque
1288 1041 1392 1066 morte
1408 1033 1470 1065 sine
1488 1034 1692 1066 cunctatione
1710 1031 1846 1068 afficitur
1861 1046 1870 1068 :
1901 1046 1956 1068 ve·

1083 1086 1152 1107 runi
1171 1076 1352 1114 accusator,
1375 1075 1522 1106 absoluto
1539 1085 1613 1114 reo,
1639 1085 1703 1107 non
1728 1077 1800 1109 alias
1825 1078 1956 1118 punitur

1082 1117 1284 1164 similitudine
1303 1116 1444 1157 supplicii
1463 1126 1473 1155 3
1496 1126 1588 1157 quarn
1611 1116 1631 1148 fi
1654 1116 1743 1148 causa
1766 1121 1897 1158 cognita
1910 1120 1957 1159 ju·

1084 1160 1225 1190 dicatum
1242 1158 1359 1197 fuerit,
1384 1157 1535 1189 scientem
1554 1158 1780 1191 calumniatum
1798 1160 1871 1193 effe.
1909 1163 1954 1193 lta

1085 1199 1129 1232 est
1147 1210 1154 1231 :
1186 1199 1331 1231 absoluto
1354 1201 1439 1230 enim
1466 1209 1522 1231 reo
1542 1223 1551 1237 ‚
1579 1201 1706 1232 demum
1723 1201 1836 1242 incipit
1852 1203 1957 1242 Judex

1085 1244 1124 1272 de
1146 1241 1337 1281 accusatoris
1361 1240 1493 1272 consilio
1512 1250 1673 1281 quaerere,
1698 1251 1760 1282 qua
1775 1252 1886 1276 mente
1902 1245 1957 1276 du-

1087 1283 1154 1330 ctus
1177 1286 1215 1314 ad
1239 1283 1447 1330 accusandum
1475 1282 1685 1322 process'erit:
1709 1285 1760 1322 dt,
1786 1284 1957 1326 liquidem

1086 1324 1199 1370 justum
1224 1334 1289 1364 ejus
1318 1333 1460 1355 errorem
1486 1327 1640 1364 repererit
1657 1348 1666 1363 ,
1700 1335 1770 1356 eum
1794 1327 1956 1360 absolvit:

1088 1365 1130 1398 fin
1154 1375 1185 1397 in
1209 1366 1359 1397 evidente
1383 1365 1539 1396 calumnia
1563 1366 1830 1406 deprehenderit,
1856 1369 1958 1409 legiti-

1089 1416 1173 1438 mam
1190 1409 1218 1438 ei
1235 1416 1362 1447 poenam
1380 1406 1500 1447 irrogat
1522 1407 1541 1438 l.
1566 1417 1590 1438 i.
1615 1408 1643 1446 ξ.
1662 1417 1690 1448 3.
1717 1407 1758 1439 D.
1803 1411 1853 1440 Aa
1868 1410 1958 1442 Sena-

1086 1449 1294 1493 tusconsiilctcm
1315 1448 1527 1488 Turpilianum.
1570 1448 1615 1479 Ea
1642 1459 1720 1480 vero
1743 1459 1776 1481 re
1792 1450 1812 1481 si
1837 1452 1959 1483 videbi·

1087 1498 1138 1537 tur
1153 1491 1317 1521 accusator
1333 1491 1363 1520 in
1389 1490 1501 1533 capitis
1524 1491 1699 1529 periculum
1719 1493 1852 1530 venire3
1883 1494 1958 1524 lice-

1087 1533 1134 1563 bit
1163 1541 1191 1563 ei
1218 1533 1390 1571 transigere
1411 1541 1418 1562 :
1452 1531 1503 1560 led
1523 1532 1585 1571 jam
1609 1532 1677 1571 jure
1701 1533 1772 1571 rei,
1803 1541 1900 1573 atque
1923 1541 1957 1566 ut

1087 1573 1268 1615 sanguinem
1287 1572 1373 1604 suum
1393 1572 1526 1603 redimat
1546 1583 1554 1611 ;
1577 1581 1641 1603 non
1658 1573 1726 1612 jure
1748 1575 1957 1614 accusatoris,
2001 1585 2007 1592 ⁸
2042 1572 2043 1605 i

1089 1616 1117 1646 &
1132 1623 1167 1645 ut
1182 1623 1270 1646 reum
1289 1612 1493 1661 concuffione
1510 1621 1609 1645 vexet
1626 1637 1635 1652 ,
1659 1622 1711 1645 aut
1736 1615 1763 1645 ei
1784 1615 1869 1657 leges
1887 1626 1958 1657 pro-

1089 1657 1160 1696 dat,
1184 1657 1260 1688 dum
1276 1665 1342 1697 ejus
1358 1654 1481 1687 causam
1499 1655 1631 1696 peffimo
1649 1656 1799 1697 exemplo
1817 1658 1958 1699 adjuvat.

874 1828 1093 1865 Capu-r
1144 1824 1258 1864 XIV.

317 1936 470 1982 Ulpianus
496 1930 644 1980 expofitus
668 1930 727 1966 loco
753 1927 914 1965 admodum
940 1924 1060 1973 obscuro

900 1976 933 2011 de
958 1975 1240 2011 calumniatoribus.

249 2124 268 2154 l.
288 2133 313 2155 1.
336 2122 365 2164 §.
389 2130 414 2153 1.
439 2120 475 2155 ὅ)
496 2130 526 2161 3.
551 2118 593 2150 D.
609 2119 641 2149 de
660 2116 925 2147 calumniatoribus.

230 2174 255 2196 1.
283 2164 347 2195 Hoc
364 2169 461 2194 autem
472 2162 621 2203 judicium
637 2167 693 2189 non
700 2157 796 2197 solum
817 2157 850 2187 in
868 2155 1047 2196 pecuniariis

215 2215 327 2242 cauis,
342 2205 396 2242 ,led
423 2207 460 2234 aa
480 2202 598 2242 publica
620 2200 743 2230 trintina
760 2198 904 2239 periinere
926 2196 1047 2236 Pompo·

214 2247 283 2278 nius
290 2245 412 2286 scribit:
435 2245 559 2274 maxime
576 2251 640 2272 cum
658 2240 694 2275 ὅ)
714 2240 791 2279 Lege
810 2238 1047 2279 Repetunaarzim

216 2293 370 2324 teneatur,
395 2286 447 2327 qui
469 2285 501 2315 ob
525 2284 670 2324 negotium
685 2281 857 2321 faciendum
874 2303 883 2318 ‚
914 2285 969 2311 aut
989 2288 1047 2310 non

209 2329 383 2369 faciendum
405 2333 458 2367 per
478 2325 653 2356 calumniam
668 2324 819 2363 pecuniam
839 2322 958 2361 accepit.

176 2370 207 2412 ᾗ.
230 2380 250 2412 3
303 2370 360 2401 Sed
383 2367 419 2402 &²
448 2363 621 2407 constitutio
652 2365 838 2405 Imperatoris
867 2361 957 2402 nostri
986 2371 1048 2404 qzcae

207 2413 321 2453 scripta
340 2407 378 2450 est
404 2410 442 2440 ad
466 2406 589 2448 Caffium
608 2406 768 2443 Sabinum,
785 2404 949 2445 probibuit,
968 2401 1048 2445 judi-

219 2454 272 2491 ci,
302 2452 348 2483 vel
372 2450 533 2489 adversario
549 2470 559 2488 ,
590 2449 623 2479 in
641 2446 765 2488 puhlicis
780 2445 864 2484 ,vel
891 2446 1021 2485 privatis
1036 2468 1047 2484 ‚

215 2494 263 2525 vel
286 2493 433 2533 fiscalibus
461 2489 553 2529 caufis
571 2490 725 2529 pecuniam
749 2489 816 2519 dare
836 2498 843 2519 ε
874 2486 911 2521 &³
937 2496 973 2518 ex
994 2486 1048 2518 hac

215 2537 303 2567 caula
318 2534 394 2565 litem
406 2534 500 2574 perire
517 2530 612 2573 juffit.
652 2530 672 2570 †
696 2527 780 2561 Nam
799 2528 922 2560 tractari
935 2526 1046 2568 potest,

210 2575 241 2615 fi
264 2575 445 2612 adversarius
460 2597 471 2613 ,
501 2583 559 2604 non
579 2580 629 2611 per
647 2571 842 2608 calumniam,
869 2569 1046 2611 transigendi

217 2617 315 2648 animo
339 2619 445 2656 accepit
462 2638 472 2654 ,
503 2624 541 2646 an
567 2611 739 2653 Constantio
760 2611 844 2652 ceffiit
860 2611 877 2642 ?
907 2610 949 2641 Et
976 2616 1047 2651 puto

217 2657 336 2698 ceffare:
353 2656 441 2693 ficati
467 2655 516 2686 boc
541 2664 651 2696 quoque
661 2654 833 2695 judicium:
862 2661 952 2693 neque
973 2653 1049 2683 enim

218 2697 461 2730 transactionibus
480 2695 519 2737 est
543 2696 747 2734 interdictum,
765 2695 815 2734 sed
830 2694 956 2733 sordidis
981 2703 1047 2724 con-

218 2750 253 2771 cu
276 2741 399 2770 ionibus.

179 2778 335 2822 Ulpianus
352 2787 520 2818 exponens
537 2777 683 2810 Edictum
701 2778 741 2809 de
759 2775 1047 2809 Calumniatoribus

179 2833 246 2866 quo
269 2823 324 2863 qui
341 2821 527 2861 pecuniam,
553 2828 587 2850 ut
603 2820 769 2859 negotium
797 2819 889 2850 alicui
909 2817 1047 2856 faciant,

179 2865 233 2905 vel
257 2873 323 2895 non
345 2861 464 2893 faciant
482 2883 491 2898 ‚
513 2860 668 2900 accepisse
693 2860 862 2898 dicuntur,
891 2860 971 2890 intra
995 2868 1048 2890 an·

179 2915 256 2939 num
281 2906 313 2936 in
338 2902 545 2944 quadruplum
562 2924 572 2940 ,
603 2900 674 2941 post
696 2910 811 2932 annum
828 2902 858 2931 in
883 2900 1048 2941 simplum,

179 2953 333 2980 tenentur
354 2945 383 2975 d.
406 2944 425 2974 l.
450 2952 475 2974 1.
496 2949 541 2983 pr.
563 2951 659 2982 atque
683 2941 879 2981 indistincte,
908 2941 973 2973 five
996 2950 1049 2982 pe-

181 2988 322 3021 cuniaria
343 2985 433 3017 causa
448 2983 504 3022 fit,
529 2982 593 3014 five
616 2983 735 3013 crimen
754 2984 918 3022 publicum
936 2984 963 3014 d.
983 2982 1001 3013 l.
1023 2991 1049 3013 1.

178 3031 209 3104 ἱ
230 3041 255 3062 1.
282 3028 417 3069 primurn
439 3024 547 3057 inserit
571 3024 636 3064 eJus
662 3022 763 3053 Edicti
793 3024 1050 3064 interpretationi

212 3079 306 3113 egem
331 3068 443 3107 juliam
468 3066 747 3106 Repetundarum‚
770 3065 864 3095 etiam
887 3064 1048 3096 Constitu-

183 3115 304 3145 tionem
326 3108 548 3149 Imperatoris,
572 3105 729 3138 Antonini
743 3103 930 3143 Caracallae3
954 3114 1049 3146 atque

182 3155 248 3191 ait,
270 3152 321 3183 illa
345 3150 446 3182 teneri
464 3149 518 3190 qui
536 3147 580 3179 ob
597 3145 762 3188 negotium
779 3144 979 3185 faciendum,
997 3154 1050 3178 aut

183 3203 250 3229 non
265 3191 465 3232 faciendum,
488 3189 658 3232 pecuniam
672 3196 730 3228 pei·
753 3187 941 3220 calumniam
959 3196 1048 3219 acce-

174 2081 273 2156 Sed
297 2080 453 2119 Ulpianus
471 2078 622 2110 reclamat
647 2074 754 2106 verbis
779 2057 983 2114 sequentibus
1005 2080 1047 2103 ex

1084 1923 1126 1965 δέ)
1151 1926 1295 1960 intricata
1321 1925 1372 1971 qui
1397 1925 1443 1974 est
1467 1927 1500 1961 in
1534 1926 1554 1961 l.
1584 1935 1615 1963 Ι.
1648 1925 1677 1975 ᾗ,
1706 1937 1738 1972 3.
1771 1927 1819 1963 D.

1089 2077 1156 2111 pit:
1180 2069 1263 2115 hanc
1285 2078 1364 2117 vero
1381 2069 1573 2116 prohibere,
1596 2069 1699 2113 Judici
1716 2072 1767 2105 vel
1783 2072 1962 2105 adversario

1089 2119 1258 2152 pecuniam
1286 2112 1350 2143 dari
1383 2121 1413 2143 in
1440 2115 1571 2152 privatis
1589 2137 1599 2153 ,
1631 2115 1682 2146 vel
1713 2113 1849 2156 publicis
1867 2135 1877 2150 ‚
1907 2115 1961 2147 vel

1088 2152 1265 2200 fiscalibus,
1283 2152 1405 2199 *caufis;
1429 2154 1458 2184 δε
1477 2164 1517 2186 ex
1535 2156 1594 2187 hac
1618 2155 1707 2187 causa
1730 2156 1819 2187 litem
1834 2156 1960 2195 perire,

1087 2192 1215 2240 Juffiffe:
1239 2193 1356 2225 deinde
1373 2193 1514 2235 suincit‚
1532 2206 1597 2228 non
1617 2196 1679 2228 effe
1696 2196 1962 2229 transactionibus

1089 2234 1313 2274 interdictum,
1337 2234 1390 2267 sed
1417 2238 1550 2270 sordidis
1574 2238 1849 2270 concuffionibus:
1874 2238 1961 2270 deni·

1090 2286 1172 2323 que,
1196 2275 1280 2308 facta
1297 2277 1529 2324 transactione,
1555 2280 1584 2311 ἀ
1603 2289 1673 2311 eam
1696 2279 1813 2311 cessare
1839 2280 1960 2312 Consti·

1089 2326 1270 2365 tutionem,
1293 2319 1322 2350 ἀ
1341 2318 1500 2352 actionem
1518 2322 1559 2352 de
1575 2321 1869 2353 calumniatoribus.
1905 2321 1960 2353 Vi·

1090 2360 1206 2406 dentur
1226 2368 1324 2406 igitur
1348 2361 1578 2394 transactiones
1601 2372 1692 2404 aeque
1722 2362 1821 2394 actori
1843 2371 1881 2393 ac
1902 2371 1960 2394 reo

1089 2408 1234 2475 Escrffillin
1252 2411 1283 2435 in
1307 2401 1403 2435 causis
1419 2412 1492 2436 cum
1514 2404 1670 2446 publicis,
1693 2412 1758 2436 tum
1779 2404 1911 2446 privatis
1927 2403 1958 2436 Gt.

1212 2452 1258 2475 us.

1114 2483 1225 2531 *Quid
1247 2485 1383 2532 dicimus
1397 2485 1414 2518 ‘2
1433 2495 1498 2518 non
1515 2487 1649 2527 perinde
1664 2486 1887 2528 accipiendum
1904 2484 1959 2518 Ul·

1090 2534 1238 2572 pianum,
1259 2535 1297 2557 ac
1312 2526 1334 2558 fi
1351 2536 1383 2573 in
1400 2535 1473 2574 toto
1486 2527 1514 2569 §.
1533 2538 1562 2569 3.
1586 2537 1734 2568 peraeque
1752 2530 1900 2569 loquatur
1919 2528 1959 2559 de

1089 2567 1246 2614 publicis,
1269 2568 1300 2599 δι
1324 2577 1474 2608 privatis,
1503 2572 1533 2601 ὅ(
1560 2568 1734 2609 fiscalibus,
1758 2570 1862 2602 caufis-
1888 2569 1960 2601 alio-

1091 2618 1166 2648 quin
1189 2617 1372 2656 pateretur,
1403 2609 1526 2651 transigi
1548 2620 1612 2642 non
1638 2612 1739 2643 inodo
1765 2612 1805 2643 de
1822 2611 1959 2643 crimini·

1091 2650 1150 2696 bus
1174 2649 1329 2692 sanguinis
1347 2660 1470 2698 poenam
1495 2653 1731 2693 ingerentibus3
1754 2653 1807 2685 sed
1833 2654 1873 2684 de
1901 2661 1959 2683 cae-

1092 2699 1168 2723 teris
1191 2700 1321 2732 quoque
1338 2693 1522 2739 criminibus
1548 2703 1619 2734 quae
1640 2704 1708 2726 eam
1729 2703 1794 2725 non
1812 2693 1960 2725 inferant.

1091 2734 1181 2774 quod
1205 2734 1235 2765 ἀ
1263 2742 1354 2765 certo
1374 2743 1461 2774 jure,
1486 2735 1516 2766 ἀ
1539 2735 1727 2767 auctoritate
1752 2735 1853 2776 Impp.
1880 2734 1958 2767 Dio·

1090 2775 1217 2806 cletiani
1236 2775 1264 2807 δι
1282 2775 1473 2807 Maximiani
1491 2776 1511 2807 l.
1535 2781 1580 2811 18.
1606 2777 1639 2808 C.
1664 2779 1697 2808 de
1720 2777 1959 2808 transactionibus
1993 2787 1995 2790 ’

1090 2814 1257 2848 refellitur.
1300 2815 1378 2863 Non
1403 2815 1445 2864 sie
1468 2826 1599 2859 quoque
1620 2819 1826 2858 accipiendus
1849 2816 1958 2858 Ulpia-

1090 2866 1169 2895 nus,
1192 2856 1276 2905 quasi
1293 2867 1358 2904 ejus
1383 2866 1464 2890 ratio
1488 2859 1541 2899 sit,
1566 2860 1760 2900 disquirere,
1784 2860 1824 2891 de
1848 2859 1958 2898 quibus

1091 2898 1187 2930 causis
1206 2908 1376 2939 unicuique
1391 2900 1504 2939 liceat,
1529 2901 1579 2933 vel
1597 2911 1662 2933 non
1678 2901 1792 2939 liceat,
1816 2899 1959 2939 transige-

1091 2950 1143 2984 re:>
1166 2938 1218 2972 sed
1235 2947 1358 2989 tantu-m
1378 2942 1483 2972 voluit
1500 2943 1637 2981 docere,
1662 2943 1750 2984 quod
1768 2943 1799 2973 in
1815 2939 1907 2972 causis
1925 2940 1957 2970 in

1093 2981 1206 3028 quibus
1226 2990 1396 3028 unicuique
1412 2982 1489 3014 licet
1506 2983 1674 3025 transigere
1690 3007 1699 3021 ‚
1723 2992 1787 3014 non
1803 2981 1847 3012 est
1861 2982 1957 3011 inter·

1093 3022 1213 3070 dictum
1230 3023 1494 3055 transactionibus
1510 3025 1595 3056 bona
1617 3023 1679 3056 fide
1695 3024 1803 3061 fadis,
1825 3021 1877 3051 sed
1893 3020 1957 3052 sor-

1092 3065 1172 3096 didis
1188 3063 1456 3097 concuffionibus.
1500 3066 1600 3108 Quod
1624 3066 1810 3097 veriffimum
1833 3061 1902 3100 esti
1926 3062 1958 3092 δί

1093 3115 1134 3136 ex
1158 3105 1177 3135 l.
1195 3109 1245 3151 ⁶5³
1270 3104 1298 3146 §.
1327 3113 1353 3136 1.
1378 3105 1419 3137 D.
1445 3107 1478 3137 ale
1501 3106 1676 3139 condictione
1697 3105 1832 3141 indebiti,
1861 3103 1958 3134 etiam

1093 3156 1133 3178 ex
1151 3147 1257 3178 verbis
1273 3148 1302 3177 d.
1320 3146 1339 3177 l.
1360 3156 1385 3178 1.
1410 3147 1439 3189 §.
1455 3156 1486 3189 3.
1509 3149 1626 3188 liquet:
1649 3146 1800 3182 maxime,
1822 3143 1843 3175 si
1860 3144 1889 3175 in
1907 3143 1957 3175 his

1093 3188 1178 3228 legas
1190 3210 1202 3228 >
1226 3187 1331 3229 Neque
1347 3189 1423 3220 enim
1440 3189 1684 3223 transactionibus
1700 3186 1796 3219 licitis
1812 3183 1851 3227 esi
1866 3188 1956 3215 inter-

1843 3224 1959 3259 dictum.
2009 3258 2011 3263 ,
