2036 3495
140 124 210 162 450

142 209 179 234 ut
203 208 336 240 uterque
359 195 492 226 haberet
515 199 555 222 ex
578 199 615 222 ea
632 195 755 230 pai-terri
780 194 911 219 certam.
942 194 974 217 at
990 185 1012 217 si

142 242 275 282 scriptus
294 238 338 269 est
355 237 446 266 heres
461 233 578 270 faetus,
603 229 825 261 consentiente
842 229 873 259 in
892 234 1014 268 partem

143 283 304 325 legitimo:
324 285 389 317 quo
405 281 593 314 argumento
609 271 735 302 videtur
745 269 897 300 Seaevoiae
913 272 1013 300 incer-

145 334 176 356 ta
186 319 326 355 defuncti
343 314 518 347 succeffio?
534 322 607 344 cum
618 311 761 349 constet,
778 312 928 356 quamdiu
945 319 1017 350 pos-

145 367 181 398 sit
203 363 307 394 valere
331 357 555 389 testamentum
571 376 580 392 ,
605 354 722 385 tamdiu
751 352 927 393 legitimum
953 359 1018 381 non

145 403 288 437 admitti:
304 398 499 440 prohibente
512 395 604 428 Civili
615 395 688 434 Jure
700 416 709 432 ,
724 394 859 433 aliquem
876 402 934 433 pro
952 400 1019 432 par·

146 456 176 478 te
193 444 338 476 testatum
352 463 361 478 ,
384 448 443 478 pro
461 445 551 478 parte
569 435 750 467 intestatum
767 434 938 465 decedere.
962 434 1018 463 At-

146 487 198 527 qui
213 486 245 516 in
261 481 473 515 transaetione
488 477 666 519 expressum
681 475 743 508 est:
761 484 795 506 ut
813 483 947 514 uterque
966 474 1020 504 ha-

146 530 237 560 beret
248 524 458 556 hereditatem
474 530 532 561 pro
543 526 629 550 certa
641 525 740 559 parte.
763 517 809 547 Sit
826 518 867 547 ita
878 525 918 546 ex
933 524 1020 546 men-

149 579 180 601 te
196 564 443 606 transigendum.
468 570 499 592 at
508 570 570 601 ego
581 569 644 591 non
657 559 782 590 illorum
800 558 999 588 voluntatem
1010 578 1020 594 ‚

149 610 267 647 vei-ba,
286 606 466 647 pactionem
485 603 623 641 denique
641 609 770 641 quaero;
787 598 840 629 sed
857 597 938 637 Juris
956 596 1021 627 for-

148 660 250 688 mam,
268 648 372 685 usum,
391 656 427 677 ac
443 643 642 685 potestatem.
668 640 811 673 constitit
829 646 935 670 autem
947 661 956 677 ,
972 647 1022 678 pa-

151 693 203 724 eto
220 700 285 723 nori
301 688 415 721 mutari
430 687 478 726 jus
502 683 723 721 succeffionis3
745 690 806 713 nec
824 682 1023 720 privatorum

151 733 335 765 cautionem
354 731 457 769 legum
475 725 667 757 auctoritate
684 722 803 754 censeri
822 722 906 767 ltilt.
925 720 967 766 D.
992 722 1025 751 tie

142 776 210 817 suis
227 774 264 809 ὅ)
280 773 413 812 legitimis
428 770 585 799 heredibus.
617 767 698 797 adeo
721 773 867 805 quamius
885 763 1025 807 instituta

149 814 317 849 inofficiosi
336 810 513 843 testamenti
532 807 754 844 accusatione,
779 815 827 850 res
845 803 1025 851 transactio-

153 868 193 891 ne
210 857 245 889 sit
260 853 378 892 decisa,
397 861 501 883 tamen
522 849 744 881 testamentum
760 847 790 877 in
811 846 865 876 luo
879 854 947 884 Jure
964 853 1026 875 ma-

148 908 246 937 nere,
273 896 424 936 Ulpianus
444 892 551 923 scribit
567 891 586 922 l.
603 900 651 926 29.
670 890 698 932 ὃ.
717 899 744 920 2.
764 887 805 918 D.
827 887 864 933 ‘de
878 884 1028 931 inofficioffi

153 938 327 980 testamento.
365 936 442 967 Non
460 935 556 975 igitur
572 932 670 963 efficit
690 929 877 973 transactum
900 936 934 957 ut
951 927 1028 967 legi-

154 985 248 1013 timus
265 979 301 1011 fit
320 988 360 1010 ex
379 986 468 1018 parte
486 978 595 1012 heres,
621 972 675 1003 etfi
693 971 771 1002 finat
789 970 938 1010 scriptus:
962 976 1027 1014 non

153 1025 248 1054 etIam
265 1020 362 1058 facit,
387 1029 427 1050 ne
445 1017 577 1057 scriptus
595 1014 630 1046 fit
648 1023 687 1057 ex
705 1011 765 1043 ass'e
781 1010 891 1057 heres,
907 1008 963 1040 etfi
981 1018 1027 1048 ip-

154 1064 185 1096 se
203 1063 295 1095 nolit.
321 1061 366 1092 est
382 1060 466 1092 eniin
484 1065 590 1089 certus
605 1056 715 1086 auttor
732 1051 886 1093 Ulpianus
897 1051 915 1082 l.
933 1059 975 1096 ιφ.
988 1049 1030 1080 l).

155 1108 188 1137 cle
214 1104 390 1145 adquirenda
411 1101 582 1136 hereditate,
607 1106 646 1128 ex
662 1095 722 1127 asse
735 1095 911 1140 heredem,
935 1091 1026 1137 fid?

155 1146 317 1179 stinaverit
342 1144 459 1174 habere
483 1148 605 1182 partem
632 1137 817 1180 hereditatis
834 1157 844 1172 ,
867 1134 968 1164 Videri
994 1140 1026 1163 in

156 1188 250 1220 ass'em
269 1195 329 1226 pro
348 1185 466 1215 herede
481 1179 611 1223 geffiffe.
637 1178 748 1209 Paulus
765 1185 859 1222 etiam
875 1178 937 1210 ait,
954 1182 1027 1204 eum

155 1230 208 1270 qui
225 1226 332 1269 potest
344 1234 444 1257 totam
460 1223 669 1254 hereditatem
684 1220 868 1257 adquirere,
887 1224 945 1255 pto
962 1223 1027 1260 par-

157 1280 189 1302 te
207 1279 275 1301 eam
293 1266 468 1298 scindendo
487 1264 572 1294 adire
590 1270 654 1292 non
672 1259 758 1301 poss‘e
777 1259 796 1289 l.
812 1267 837 1289 1.
858 1256 1027 1302 aenean.

155 1312 219 1343 Sed
243 1310 333 1341 finio.
366 1307 435 1338 satis
454 1307 537 1336 enim
555 1301 803 1334 demonstratum
820 1297 883 1344 est,
907 1307 936 1328 in
955 1306 1027 1337 pro-

154 1351 261 1394 posito
278 1359 374 1381 unum
390 1347 496 1379 haberi
514 1345 665 1376 heredem
678 1342 845 1382 scriptum:
862 1340 924 1370 live
941 1338 1029 1368 here-

158 1394 290 1425 ditatem
315 1391 409 1428 adiit,
433 1397 502 1419 orta
526 1383 761 1420 controversia,
786 1382 815 1412 &
838 1390 893 1420 pei·
911 1386 1027 1423 transa3

157 1435 296 1466 Ctionem
312 1432 419 1469 finita,
442 1429 504 1460 five
521 1435 612 1457 ante:
636 1426 776 1464 ideoque
794 1431 866 1452 eum
884 1419 1027 1466 defuncti

157 1473 409 1507 creditoribusin
423 1470 556 1500 solidum
573 1465 674 1496 teneri
691 1464 818 1495 diressis
834 1461 1029 1492 actionibus:

158 1515 313 1557 quidquid
338 1515 422 1543 dicat
445 1508 589 1540 Scaevoia
607 1508 646 1537 de
666 1503 864 1535 succeffionis
884 1502 1030 1545 incerto,

157 1559 262 1597 deque
279 1551 456 1585 dividendis
474 1551 556 1580 inter
573 1555 742 1586 utrumque
754 1543 931 1576 actionibus
952 1542 1030 1588 utilif

156 1599 235 1629 bus:
252 1595 441 1635 explorato,
459 1591 655 1622 creditorum
672 1587 864 1628 petitionem
882 1594 942 1616 nec
961 1583 1029 1614 tolli

157 1639 341 1670 debitorum
368 1633 585 1674 pactionibus,
608 1638 668 1661 nec
693 1628 805 1659 mutari
831 1627 849 1657 l.
870 1636 917 1672 οῖς.
939 1625 972 1656 C.
995 1626 1031 1670 *de

153 1678 260 1722 petetis.
295 1676 393 1709 fuerit
427 1683 532 1706 tamen
558 1672 622 1703 hoc
647 1671 844 1710 consequens
869 1669 1031 1698 lententiae

157 1720 331 1758 Scaevolae,
354 1715 456 1749 divisis
480 1716 564 1746 inter
585 1712 735 1752 scriptum
760 1712 789 1742 &
809 1709 984 1751 legitimum
1002 1717 1031 1738 a·

159 1762 327 1795 monibus.
352 1768 457 1800 pone,
481 1755 658 1796 legitimum
677 1752 739 1784 esse
758 1753 906 1791 inopem:
926 1758 1030 1797 pone,

160 1803 223 1836 effe
239 1802 460 1845 potentiorem
478 1797 608 1835 scriptO.
624 1795 689 1826 illic
704 1794 803 1825 inanis
818 1792 873 1825 fiet
889 1791 971 1822 actio
987 1791 1030 1821 ob

158 1846 302 1886 inopiam
317 1840 501 1878 adversarii,
517 1837 586 1870 istic
603 1836 710 1868 durior
725 1834 977 1881 obpotentiam.
1001 1841 1031 1878 a·

182 1897 198 1918 e
215 1895 312 1924 vero,
328 1892 363 1916 ut
380 1892 434 1924 pai·
451 1881 487 1913 sit
503 1879 668 1918 utriusque
685 1877 849 1908 conditio:
865 1875 970 1907 adhuc
988 1874 1032 1904 di-

190 1929 331 1970 tingetur
348 1927 380 1957 in
406 1924 512 1965 plures
536 1920 734 1953 adversarios
760 1918 802 1957 is,
826 1917 881 1958 qui
906 1916 945 1947 ab
966 1924 1031 1947 uno

161 1972 207 2012 jus
223 1969 308 2001 suum
324 1966 534 2007 consequatur
552 1963 580 1993 &
595 1961 707 1992 melius
726 1960 754 1991 &
770 1959 903 1991 facilius.

204 2011 283 2042 Sane
299 2009 340 2041 sic
357 2007 437 2046 esse,
461 2004 526 2046 ipse
543 2003 686 2035 Scaevola
702 2001 896 2032 confitetur:
920 1998 972 2030 sed
987 1999 1033 2039 Ju-

165 2053 250 2084 dicio
267 2050 335 2082 usus
353 2050 455 2081 minus
472 2045 619 2078 obnoxio
635 2044 664 2075 in
682 2044 700 2073 l.
713 2053 742 2084 3.
759 2042 802 2073 D.
819 2044 851 2073 de
865 2040 1034 2072 transaetio-

164 2095 267 2131 niens,
292 2092 395 2123 verbis
411 2087 625 2129 sequentibus.
662 2084 848 2124 Imperatores
865 2083 1035 2113 Antoninus

165 2134 202 2170 ὅ)
221 2133 314 2164 Verus
329 2134 371 2163 ita
388 2131 601 2170 rescripserunt.
638 2126 770 2157 I’rivcitis
781 2124 961 2166 pastionibus
979 2132 1036 2153 non

166 2171 285 2207 dubium
300 2171 338 2214 eft
354 2183 411 2204 non
426 2172 488 2202 laedz'
499 2171 550 2212 jus
566 2174 738 2199 caeterorum.
764 2176 852 2206 tiuare
868 2164 1037 2196 transactio-

167 2227 203 2248 ne
227 2226 288 2258 quae
313 2217 388 2245 inter
403 2213 529 2243 heredem
546 2210 581 2244 ὅ)
600 2216 718 2241 matrem
736 2206 866 2247 desuncffti
875 2205 961 2246 faeta
978 2203 1036 2244 est,

166 2267 257 2300 neque
272 2255 471 2297 testariientuiiz
485 2251 627 2291 resczffum
641 2251 736 2281 videri
745 2248 834 2289 potest
846 2271 855 2287 ,
880 2257 968 2288 neque
983 2256 1041 2276 ma-

166 2297 297 2340 rzumiffis
324 2297 370 2329 vel
394 2294 541 2335 legatariis
566 2291 760 2330 astionessuae
778 2295 922 2329 ademptae.
953 2296 1041 2329 quare

166 2339 308 2383 quidquid
322 2348 359 2370 ex
373 2336 535 2378 testamento
546 2338 651 2374 petunt
661 2356 671 2370 ‚
679 2333 824 2373 seriptum
838 2332 962 2362 heredem
978 2339 1041 2360 con-

168 2384 267 2414 venire
284 2381 383 2411 dehent
394 2402 403 2417 ,
418 2379 467 2419 qui
483 2378 515 2407 in
532 2373 725 2406 transactione
741 2373 907 2404 hereditatis
923 2378 976 2403 aut
994 2381 1040 2401 ca-

168 2425 214 2455 vit
235 2422 291 2461 fibi
311 2429 363 2462 pro
390 2420 520 2451 oneribus
542 2416 738 2452 hereditariis,
759 2421 811 2445 aut
824 2413 852 2451 fi
871 2423 927 2444 non
943 2413 1040 2450 cavit,

168 2474 226 2495 rzorz
252 2465 329 2494 debet
360 2461 567 2503 negligentiam
592 2462 680 2496 suam
706 2458 744 2487 ad
781 2456 903 2487 alienam
936 2455 1040 2495 injuri-

169 2516 216 2537 am
231 2505 341 2544 referre.
388 2505 439 2535 Sic
456 2499 616 2532 Scaevola:
638 2508 702 2529 non
720 2498 915 2538 respondens
929 2497 990 2537 jam
1011 2505 1041 2525 a·

170 2546 258 2578 mico
274 2547 311 2577 de
325 2546 392 2585 jure
409 2541 608 2578 consulenti3
631 2548 665 2571 ut
682 2540 713 2570 in
732 2542 761 2570 d.
781 2539 800 2570 l.
824 2549 870 2577 14.
903 2547 973 2578 quae
997 2535 1042 2567 est

172 2597 214 2619 ex
237 2587 300 2626 ejus
324 2588 390 2617 libro
413 2585 535 2622 secundo
552 2581 777 2621 Responsorum:
800 2579 851 2611 sed
870 2587 967 2611 artem
986 2579 1041 2609 do-

173 2637 249 2660 cens
273 2628 391 2658 siricere
412 2628 440 2658 <St
466 2625 529 2657 sine
544 2622 677 2655 affectu:
700 2621 894 2653 monstrante
913 2630 976 2652 tam
994 2619 1041 2651 In-

169 2668 343 2709 scriptione
354 2677 423 2707 quae
434 2666 560 2706 praefert
570 2664 722 2696 Scaevolae
734 2664 782 2694 lib.
800 2672 824 2694 1.
839 2661 1042 2706 Digestorum:

127 2737 130 2742 .
175 2720 269 2751 quam
290 2716 361 2739 toto
380 2710 482 2747 capite
501 2707 587 2747 quod
603 2707 692 2736 unius
711 2704 863 2744 Rel'cripti
879 2705 1041 2735 recitatio·

172 2762 214 2783 ne
231 2751 350 2782 finitur.
375 2749 490 2786 species
508 2748 576 2779 talis
594 2746 648 2778 est.
691 2746 861 2784 Testator,
884 2744 1043 2786 praeterita

175 2801 276 2825 matre
291 2792 321 2822 in
341 2790 548 2825 testamento,
571 2789 708 2828 aliquem
727 2788 860 2819 instituit
878 2787 1040 2818 heredem.

175 2835 260 2866 idem
279 2831 410 2864 testator
420 2830 604 2870 quibusdam
615 2830 724 2861 amicis
734 2830 787 2861 dat
802 2830 925 2870 legata,
942 2828 972 2859 &
987 2827 1043 2858 ser-

176 2885 234 2908 vos
251 2875 372 2914 aliquot
395 2871 600 2903 manumittit.
632 2879 762 2902 mortuo
781 2871 896 2901 deinde
915 2869 1044 2900 testato-

175 2928 210 2949 re
222 2940 231 2955 ,
248 2916 339 2947 heres
353 2913 417 2945 adit
436 2912 643 2942 hereditatem
660 2922 698 2943 ex
718 2912 921 2944 testamentO.
945 2919 1045 2942 mater

177 2958 339 2999 queritur,
362 2955 392 2986 se
410 2964 426 2985 a
445 2952 512 2984 filio
535 2951 595 2981 effe
611 2954 800 2991 praeteritam
816 2962 927 2984 contra
945 2952 1045 2984 offici-

177 3009 231 3032 um
256 2999 390 3039 pietatis.
421 2996 513 3026 heres
539 2992 669 3037 scriptu-s
692 3003 763 3025 cum
782 3004 817 3025 ea
835 2995 956 3026 decidit
973 3003 1045 3034 por-

177 3043 267 3073 tione
293 3037 486 3071 hereditati's.
517 3034 659 3073 legatarii
684 3034 722 3064 ab
740 3035 858 3067 herede
875 3044 988 3076 petunt
1006 3035 1047 3065 le-

177 3091 249 3124 gata
264 3080 320 3113 fibi
339 3079 529 3111 testamento
546 3074 664 3106 relicta.
696 3074 875 3116 Quaeritur,
898 3087 935 3108 an
951 3076 1046 3117 jure?

178 3131 292 3155 movet
301 3121 451 3154 dubium:
469 3117 556 3158 quod
567 3115 776 3147 transactione
793 3116 976 3149 hereditatis
992 3118 1046 3148 bo.

179 3175 218 3196 na
235 3165 381 3205 quaedam
399 3166 555 3193 venerunt
574 3157 613 3189 ad
630 3165 772 3188 matrem.
818 3157 905 3198 Quid
922 3159 1046 3189 Scaevo-

177 3206 232 3239 la?
255 3205 360 3238 adfert
382 3202 582 3242 Rescriptum
604 3198 835 3240 Imperatorum
853 3221 864 3237 ,
895 3199 1048 3233 Antonini

732 101 1041 136 GERARDI
1091 96 1323 132 Noonr

1056 186 1086 217 ἃ
1102 185 1197 218 Veri:
1220 185 1484 223 existimantium,
1508 185 1610 226 legata
1635 184 1752 219 debere
1769 196 1785 219 a
1810 187 1924 229 scripto

1057 227 1176 258 herede
1193 228 1276 268 exigi
1292 227 1416 258 actione
1426 236 1466 258 ex
1478 225 1678 258 testamento.
1695 227 1835 261 derecte:
1855 238 1927 262 nam

1058 270 1177 308 absque
1196 269 1407 299 transactione
1422 267 1528 299 foret:
1552 277 1588 298 ea
1604 267 1729 300 afflone
1753 277 1928 301 teneretur.

1060 318 1143 341 nunc
1161 309 1243 341 facta
1259 309 1488 347 transactione,
1512 309 1587 349 quid
1603 309 1633 339 ni
1652 318 1687 339 ea
1704 318 1831 341 maneat
1847 311 1927 341 obli-

1059 350 1173 392 gatus?
1187 360 1224 382 an
1242 352 1325 382 enim
1338 351 1459 382 idcirco
1477 351 1563 390 quod
1580 357 1667 382 mota
1685 349 1730 382 est
1741 351 1867 391 querela
1883 352 1930 389 In-

1061 391 1194 423 officiofi
1219 392 1417 430 testamenti3
1441 401 1576 432 eamque
1600 390 1719 423 sustulit
1742 391 1929 425 transactio:

1062 433 1180 464 idcirca
1203 432 1359 464 resciffum
1386 432 1448 464 esse
1473 434 1718 472 testamentum,
1739 432 1858 464 censeri
1875 442 1932 473 po-

1063 473 1148 505 test?
1165 482 1279 515 negant
1295 474 1506 515 Imperatores
1521 475 1691 506 verisfime:
1708 484 1779 506 nam
1795 482 1862 505 tum
1879 475 1932 506 de-

1063 524 1150 546 mum
1165 516 1304 546 creditur
1317 515 1504 556 defunctus,
1521 516 1573 547 ubi
1584 524 1696 546 contra
1711 515 1933 547 testamentum

1064 564 1097 587 ut
1115 555 1324 588 inofficiosum
1338 557 1510 596 judicatur,
1530 567 1593 589 non
1613 556 1752 588 habuisse
1769 556 1933 588 testamen-

1064 598 1087 628 ti
1103 597 1286 629 factionem.
1303 607 1367 628 non
1384 598 1467 630 idem
1484 599 1547 630 est:
1561 608 1632 630 cum
1651 598 1738 630 actor
1754 598 1866 638 sponte
1881 598 1935 630 de-

1065 637 1140 670 sistit
1156 647 1172 668 a
1187 646 1274 669 mota
1288 640 1435 678 querela,
1451 648 1504 671 aut
1518 641 1558 671 de
1576 650 1612 671 ea
1630 639 1785 681 transigit,
1801 646 1935 679 accepta

1067 688 1166 720 parte.
1183 679 1283 724 adjice
1300 680 1365 710 his:
1381 682 1467 720 quod
1483 684 1605 721 privata
1619 681 1795 712 conventio
1811 680 1866 711 etfi
1881 689 1937 712 no-

1067 729 1138 752 ceat
1153 721 1385 761 pacilcentibus
1396 744 1405 759 ,
1421 722 1499 753 alios
1512 731 1614 754 tamen
1631 731 1664 754 ut
1675 723 1786 761 Iaedat,
1802 731 1866 753 tion
1882 731 1938 762 pu·

1069 762 1256 802 tantjustum
1267 761 1328 792 effe
1340 761 1567 802 Imperatores:
1584 765 1722 803 ideoque
1734 765 1830 804 ajunt,
1842 771 1939 794 trans·

1070 804 1195 835 actione
1213 812 1307 842 quam
1324 802 1416 834 heres
1433 803 1550 836 fecerit
1573 814 1645 836 cuni
1662 804 1802 836 defuncti
1819 814 1940 843 matre,

1070 854 1176 885 neque
1191 843 1348 875 resciffum
1364 843 1681 884 effeytestamentum,
1697 855 1802 886 neque
1814 847 1942 885 ademp—

1071 895 1116 918 tas
1130 885 1318 917 manumiffis
1337 886 1388 917 vel
1407 886 1563 927 legatariis
1583 887 1643 918 ess'e
1658 887 1809 918 actiones.
1852 887 1894 918 At
1910 896 1942 917 e-

1071 928 1136 959 nim
1160 927 1252 958 heres
1277 926 1488 959 transactione
1511 927 1610 959 amisit
1635 937 1755 968 partem
1779 928 1940 959 bonorum

1072 968 1349 1000 hereditariorum.
1392 967 1481 1010 Quid
1506 969 1597 1000 tum?
1621 978 1692 1000 nam
1710 970 1768 1000 alia
1788 969 1833 999 est
1851 969 1939 999 here-

1072 1011 1170 1048 ditas,
1193 1010 1251 1041 alia
1268 1008 1338 1040 sunt
1356 1009 1439 1040 bona
1457 1010 1663 1042 hereditaria:
1687 1010 1734 1041 his
1758 1009 1941 1051 singula-de-

1072 1051 1230 1093 signantur
1247 1059 1401 1091 corpora3
1426 1051 1476 1082 illa
1494 1051 1675 1083 univerfitas
1693 1051 1780 1082 venit
1797 1052 1890 1082 etiam
1906 1050 1942 1082 si-

1070 1103 1110 1125 ne
1128 1092 1335 1131 corporibus:
1352 1091 1407 1123 ista
1423 1092 1454 1124 in
1473 1093 1585 1124 oculos
1602 1093 1764 1124 incurrunt
1782 1092 1811 1123 dt
1830 1092 1883 1123 sub
1900 1100 1942 1122 ta·

1069 1135 1153 1166 ctum
1171 1134 1309 1171 cadunt3
1324 1133 1376 1164 illa
1392 1135 1498 1165 animo
1513 1136 1672 1172 cernitur,
1689 1143 1783 1165 manu
1801 1143 1862 1165 non
1880 1141 1943 1164 tan-

1068 1176 1153 1216 gitur
1167 1181 1188 1206 t.
1200 1181 1221 1206 t.
1238 1173 1310 1214 Inft.
1328 1176 1360 1205 de
1376 1177 1459 1206 rebus
1474 1176 1682 1216 corporalibus.-
1699 1174 1858 1216 postremo
1875 1184 1942 1213 quae

1071 1218 1162 1247 heres
1181 1225 1221 1246 ex
1239 1216 1418 1247 hereditate
1438 1216 1554 1247 habet:
1579 1217 1648 1247 haec
1670 1218 1699 1248 ei
1716 1216 1812 1247 facile
1828 1217 1857 1247 dt
1875 1216 1942 1247 for-

1071 1266 1148 1289 tuna
1173 1257 1202 1288 &
1228 1257 1337 1297 injuria
1362 1257 1483 1289 aufert:
1507 1257 1572 1297 ipse
1597 1258 1691 1289 etiam
1716 1257 1822 1296 potest
1839 1267 1875 1289 ea
1892 1257 1942 1288 sua

1071 1299 1238 1330 voluntate
1256 1308 1273 1328 a
1288 1298 1316 1328 se
1333 1298 1512 1330 dimittere:
1537 1306 1647 1330 contra
1666 1299 1824 1330 hereditas
1848 1300 1944 1330 etlam

1072 1340 1120 1371 his
1139 1340 1260 1370 traditis
1278 1339 1452 1377 amiffisve,
1477 1341 1567 1372 durat
1592 1340 1620 1371 dt
1639 1339 1790 1371 heredem
1808 1341 1946 1379 sequitui·

1071 1381 1091 1411 l.
1109 1390 1159 1421 43.
1176 1380 1205 1421 ὃ.
1223 1391 1252 1421 3.
1272 1380 1312 1411 D.
1340 1382 1373 1411 cie
1392 1381 1512 1421 vulgari
1531 1391 1565 1412 ac
1576 1381 1719 1421 pupillari
1734 1379 1943 1421 substitutione.

1073 1421 1206 1461 Optime
1229 1422 1323 1463 igitur
1346 1421 1394 1462 (si
1419 1422 1559 1454 audimus
1586 1422 1824 1462 Imperatores)
1849 1422 1944 1452 heres

1073 1462 1225 1501 scriptus,
1250 1463 1325 1493 licet
1351 1463 1444 1494 rebus
1469 1464 1668 1495 hereditariis
1693 1473 1763 1495 cum
1788 1463 1947 1494 heredita-

1073 1512 1158 1541 tem,
1183 1512 1250 1534 tum
1275 1503 1496 1535 testamentum
1521 1505 1714 1543 redemerit,
1737 1505 1810 1544 qnia
1827 1505 1944 1535 retmet

1075 1545 1285 1576 hereditatem
1304 1553 1344 1575 ex
1362 1544 1552 1577 testamento
1573 1547 1708 1584 aditam,
1732 1545 1888 1586 legatariis
1905 1554 1944 1575 ac

1074 1585 1263 1618 manumissis
1288 1594 1327 1616 ex
1353 1585 1542 1617 testamento
1570 1594 1706 1617 tenetur.
1739 1586 1791 1618 fac
1818 1594 1944 1624 tamen,

1074 1627 1192 1667 passum
1217 1626 1298 1665 effe,
1322 1628 1353 1657 in
1369 1627 1581 1658 transactione
1596 1627 1650 1658 fibi
1667 1628 1771 1659 caveri
1790 1637 1848 1667 pro
1868 1636 1946 1658 one-

1073 1669 1158 1700 ribus
1170 1668 1375 1700 hereditariis.
1392 1669 1494 1699 adhuc
1504 1677 1615 1708 putant
1627 1668 1836 1709 Imperatores
1846 1692 1856 1706 ‚
1867 1677 1943 1699 con-

1075 1711 1183 1741 venire
1209 1709 1324 1741 formae
1345 1708 1425 1749 Juris
1451 1709 1582 1748 Civilis,
1604 1709 1703 1750 ipsum
1727 1710 1881 1750 legatariis
1905 1718 1942 1740 ac

1074 1751 1264 1783 nianumiffis
1289 1751 1407 1783 teneri:
1431 1759 1692 1790 conventumque
1717 1750 1862 1782 adversus
1880 1759 1943 1781 ma-

1075 1802 1156 1824 trem
1174 1802 1246 1824 cum
1262 1801 1323 1833 qua
1341 1793 1381 1823 de
1400 1793 1550 1825 oneribus
1566 1793 1674 1833 paetus
1689 1791 1744 1830 fit,
1759 1790 1814 1823 suo
1831 1792 1944 1823 ordine

1075 1834 1232 1875 experiri,
1257 1834 1409 1874 exemplo
1434 1842 1550 1874 emptae
1571 1835 1773 1873 venditaeque
1793 1834 1946 1864 heredita·

1075 1877 1134 1908 tis:
1151 1876 1190 1907 de
1206 1884 1267 1915 qua
1285 1876 1315 1906 in
1332 1875 1351 1906 l.
1372 1886 1400 1907 2.
1420 1875 1453 1907 C.
1471 1877 1504 1906 de
1519 1876 1673 1906 hereditate
1689 1876 1735 1906 vel
1751 1874 1861 1906 afflone
1875 1883 1944 1905 vien-

1074 1919 1146 1949 dita.
1171 1917 1265 1958 quid,
1281 1916 1302 1948 fi
1320 1926 1383 1948 non
1401 1917 1485 1948 cavit
1500 1915 1553 1948 sibi
1565 1917 1582 1948 ¹?
1598 1916 1712 1955 habet,
1729 1916 1875 1956 inquiunt
1891 1915 1948 1946 lm-

1076 1966 1258 2000 peratores‚
1276 1959 1364 1999 quod
1381 1957 1434 1990 fibi
1452 1958 1607 1998 imputet:
1626 1966 1657 1988 at
1674 1967 1738 1989 non
1751 1957 1847 1989 debet
1866 1956 1946 1988 suam

1077 2001 1304 2041 negligentiam
1323 2000 1361 2030 ad
1379 2000 1512 2031 alienam
1532 2000 1671 2040 injuriam
1691 1997 1820 2030 referre.
1859 1997 1902 2029 Ita
1917 2007 1947 2028 a·

1077 2045 1142 2082 pud
1158 2041 1334 2073 Scaevolam
1356 2039 1566 2080 Imperatores
1582 2042 1610 2072 d.
1631 2041 1649 2071 l.
1668 2050 1697 2081 3.
1721 2039 1794 2072 Nec
1811 2039 1899 2071 aliter
1914 2048 1948 2069 o-

1079 2085 1205 2124 pinatur
1223 2083 1316 2123 lib.5.
1340 2081 1538 2120 Opinionum
1552 2081 1705 2122 Ulpianus
1715 2083 1733 2112 l.
1747 2091 1795 2118 29.
1812 2080 1887 2123 §214sp
1906 2079 1947 2112 D.

1078 2126 1110 2156 cle
1126 2122 1276 2164 inofficiosi)
1295 2121 1476 2164 testamento:
1500 2123 1666 2169 Quamvis,
1689 2117 1948 2163 inquiensfffnsti-

1080 2163 1300 2204 tutainofficz'ofi
1316 2162 1476 2205 testamenti
1492 2166 1688 2202 accusatione,
1702 2174 1745 2195 res
1761 2162 1949 2195 transattione

1082 2207 1173 2245 decisa
1182 2207 1222 2244 sit
1234 2230 1243 2245 ‚
1264 2213 1357 2237 tamen
1377 2204 1576 2246 testamentum
1592 2207 1686 2245 irzszio
1698 2207 1768 2248 jure
1784 2211 1896 2243 manet,
1913 2202 1949 2238 δ”

1083 2250 1141 2280 ideo
1153 2249 1226 2279 ciatae
1243 2249 1274 2278 in
1291 2257 1319 2278 eo
1334 2248 1477 2278 libertates
1492 2254 1576 2289 atque
1592 2248 1687 2288 legata
1698 2271 1706 2286 ,
1722 2256 1812 2289 usque
1826 2256 1879 2287 quo
1889 2244 1950 2276 Fat-

1083 2291 1158 2321 cz'tiia
1170 2291 1312 2330 permittit
1323 2312 1332 2328 ‚
1349 2290 1436 2329 suam
1452 2289 1554 2320 habent
1569 2286 1743 2329 potestatem.
1775 2288 1827 2319 Sic
1845 2285 1951 2326 Ulpia-

1084 2340 1159 2363 nus:
1178 2331 1207 2362 &
1224 2340 1302 2362 meae
1320 2331 1552 2362 convenienter
1568 2330 1740 2361 sententiae.
1765 2328 1861 2368 igitur
1878 2326 1953 2367 quid

1083 2373 1147 2410 est,
1161 2381 1216 2403 cur
1234 2373 1382 2404 audacior
1402 2372 1528 2403 videar:
1547 2372 1633 2412 quod
1649 2370 1835 2402 auctoritate
1851 2368 1951 2407 Jun‘s,

1083 2415 1171 2453 quod
1190 2413 1372 2445 testimonio
1390 2412 1539 2453 Ulpiani,
1563 2412 1718 2453 ipsiusque
1736 2410 1885 2441 Scaevolae
1906 2409 1951 2439 vi-

1085 2456 1171 2493 etus,
1195 2455 1299 2486 adhuc
1314 2454 1473 2495 suspicor,
1496 2453 1669 2485 Scaevolam
1685 2453 1716 2483 iri
1732 2452 1760 2483 d.
1778 2451 1797 2482 l.
1819 2459 1863 2490 ¹4·
1886 2448 1951 2480 suc-

1085 2497 1254 2529 ceffionem
1283 2505 1352 2536 quae
1377 2504 1444 2527 erat
1468 2503 1575 2533 certa,
1599 2492 1707 2526 dixiffe
1723 2493 1893 2524 incertam:
1918 2499 1953 2522 ut

1084 2540 1190 2579 gratiae
1207 2539 1315 2568 locum
1331 2539 1438 2576 daret,
1461 2544 1556 2576 atque
1571 2535 1750 2576 imaginaria
1766 2533 1838 2565 facti
1856 2533 1953 2563 ambi-

1084 2580 1206 2621 guitate
1222 2579 1345 2619 juvaret
1363 2579 1516 2610 amicum:
1540 2586 1634 2617 quem
1654 2577 1772 2612 absque
1789 2584 1829 2605 eo
1842 2575 1952 2618 colore

1085 2620 1181 2659 esset,
1206 2621 1345 2659 iervare,
1369 2619 1454 2651 salvo
1474 2619 1563 2658 Jure,
1586 2628 1651 2649 non
1669 2616 1795 2658 posset?
1820 2614 1886 2647 Nifi
1903 2615 1953 2645 ali-

1085 2663 1154 2701 quis
1173 2662 1257 2693 dicet
1269 2685 1279 2700 ,
1295 2660 1440 2693 interesse
1458 2660 1675 2700 pulcherrima:
1693 2658 1795 2696 Artis,
1812 2659 1876 2697 ejus
1894 2656 1952 2688 Au-

1085 2704 1188 2735 &ores
1212 2713 1277 2734 non
1303 2702 1439 2734 accusari
1459 2702 1678 2742 imprudentiae
1700 2708 1763 2731 tarn
1782 2700 1949 2730 indecorae.

1085 2746 1127 2776 At
1143 2754 1206 2776 non
1224 2745 1410 2783 intercedo,
1428 2753 1491 2784 quo
1505 2744 1606 2775 minus
1626 2741 1820 2779 delectetur,
1843 2739 1893 2771 cui
1909 2738 1953 2769 Iu·

1085 2787 1178 2824 beat,
1190 2786 1302 2817 talibus
1317 2786 1355 2816 ad
1373 2785 1526 2826 populum
1541 2784 1686 2825 phaleris.
1709 2792 1779 2814 mea
1795 2781 1875 2826 ratio
1892 2778 1951 2817 est,

1086 2836 1197 2859 verum
1214 2835 1372 2865 quaerere,
1390 2827 1417 2857 dt
1435 2827 1601 2858 inventum
1616 2823 1788 2857 monstrare
1803 2822 1881 2862 Juris
1896 2820 1953 2852 ssu-

1087 2868 1189 2901 diosis.
1213 2868 1274 2899 Sed
1292 2877 1351 2898 nec
1363 2867 1408 2898 est
1423 2867 1543 2907 semper
1559 2868 1701 2898 omnium
1720 2865 1884 2909 hominum
1902 2870 1952 2892 ea·

1088 2912 1160 2942 dem
1185 2909 1225 2940 de
1250 2908 1385 2940 honesto
1405 2910 1433 2939 ἃ
1452 2910 1533 2948 tui-pi
1553 2908 1715 2940 sententia.
1746 2907 1789 2937 ita
1811 2905 1953 2935 Videatur

1088 2952 1176 2983 seftae
1206 2951 1295 2991 hujus
1322 2950 1476 2990 temporis
1500 2950 1564 2981 hoc
1587 2949 1737 2981 Scaevolae
1752 2946 1869 2990 factum
1886 2952 1952 2989 non

1089 2993 1150 3024 effe
1168 2992 1306 3024 hominis
1324 2992 1434 3032 probi:
1460 3001 1524 3023 non
1543 2999 1646 3022 tamen
1663 2990 1694 3020 id
1711 2989 1750 3019 ab
1765 2986 1874 3033 pffifflo
1893 2993 1952 3014 Vlfl

1088 3036 1165 3066 boni
1192 3034 1325 3066 omnino
1341 3034 1477 3064 alienum
1496 3032 1576 3071 effe,
1600 3030 1790 3073 existimavit
1803 3024 1950 3056 vetustas.

1090 3076 1151 3108 Sed
1169 3075 1233 3106 hoc
1249 3084 1288 3106 ex
1305 3074 1540 3115 Theophrasti,
1559 3071 1739 3106 Ciceronis,
1753 3068 1951 3113 aliorumque

1089 3118 1259 3159 praeceptis
1285 3117 1361 3147 olim
1386 3115 1565 3147 observavit
1589 3113 1684 3145 Aulus
1709 3108 1839 3154 Gellius·
1854 3107 1902 3156 1νρ.
1925 3116 1953 3137 i.

1089 3158 1179 3191 Νοὲἶ.
1201 3158 1327 3189 Atticar.
1346 3167 1371 3188 c.
1387 3167 1416 3199 3.
1441 3158 1470 3189 ὃς
1487 3165 1526 3188 ex
1541 3155 1596 3187 illo
1612 3151 1674 3194 ipse
1690 3149 1904 3183 annotavi-lib.
1921 3160 1952 3182 ρ.

1089 3200 1286 3234 Ρνοὺηὺίἰὲιιηι
1301 3209 1324 3231 c.
1341 3208 1369 3230 2.
1875 3229 1951 3262 Dixi
