2052 3487
318 116 843 151 D1octs'r1ANus

39 219 89 247 rc,
113 206 166 239 nisi
184 206 223 238 de
238 206 333 248 paCtis
350 215 419 246 quae
435 203 495 236 sirit
511 203 550 234 de
565 202 694 243 privatis
713 202 908 248 &civilibus

38 249 230 282 actionibus:
255 249 326 289 quia
351 248 398 279 hae
424 246 495 277 solae
519 245 558 275 ad
575 244 907 289 ejusjurisdistionem

39 299 135 332 atque
158 291 325 331 imperium
349 287 574 328 pertinebant,
596 293 633 315 ac
648 286 802 325 prornde,
827 285 846 316 ii
864 286 906 316 de

40 333 89 364 his
113 333 194 363 facta
216 330 314 363 effent
329 329 436 371 pacta,
459 334 585 368 poterat
606 335 642 357 ea
657 325 798 371 Praetor,
821 326 907 371 insti-

43 375 117 406 tutis
133 373 247 405 deinde
262 371 344 412 apud
360 371 390 402 se
406 367 579 401 actionibus
590 390 599 405 ‚
616 366 695 406 pacti
712 374 908 413 exceptione

41 416 176 447 servare.
188 413 262 445 Non
272 414 355 444 idem
366 419 446 449 erat;
456 409 475 441 si
485 409 572 449 quod
582 409 621 440 de
631 408 763 449 publico
774 409 908 439 crimine

43 454 262 496 interpositum
271 453 346 486 effet
356 451 490 492 patrum.
501 449 588 491 Quid
597 451 681 481 enim
692 449 823 480 l’raetori
835 458 908 481 cuni

43 497 225 529 criminibus
242 496 288 529 *de
312 494 424 534 quibus
439 492 522 523 nulla
538 491 566 522 ei
585 491 730 531 cognitio
744 491 836 522 erat?
861 492 909 522 An

43 539 148 579 potuit
163 537 367 578 promittere,
383 534 412 566 se
430 532 624 565 servaturum
642 532 732 572 paCta
749 533 789 563 de
805 532 909 563 crimi-

44 581 134 611 nibus
151 587 284 619 quorum
303 575 459 607 accusatio
477 583 544 606 non
561 575 643 614 apud
659 582 750 611 eum,
763 572 814 604 sed
832 573 909 605 olim

42 621 125 661 apud
149 621 234 651 suum
257 617 483 660 Quaefitorem‚
507 615 537 647 &
561 615 675 646 deinde
694 616 776 655 apud
792 613 910 646 Praefe-

42 663 125 694 stum
151 660 249 698 Urbi,
271 657 516 691 instituebatur?
540 657 602 688 Sed
625 663 713 687 certa
730 666 778 688 res
799 655 863 694 est,
887 654 909 688 si

41 712 110 744 quae
133 703 172 733 de
196 702 326 732 crimine
346 699 427 731 facta
452 697 531 730 ess'et
562 697 668 739 pactio
693 697 906 729 transactiove

38 746 120 776 inter
135 741 350 774 accusatorem
367 741 396 772 ἃ
413 749 500 772 reum
511 763 521 779 ,
538 740 643 780 deque
661 748 701 770 eo
717 739 817 770 rursus
833 748 905 780 age·

38 795 71 818 re
93 785 190 816 vellet
213 781 392 820 accusator,
417 782 590 814 Praetorem
611 779 829 824 nonpotuiffe
847 789 904 811 reo

39 825 181 858 adversus
203 824 418 855 accusatorem
442 822 525 863 pacti
557 829 785 862 exceptionem
812 821 905 860 dare;

40 868 90 899 vel
109 868 179 908 quia
196 867 277 898 ratio
294 864 422 903 resistit,
446 874 486 896 iie
507 864 578 904 quis
600 865 639 894 de
655 872 688 894 re
706 863 851 902 publica,
875 863 908 894 id

40 908 102 946 est,
124 908 242 946 aliena,
265 905 457 947 paciscatur3
482 908 533 936 vel
558 905 630 946 quia
653 903 813 935 accusatio
840 913 907 935 non

40 950 121 990 apud
138 949 308 980 Praetorem
327 946 567 985 instituebatur,
586 946 657 984 sed,
675 952 710 976 ut
727 945 812 984 dixi,
830 945 908 976 olim

41 992 121 1032 apud
147 990 232 1022 suum
255 988 482 1032 Quaefitorem,
507 988 536 1018 ἃ
562 986 671 1027 postea
689 988 773 1027 apud
788 986 907 1018 Praefe-

44 1033 126 1065 ctum
145 1031 248 1063 Urbis.
285 1031 382 1063 Simili
397 1030 490 1070 plane
508 1025 703 1060 collet‘tione
720 1037 781 1068 qua
799 1026 909 1068 Ulpia-

45 1084 101 1106 nus
123 1074 141 1104 l.
159 1077 208 1114 63.
229 1072 270 1104 D.
286 1075 318 1103 cie
335 1071 468 1103 AEoiilitt'o
485 1069 588 1101 Edicto
604 1093 613 1108 ,
638 1069 804 1110 postquam
825 1079 909 1109 quae·

44 1115 172 1153 siverat,
194 1123 250 1146 cur
273 1114 311 1145 ab
334 1112 490 1144 AEdilibus
509 1112 587 1143 nihil
607 1112 750 1142 edicatur
765 1111 805 1142 de
823 1111 908 1142 loca-

46 1156 203 1188 tionibus:
225 1154 295 1186 Hcec
323 1161 434 1192 tamen,
457 1153 576 1192 inquit,
600 1153 673 1183 ratio
692 1153 840 1183 redditur.-
863 1151 909 1182 vei

45 1199 116 1237 quia
140 1206 293 1238 numquam
317 1193 433 1236 istorum
449 1195 501 1226 hac
519 1196 552 1225 de
566 1203 595 1225 re
604 1194 709 1233 fuerat
721 1192 888 1235 jurisdittio
899 1216 909 1232 ,

49 1239 95 1271 vel
108 1239 176 1280 quia
190 1248 245 1269 non
255 1236 386 1276 similiter
396 1237 546 1268 locationes
558 1259 566 1275 ‚
577 1241 610 1266 ut
626 1236 806 1266 venditiones
815 1235 909 1274 fiunt.

89 1280 183 1319 Atqui
205 1288 269 1310 non
291 1277 394 1319 potest
416 1276 596 1314 accusator,
621 1276 789 1317 postquam
812 1277 909 1308 semel

47 1330 138 1361 ogere
160 1319 295 1358 destitit,
318 1319 450 1359 amplius
473 1318 619 1350 accusare
635 1318 665 1349 in
682 1318 815 1358 publico
828 1318 908 1357 Judi·

45 1363 108 1394 cio.
151 1360 230 1403 Quis
253 1361 372 1403 negat?
395 1360 448 1393 sed
470 1369 535 1392 non
558 1360 633 1393 ideo
656 1359 722 1391 hoc
741 1358 798 1400 fit,
820 1359 910 1401 quod

908 121 977 148 ET

1045 113 1514 150 MAX1MIANUS.
1742 123 1812 160 235

952 211 1024 234 eum
1042 212 1113 235 reus
1125 203 1205 244 paffl
1223 203 1417 245 exceptione
1444 202 1580 244 repellit.
1607 201 1704 233 habet
1722 210 1758 233 ea
1776 211 1826 233 res

951 242 1072 275 causam
1104 245 1199 286 longe
1226 246 1316 277 aliam
1332 269 1341 283 ,
1366 255 1428 276 nec
1452 245 1491 276 ab
1516 243 1630 276 Edicto
1656 243 1826 280 Praetoris,

951 289 1059 324 ejusve
1075 288 1245 326 exemplo,
1270 285 1548 328 proficiscentem3
1572 285 1625 317 sed
1641 285 1680 316 ab
1697 284 1827 316 infamia

951 336 1012 367 qua
1035 336 1107 358 eum
1135 328 1187 367 qui
1206 330 1282 360 citra
1301 329 1426 359 veniam
1443 327 1628 359 abolitionis
1644 325 1763 368 publici
1779 326 1826 366 Ju-

951 367 1025 399 dicii
1047 368 1253 408 quaestioncm
1283 369 1476 406 deseruerit,
1501 379 1541 400 ex
1559 367 1751 409 Turpiliano
1768 370 1825 399 Se-

952 409 1191 442 natusconsulto
1208 411 1493 451 notari‚exemplo
1510 412 1574 450 ejus
1591 414 1642 450 qui'
1659 410 1827 441 calumniae

952 450 1041 481 causa
1064 451 1185 491 judicio
1210 453 1340 491 publico
1364 453 1531 484 damnatus
1557 451 1612 490 fit,
1636 451 1826 491 Papinianus

953 491 1101 523 observat
1117 493 1137 524 i.
1152 498 1181 525 6.
1199 493 1226 535 §.
1248 503 1276 535 3.
1294 492 1337 524 D.
1354 494 1386 524 de
1403 492 1626 524 Decurionibus.
1668 493 1747 524 Eam
1769 492 1825 533 igi-

952 540 1003 564 tur
1020 533 1063 564 ob
1081 534 1203 566 causam
1221 535 1291 566 liaec
1308 534 1337 565 ei
1356 543 1451 574 poena
1465 535 1712 574 imponitur‚ne
1730 543 1824 565 accu-

953 573 1023 605 set:
1048 575 1179 615 perinde
1202 575 1286 616 quafi
1311 576 1459 616 indignus
1484 585 1520 606 ea
1544 576 1691 607 libertate
1712 575 1748 607 fit
1770 574 1826 615 qui

952 614 1072 657 Legem
1098 617 1252 657 prodidit.
1294 616 1330 648 ld
1354 617 1468 648 Paulus
1492 617 1660 658 indigitat,
1683 617 1731 648 lib.
1743 615 1826 658 sing.

952 656 999 688 De
1016 658 1109 698 poenis
1134 661 1261 690 omniunt
1287 657 1401 698 Legum
1416 680 1427 697 ,
1469 658 1673 699 sequentibus
1699 658 1826 697 verbis,

951 697 1016 742 Qui
1037 698 1176 739 destiterit
1192 709 1295 741 agere,
1318 701 1441 740 amplius
1458 698 1494 733 ὅ)
1510 702 1645 739 accusare
1658 700 1826 741 prohibetur

947 743 967 770 t.
985 750 1012 771 2.
1031 739 1074 772 D.
1092 741 1142 772 Aa
1158 742 1444 781 senatusconsultum
1462 741 1678 782 Turpilianum.
1716 741 1827 772 Venu-

948 781 1024 821 lejus
1043 791 1173 822 quoque
1190 782 1374 814 Saturninus
1392 782 1507 823 probat
1524 783 1544 816 l.
1559 794 1588 824 5.
1607 781 1648 813 D.
1669 783 1703 813 de
1713 789 1829 822 prava-

951 825 1108 862 ricatione,
1134 825 1295 863 Accusator
1310 847 1319 862 ,
1344 825 1508 865 inquiens,
1531 825 1563 856 in
1582 825 1826 865 pravaricatione

950 863 1100 895 convietus
1118 863 1214 905 postea
1239 875 1275 896 ex
1292 866 1350 907 lege
1363 876 1420 896 non
1436 866 1563 906 accusat.
1601 862 1759 906 Venti—lejo
1774 874 1826 896 ac-

951 905 1037 936 cedit
1054 905 1169 937 Macer
1189 906 1208 937 l.
1228 911 1255 941 8.
1277 906 1319 938 D.
1343 908 1376 938 de
1391 909 1639 948 (accusationibuu
1663 916 1736 938 cum
1760 907 1824 944 ait,

952 947 1036 977 Alios
1065 947 1254 986 (prohiberi
1275 948 1448 988 accusare)
1473 956 1589 990 propter
1613 955 1724 989 turpem
1749 958 1827 990 quw.-

944 985 1043 1028 stum,
1066 994 1100 1019 ut
1117 990 1167 1030 qui
1182 990 1237 1020 duo
1248 988 1366 1030 judicia
1381 991 1490 1031 advers
1490 1001 1524 1021 us
1540 993 1610 1023 duos
1628 1000 1687 1022 reos
1696 991 1829 1030 subscri-

946 1035 1007 1074 pta·
1022 1029 1143 1068 babent,
1168 1040 1333 1061 nummosve
1354 1033 1385 1062 ob
1401 1034 1615 1073 accusandum,
1636 1032 1683 1063 vet
1699 1041 1757 1063 non
1776 1041 1825 1064 τισὶ

951 1071 1126 1110 cusantium,
1151 1073 1320 1112 acceperint.
1365 1074 1469 1113 Atque
1487 1073 1551 1105 lioc
1567 1083 1632 1105 non
1651 1081 1773 1106 tantum
1793 1073 1827 1106 in

952 1112 1139 1151 capitalibus
1156 1113 1339 1145 criminibus
1351 1114 1399 1153 jus
1417 1114 1482 1154 est3
1509 1114 1560 1147 sed
1576 1116 1606 1147 in
1628 1114 1677 1146 his
1694 1124 1827 1156 quoque

952 1162 1021 1193 quae
1045 1163 1110 1184 non
1133 1153 1203 1199 sunt
1227 1155 1370 1193 capitalia
1390 1156 1517 1195 utique,
1540 1164 1574 1188 ut
1593 1157 1738 1189 omittam
1756 1156 1826 1188 baec

951 1195 1098 1234 quaejam
1115 1195 1203 1226 attuli
1222 1195 1419 1235 testimonia,
1436 1201 1476 1228 de
1494 1199 1651 1229 adulterio
1668 1196 1825 1235 Ulpianus

951 1236 969 1266 l.
988 1246 1016 1267 2.
1037 1235 1055 1277 §
1089 1245 1114 1267 1.
1136 1235 1177 1267 D.
1200 1237 1250 1267 Aa
1266 1236 1354 1278 legem
1368 1237 1485 1277 Juliant
1500 1240 1533 1269 cie
1547 1239 1698 1270 adulteriis
1708 1236 1828 1278 ,Mari-

952 1284 979 1307 to
997 1277 1141 1318 (inquit)
1159 1277 1228 1318 jure
1246 1279 1346 1309 mariti
1360 1281 1512 1316 accusanti
1528 1280 1578 1311 ilia
1589 1282 1764 1321 prael'criptio
1779 1282 1828 1311 ob·

946 1318 1071 1360 jicitur,
1094 1318 1128 1349 Si
1152 1320 1258 1360 Legem
1279 1319 1433 1360 prodidiffe
1452 1322 1568 1352 dicatur
1590 1323 1622 1353 ob
1645 1323 1695 1354 hoc
1712 1345 1723 1362 ,
1752 1321 1827 1363 quod

952 1359 1097 1402 aggreffzts
1115 1362 1323 1401 accusationem
1337 1363 1473 1394 adulterii
1487 1362 1605 1404 destitit.

762 1472 973 1509 CAPUT
1022 1467 1091 1508 XI.

120 1571 237 1616 Reum,
263 1571 415 1618 postquam
441 1584 509 1607 cum
536 1564 710 1615 accusatore
736 1568 888 1617 transegit
914 1571 946 1605 in
962 1568 1138 1616 sanguine,
1166 1573 1205 1607 ab
1230 1573 1301 1608 aliis
1326 1565 1465 1619 accusari
1489 1564 1576 1619 paffe.
1628 1566 1688 1609 Sed
1703 1582 1755 1609 nec·

251 1621 483 1668 Magistratum
503 1621 675 1667 prohiberi,
704 1618 893 1666 inqaifitionc
920 1622 985 1664 uti,
1003 1619 1036 1665 st
1052 1622 1144 1665 velit,
1170 1623 1250 1657 nullo
1267 1622 1417 1670 existente
1434 1622 1614 1668 accusatore.

43 1723 162 1799 Igitur
180 1724 296 1764 publici
315 1733 386 1755 reus
400 1723 559 1761 criminis,
582 1720 602 1754 'fi
620 1724 650 1755 in
667 1722 813 1765 sanguine
830 1728 912 1754 tran-

101 1764 196 1806 figat,
221 1765 260 1795 ab
284 1775 324 1796 eo
351 1774 423 1796 cum
451 1774 516 1804 quo
535 1763 701 1805 transegit,
725 1773 790 1796 non
808 1765 840 1795 vi
859 1773 911 1803 pa·

46 1806 178 1843 Sidonis,
203 1805 254 1836 sed
274 1806 304 1837 in
322 1806 387 1846 ejus
406 1814 553 1846 poenam,
576 1804 736 1836 liberatur.
780 1805 829 1836 An
848 1806 877 1836 ἂ
896 1813 914 1835 a

44 1846 192 1890 caeteris?
215 1845 315 1887 finge,
340 1847 481 1886 privatos
496 1845 642 1877 accusare
658 1847 687 1877 in
706 1844 836 1886 publico
853 1846 912 1876 cri-

43 1889 149 1927 mine3
174 1887 278 1928 finge,
304 1887 506 1928 Magistratus
530 1889 560 1919 in
589 1886 733 1918 uisitione
751 1888 794 1918 uti
810 1887 914 1925 velle,

42 1930 134 1962 nullo
161 1929 315 1960 existente
338 1928 529 1960 accusatore.
603 1927 714 1959 ensent
731 1928 850 1968 egregii
865 1926 916 1967 Ju-

43 1969 245 2010 risconsulti,
268 1979 340 2001 cum
356 1968 484 2008 Latini,
507 1976 575 2001 tum
593 1968 720 2008 Graeci,
739 1967 851 2007 Bafiiic.
865 1969 913 1999 lib.

44 2014 93 2043 60.
116 2013 161 2042 tit.
181 2021 229 2051 534.
258 2007 367 2042 Scholia
392 2006 430 2042 ad
450 2010 470 2041 l.
499 2015 528 2042 6.
551 2010 583 2052 C.
611 2013 643 2041 (ie
661 2010 704 2041 bis
718 2012 768 2052 qui
783 2011 916 2050 accusare

43 2062 100 2084 non
118 2052 234 2093 poffunt
260 2052 304 2084 lit.
332 2051 370 2083 L.
392 2059 461 2093 pag.
476 2061 548 2092 579.
577 2051 640 2083 Sed
659 2060 790 2090 metuo,
815 2061 854 2082 ne
869 2060 915 2082 er-

43 2102 126 2126 rent.
157 2104 222 2124 non
250 2095 334 2125 enim
360 2093 530 2124 transactio
555 2092 600 2124 est
618 2102 686 2133 quae
702 2093 838 2131 dicitur,
863 2091 915 2123 sed

45 2136 231 2175 corrupt103
254 2144 360 2173 neque
387 2136 470 2166 adeo
491 2135 616 2174 Juvatui·
631 2135 717 2174 jure3
741 2143 847 2174 neque
863 2133 915 2165 de-

46 2177 92 2209 let
113 2176 253 2208 criminis
282 2176 537 2216 obligationem:
570 2182 693 2207 tantum
722 2175 915 2214 accusatori,

46 2218 130 2257 quasi
148 2218 298 2258 indigno,
321 2217 425 2248 aufert
447 2215 692 2249 accusationem.
729 2217 830 2248 Porro
847 2217 916 2257 quis

46 2258 147 2296 ferat,
171 2259 297 2291 alterius
320 2266 456 2298 peccato
474 2258 504 2290 δε
526 2267 620 2299 poena
643 2259 747 2290 alieno
759 2258 838 2298 juri,
863 2259 917 2289 de-

46 2299 145 2339 nique
171 2300 305 2340 publicae
327 2300 475 2338 utilitati,
499 2300 716 2340 praejudicium
740 2299 835 2331 fieri?
863 2299 915 2331 At-

47 2348 110 2381 que
127 2340 190 2371 hoc
208 2342 331 2372 ratione
347 2341 542 2382 intelligitur.
567 2339 629 2373 Sed
648 2342 689 2373 nil
708 2347 815 2379 vetat,
832 2341 918 2373 idem

47 2390 178 2422 quoque
205 2382 392 2414 auctoritate
425 2381 657 2415 demonstrari:
688 2392 749 2414 nec
771 2381 919 2424 defugiet

46 2432 115 2455 eam
131 2423 313 2455 Marcianus
329 2424 348 2454 l.
364 2433 393 2463 5.
410 2422 428 2465 §
459 2423 512 2453 ult.
530 2422 572 2454 D.
596 2424 645 2456 Aa
659 2424 747 2466 legem
756 2423 871 2464 Juliam
885 2425 918 2455 de

45 2466 79 2495 vi
100 2465 237 2505 publica‚·
260 2466 302 2495 ait
329 2471 417 2495 certe
438 2488 447 2503 ,
471 2464 536 2506 Qui
562 2473 728 2497 vacantem
751 2465 916 2497 mulierem

46 2506 168 2546 rapuit,
185 2506 234 2537 vel
253 2514 401 2546 nuptam,
421 2507 534 2537 ultimo
550 2505 705 2548 supplicio
722 2507 844 2548 puniri;
868 2507 916 2546 δι,

47 2546 69 2578 fi
85 2555 173 2587 patei·
192 2547 334 2587 injuriam
355 2546 437 2578 suam
455 2547 603 2587 precibus
621 2557 771 2581 exoratus
793 2549 914 2580 remise-

47 2587 112 2626 rit,
142 2596 246 2620 tamen
279 2587 364 2628 posse
395 2598 581 2620 cxci-aueum
611 2589 674 2622 fine
706 2589 916 2630 quinquennii

51 2627 284 2670 praescriptione
311 2638 399 2662 reum
425 2629 596 2672 postulare.
640 2631 715 2663 Scio
731 2654 743 2672 ,
774 2631 916 2672 loquitur

953 1720 1136 1757 Marcianus
1153 1724 1193 1757 de
1209 1725 1349 1767 gratuito
1366 1726 1475 1767 pasto:
1500 1725 1572 1764 sed,
1591 1724 1612 1757 fi
1628 1726 1658 1758 in
1675 1735 1716 1758 eo
1735 1725 1767 1758 id
1780 1725 1830 1766 jus

956 1764 1027 1804 est,
1060 1773 1181 1806 quanto
1217 1768 1315 1808 magis
1341 1769 1370 1799 ii]
1399 1767 1612 1800 transactione
1637 1763 1829 1799 obtinebit?

956 1805 1159 1848 Quamquam
1182 1813 1402 1847 argumentum
1426 1810 1522 1841 mitto
1542 1820 1550 1841 :
1583 1810 1657 1849 quid
1679 1809 1763 1840 enim
1787 1816 1830 1840 eo

957 1847 1063 1886 opus?
1086 1848 1170 1880 clare
1199 1847 1435 1889 Tertullianus,
1459 1848 1506 1881 De
1521 1851 1602 1891 fuga
1618 1851 1830 1891 inpersecutio-

957 1897 992 1918 ne
1012 1897 1037 1919 c.
1062 1897 1108 1928 14.
1134 1886 1202 1930 Esto
1225 1890 1409 1931 (inquiens)
1426 1892 1594 1935 sapientia,
1617 1901 1674 1923 non
1694 1893 1830 1932 praemio,

958 1935 1071 1961 cautus.
1116 1930 1222 1972 Neque
1244 1932 1319 1962 enim
1335 1929 1440 1972 statim
1455 1933 1492 1967 &⁶
1506 1944 1524 1964 a
1539 1932 1639 1973 populo
1654 1935 1710 1965 eris
1726 1939 1832 1972 tutus,

951 1964 980 2008 fi
994 1968 1088 2011 officia
1105 1972 1246 2004 militaria
1262 1974 1419 2004 redemeris.
1454 1974 1680 2007 Constantinus
1696 1982 1830 2015 quoque

957 2012 977 2042 l.
1001 2020 1025 2042 1.
1044 2012 1112 2045 Cod.
1140 2011 1242 2045 Thena.
1266 2015 1299 2045 de
1321 2014 1521 2047 abolitionibus
1538 2025 1578 2048 ex
1596 2022 1655 2056 qua
1672 2015 1831 2054 descripta

958 2051 1003 2083 est
1023 2053 1043 2083 l.
1071 2063 1097 2085 2.
1126 2054 1159 2085 C.
1183 2056 1241 2086 eod.
1266 2058 1312 2087 tit.
1341 2054 1447 2087 Verba
1470 2057 1680 2088 Constantini.
1724 2057 1757 2088 Si
1768 2053 1832 2097 poll

949 2091 1104 2134 strepitum
1120 2097 1310 2136 accusationis
1323 2103 1427 2128 exortae
1442 2099 1553 2130 abolitio
1565 2096 1745 2138 postuletur,
1761 2108 1831 2129 cau·

949 2135 989 2176 sa
1011 2145 1092 2167 novae
1114 2138 1302 2178 miserationis
1324 2140 1402 2170 debet
1426 2140 1552 2180 inquiri,
1574 2145 1607 2170 ut
1618 2138 1648 2178 fi
1662 2141 1737 2171 citra
1751 2141 1830 2179 depc-

959 2175 1078 2224 ttionem
1101 2178 1131 2208 id
1148 2178 1226 2218 fiat,
1245 2177 1391 2219 pullulata
1408 2180 1575 2212 humanitas
1585 2183 1765 2220 praebeatur:
1779 2179 1832 2219 sin

958 2218 1070 2290 αίπᾶιιὶά
1075 2219 1247 2260 suspicionis
1262 2222 1408 2260 extiterit,
1431 2223 1506 2262 quod
1521 2222 1631 2262 manife
1659 2232 1691 2253 as
1706 2232 1771 2254 reus
1786 2224 1833 2253 de-

953 2266 990 2300 pe
1021 2261 1082 2290 ione
1097 2262 1235 2293 celebrata
1245 2285 1253 2300 ‚
1270 2262 1379 2303 legibus
1393 2264 1599 2302 subtrahatur,
1614 2265 1762 2305 redempta
1777 2265 1831 2295 nii-

949 2302 1108 2340 serationis
1133 2311 1192 2334 vox
1215 2304 1332 2334 minime
1347 2305 1542 2344 admittatur,
1558 2305 1612 2345 sed
1629 2306 1765 2345 adversus
1780 2314 1829 2336 no-

961 2348 1067 2373 centem
1079 2353 1158 2374 reum
1171 2343 1354 2386 inquisitione
1360 2345 1449 2386 fatto
1461 2353 1548 2386 poena
1558 2352 1715 2387 competens
1730 2356 1830 2378 exera-

961 2389 1018 2414 tur.
1042 2383 1103 2416 Sed
1121 2395 1181 2416 nec
1196 2386 1273 2418 illud
1291 2387 1522 2425 omittendum,
1539 2389 1627 2429 quod
1642 2387 1727 2419 idem
1744 2387 1830 2420 Con-

960 2424 1113 2457 stantinus
1128 2426 1146 2457 i.
1156 2437 1184 2468 3.
1206 2428 1238 2458 C.
1263 2427 1322 2459 Pro
1338 2430 1442 2469 quibus
1454 2427 1547 2466 caufts
1561 2430 1638 2466 servi
1648 2435 1700 2468 pro
1715 2431 1830 2470 proemio

960 2465 1117 2499 libertatem
1141 2475 1310 2508 acceperunt
1333 2468 1516 2508 constituit,
1540 2478 1574 2501 ut
1598 2471 1632 2501 Si
1650 2471 1831 2510 quisservur

961 2507 1078 2548 Raptus
1101 2508 1259 2552 [virginis]
1269 2511 1392 2549 facinus
1405 2510 1623 2551 diffimulatione
1632 2514 1808 2553 praeteritum
1817 2536 1829 2552 ‚

960 2556 1013 2580 aut
1029 2550 1157 2590 pontone
1172 2550 1385 2591 transmiffum,
1409 2552 1541 2584 detulerit
1563 2555 1594 2584 in
1603 2553 1772 2594 publicum,·
1795 2554 1830 2585 li-

959 2591 1066 2663 ber}ate
1087 2593 1217 2638 donetur.
1262 2592 1340 2624 Non
1359 2593 1455 2634 igitur
1470 2601 1569 2627 nocet
1586 2604 1643 2628 reo
1661 2596 1829 2629 transactio

958 2640 990 2663 in
1018 2642 1165 2674 anguine.

759 2739 972 2778 CAPUT
1028 2733 1120 2780 XII.

51 2831 102 2866 An
128 2839 160 2866 ut
186 2843 234 2867 reo
250 2859 259 2876 ,
283 2833 331 2878 fic
357 2837 524 2883 accusatori
539 2866 548 2882 ,
581 2838 748 2886 ignoscitur
764 2865 775 2883 ‚
792 2839 826 2884 fi
851 2841 882 2874 in
899 2839 1057 2886 sanguine
1082 2839 1293 2888 transegerit?
1319 2838 1394 2880 velle

124 2881 206 2914 nullo
225 2883 314 2927 jure:
339 2895 390 2919 nec
413 2886 529 2932 referre
546 2915 554 2928 ‚

1420 2844 1615 2895 Dot‘tiffi'mos
1641 2851 1732 2887 Viros
1743 2863 1753 2894 ;
1770 2850 1829 2897 secl

587 2897 690 2922 utrum
705 2887 803 2934 fabia
822 2887 864 2932 fit
886 2890 1054 2923 transactio
1075 2897 1146 2924 ante
1165 2917 1175 2931 ‚
1208 2902 1248 2926 an
1269 2892 1336 2939 post
1358 2918 1369 2935 ,
1395 2894 1530 2932 delatum
1557 2901 1602 2933 rei
1623 2913 1747 2941 nomen,
1765 2900 1828 2946 fa-

124 2931 261 2974 &amque
293 2931 323 2964 in
355 2934 466 2969 crimen
478 2934 740 2982 subscriptionem.
774 2937 875 2983 Impp.
901 2937 1110 2973 Diocletianus
1135 2936 1177 2979 ἐξ
1201 2940 1576 2992 Maxirnianusexpost‘ti
1601 2949 1621 2984 l.
1651 2952 1707 2986 18·
1737 2949 1769 2985 C.
1792 2952 1826 2985 cle

120 2979 386 3015 transactionibus.

132 3079 186 3112 uid
209 3079 249 3111 de
268 3079 450 3115 accusatore
475 3084 640 3120 dicemus?
662 3097 723 3120 nec
747 3089 774 3120 ei
799 3097 917 3122 nocere

155 3122 420 3168 transastionem;
445 3125 465 3156 si
488 3135 580 3166 quarn
602 3131 729 3167 capitali
753 3129 868 3162 fecerit
885 3132 917 3164 in

150 3164 307 3195 crimine?
332 3164 383 3195 S.c
411 3167 515 3205 placet
539 3167 731 3201 Doctiffimis
748 3170 844 3203 Viris.
869 3173 917 3205 iis-

50 3212 115 3276 une
128 3201 234 3277 'sacelre
250 3206 398 3239 videntur
415 3206 636 3245 Diocletianus
655 3211 683 3244 δι
701 3211 914 3247 Maximianus

112 3256 124 3276 0
157 3268 163 3277 ι
207 3269 213 3278 .

958 3090 990 3123 in
1007 3090 1026 3124 l.
1043 3095 1090 3127 18.
1102 3086 1134 3125 C.
1149 3094 1182 3124 de
1197 3091 1438 3128 transatiionz’bus
1455 3096 1496 3128 fic
1508 3097 1699 3137 generaliter
1717 3098 1826 3133 rescri-

959 3131 1090 3174 bentes,
1117 3134 1284 3180 Tranfigere
1306 3138 1353 3169 vel
1373 3139 1480 3179 pacisci
1503 3140 1536 3168 ae
1554 3140 1676 3179 crimine
1688 3142 1807 3181 capitali
1814 3166 1826 3181 ‚

957 3181 1068 3216 excepto
1093 3177 1252 3219 adulterio,
1272 3179 1448 3220 prohibitum
1469 3187 1526 3208 non
1549 3176 1597 3220 cst.
1641 3180 1722 3214 Cum
1739 3185 1826 3216 enim

954 3224 1018 3249 non
1051 3215 1192 3291 segarant
1216 3219 1430 3263 Imperatores
1457 3228 1474 3251 a
1497 3228 1555 3253 reo
1585 3216 1825 3264 accusatore’m3

1117 3267 1138 3302 g
1158 3266 1178 3294 2
1738 3274 1822 3302 leaeu
