2052 3487
195 75 269 119 »46

377 168 664 231 INDEX
701 162 1130 231 CAPITUM
1166 163 1431 241 HUJUS
1471 171 1796 238 OPERIS.

200 293 281 330 CAP.
294 295 318 330 J.
335 294 585 332 Transactionem
604 297 685 332 inter
700 294 906 342 accusatorem
924 293 966 336 ὅ)
986 308 1071 331 reum

285 342 417 390 factam
438 346 473 379 de
491 346 658 380 omittenda
674 347 886 391 cujuscumque
908 346 1070 390 criminis,

284 391 355 437 five
381 394 549 439 capitalis,
576 392 647 437 five
675 394 827 435 alterius,
860 393 1068 440 accusatione,

289 441 409 486 legibus
437 442 667 477 Pandectarunz
694 439 742 489 &s
759 442 872 477 Codicis
895 455 986 488 neque
1011 454 1068 477 va-

293 488 354 524 lere
372 515 385 533 ‚
416 500 508 537 neque
529 491 667 537 probari.
695 491 765 537 quin
790 493 919 526 crimine
939 491 1070 538 censeri:

293 543 470 585 tantumque
493 552 543 575 reo
561 566 571 583 ,
597 538 632 584 st
655 541 688 574 in
709 537 868 586 sanguine
882 539 945 586 fiat
964 566 973 583 ,
1006 541 1071 586 ejus

290 587 415 623 veniam
442 589 523 624 dari.
892 588 971 635 Pag.
997 599 1068 634 227

190 632 236 668 II·
272 635 346 670 Non
370 636 426 683 effi
460 639 491 672 in
524 637 545 672 l.
579 643 632 678 18.
667 638 699 673 C.
743 638 777 673 de
809 638 1069 673 transactionibus

292 685 579 721 Constitutionem
606 686 852 733 Imperatorum,
878 686 1068 722 Diocletiani

292 730 334 773 &³
353 735 571 779 Maximiani,
586 734 648 782 sed
670 734 959 781 Subscriptionem
977 762 985 778 ,
1013 742 1069 769 aut

291 782 510 828 Rescriptum
526 810 536 826 ,
572 785 615 818 ad
639 785 796 831 cujusdam
822 784 964 820 Valentis
990 783 1069 829 Epi-

289 829 411 867 stolam
428 841 483 867 aut
497 832 678 868 Libellum.
730 834 776 870 Et
792 833 866 880 quid
879 845 915 869 ea
928 831 1069 880 inspectio

291 879 431 927 conferat
457 882 499 917 ad
521 882 706 917 intellectum
731 883 761 917 d.
789 883 810 919 I.
837 887 889 922 ¹8·
997 885 1065 920 228

192 926 254 965 111.
281 929 385 964 Verba
403 930 483 973 baec,
494 930 699 977 Trauligere
715 931 771 966 vel
783 930 927 976 pacisci,
939 931 999 966 inl.
1014 936 1067 970 18-

291 977 322 1012 C.
339 979 376 1014 de
397 981 656 1015 transactionibus
672 989 727 1026 pro
743 980 848 1015 iisdem
872 980 988 1025 accipi:
1014 978 1069 1024 etsi

291 1027 375 1062 alias
388 1027 633 1076 distinguantur.
645 1029 694 1064 De
704 1030 810 1075 quibus
824 1030 913 1063 rebus
918 1029 1020 1074 pactio
1029 1026 1070 1067 δέ’

290 1078 457 1112 transactio
466 1080 541 1124 jure
542 1076 606 1124 fiat
614 1077 632 1111 ?
642 1078 686 1113 Et
696 1082 762 1123 quis
767 1075 813 1123 stt
822 1076 908 1124 effect
914 1088 948 1111 us
955 1078 1070 1124 pactio-

285 1126 333 1160 nis
358 1136 395 1160 ac
410 1128 630 1162 transactionis
647 1139 710 1173 quae
722 1128 797 1173 jure
816 1127 944 1161 valeat?
997 1130 1065 1163 228

192 1172 258 1210 1V.
289 1174 399 1209 Civiles
423 1177 557 1210 actiones
581 1187 645 1221 quse
664 1185 721 1222 pro
738 1176 840 1211 delicti
859 1176 979 1222 privati
999 1187 1068 1210 exe-

291 1224 410 1258 cutione
423 1231 596 1270 competunt
612 1225 686 1270 jure
701 1224 874 1264 ordinario,
901 1233 972 1258 ante
989 1235 1069 1258 com-

290 1270 411 1317 miffitm
436 1273 577 1308 delictum
595 1284 652 1308 non
676 1274 807 1319 recipere
829 1274 942 1307 actoris
966 1271 1007 1311 &²
1024 1273 1069 1307 rei

285 1321 457 1368 pactionem
473 1330 483 1354 ι
505 1320 574 1369 post
590 1320 778 1368 commzfficm
795 1321 936 1357 delictum
953 1323 1068 1367 accipe-

289 1382 331 1405 re.
383 1370 429 1405 Et
451 1371 592 1416 quomodo
607 1371 624 1404 ⁶?
997 1379 1068 1412 229

192 1417 242 1454 V.
271 1418 440 1453 Criminum
466 1417 697 1465 persecutionem
729 1430 787 1454 non
818 1418 860 1453 ad
883 1419 1067 1464 privatam,

278 1465 339 1514 sed
361 1467 402 1500 ad
423 1468 574 1512 publicam
593 1493 603 1509 ‚
629 1468 796 1502 utilitatem
809 1469 953 1514 spectare
972 1479 983 1510 ;
1017 1479 1070 1503 nec

289 1513 473 1559 accusatoris
494 1513 535 1554 ἐξ
550 1517 596 1550 rei
609 1517 777 1562 pactionem
793 1518 1069 1551 transactionemve

287 1563 469 1598 admittere:
496 1575 552 1606 ac,
570 1562 604 1607 st
630 1567 822 1600 transactum
843 1566 923 1599 inter
945 1577 992 1600 eos
1001 1564 1069 1610 fit,

286 1623 345 1647 non
361 1614 620 1656 transactionem,
638 1612 701 1659 sed
719 1615 939 1659 corruptionem
959 1615 1066 1650 videri.

286 1661 372 1697 Eam
396 1662 636 1697 transactionem
658 1663 762 1697 haberi
781 1670 919 1708 turpem:
945 1674 1000 1698 nec
1012 1672 1066 1709 pa-

288 1709 369 1753 lam,
388 1709 448 1757 sed
465 1710 658 1754 clanculum,
677 1709 755 1756 fieri
761 1710 903 1757 solitam.
996 1721 1066 1756 230

188 1756 255 1799 ,vL
282 1757 465 1805 Accusatori
487 1759 603 1794 nullam
627 1771 666 1794 ex
687 1761 894 1794 transactione
912 1760 946 1795 de
963 1762 1067 1795 crimi-

288 1820 326 1844 ne
342 1806 398 1854 effi
412 1809 608 1855 petitionem:
635 1806 689 1853 etsi
711 1808 784 1854 quid
798 1820 818 1842 a
842 1820 891 1843 reo
895 1808 1069 1856 stipulatus

279 1856 335 1905 fit.
358 1856 570 1904 Imperatores
581 1856 814 1900 ,Diocletianus
831 1854 873 1896 δέ’
888 1859 1068 1893 Maximia-

290 1917 347 1942 nus
359 1904 503 1953 ‚expositi
519 1906 539 1942 l.
559 1915 593 1947 9.
615 1906 646 1940 C.
659 1907 695 1942 de
712 1906 920 1941 contrahenda
928 1906 1066 1954 stipula-

287 1957 380 1991 tione.
422 1956 531 1990 Etiam
547 1954 734 1990 Valerianus
749 1952 791 1994 ἐξ
809 1955 967 1990 Gallienus
993 1957 1013 1992 l.
1033 1966 1065 2001 3.

288 2005 321 2041 C.
338 2003 392 2039 Ad
402 2002 702 2049 Senatusconsultum
716 2002 941 2049 Turpilianum.
995 2015 1037 2050 23
1047 2016 1063 2040 t

193 2053 275 2091 VII.
303 2052 520 2097 Accusatorem
545 2050 587 2092 ὅ)
611 2064 696 2088 reum
720 2053 825 2097 puniri
850 2053 912 2088 ideo
930 2054 1008 2098 quod
1031 2054 1066 2088 de

291 2102 457 2138 omittenda
483 2103 624 2137 criminis
641 2101 828 2148 accusatione
849 2101 1065 2149 transegerint.

995 2162 1064 2197 232

193 2197 293 2235 VIII.
322 2200 388 2235 Reo
405 2200 520 2246 quidem
532 2225 543 2243 ‚
575 2212 585 2234 z
601 2211 668 2234 cum
686 2197 860 2244 accusatore
879 2201 1068 2247 transegerit

290 2248 327 2284 de
351 2250 479 2283 crimine
504 2249 580 2294 quod
605 2249 713 2283 mortis
747 2257 868 2294 poenam
896 2251 1067 2290 contineat,

289 2298 507 2333 transactionis
537 2298 660 2332 veniam
682 2296 750 2331 dari
759 2305 769 2329 .·
786 2296 847 2344 fi’d
871 2299 1068 2333 nihilominus

289 2347 406 2382 nullam
422 2345 478 2392 effe
492 2347 742 2381 transactionem.
792 2346 943 2393 Ulpianus
969 2348 988 2383 l.
1009 2348 1065 2382 ult.

288 2396 335 2432 D.
355 2396 390 2431 de
402 2395 658 2442 praevaricatione
671 2420 681 2437 ‚
709 2391 751 2433 fi?
775 2395 796 2431 l.
816 2406 844 2429 1.
863 2397 906 2431 D.
931 2397 965 2431 de
983 2397 1068 2430 honis

293 2456 394 2480 eorum
415 2445 465 2491 qui
482 2451 556 2478 ante
572 2442 766 2489 sententiam
784 2452 907 2479 mortem
918 2445 982 2492 sibi
1000 2457 1068 2480 con-

284 2492 471 2540 sciverunt,
497 2491 659 2538 expositus.
709 2491 918 2537 Imperatores
938 2506 1066 2540 quoque,

294 2543 425 2578 Severus
438 2540 479 2581 ἕξ
496 2542 692 2584 Antoninus,
717 2541 799 2587 apud
819 2542 969 2578 Macrum
992 2544 1013 2577 l.
1033 2553 1066 2577 2.

292 2591 337 2626 D.
355 2590 416 2624 eod.
435 2591 485 2624 tit.
998 2600 1065 2635 233

196 2639 257 2676 IX.
292 2639 518 2684 Imperatores,
545 2638 758 2673 Diocletianus
781 2636 823 2677 ἐξ
846 2638 1069 2675 ulaximianus

294 2688 440 2722 declarati
454 2687 484 2720 in
496 2687 516 2721 l.
530 2690 584 2724 18.
598 2687 628 2721 C.
641 2688 676 2722 de
692 2689 960 2725 transactionibus.
997 2698 1068 2733 234

195 2736 240 2772 X.
275 2737 377 2773 Reum
394 2735 509 2781 publici
525 2736 664 2769 criminis
682 2736 722 2769 ab
737 2736 908 2784 accusatore
924 2750 991 2772 cum
1014 2749 1068 2783 quo

292 2785 445 2830 transegit
461 2784 493 2817 in
502 2781 595 2828 causa
595 2781 764 2829 sanguinis
774 2811 783 2828 ,
798 2797 856 2821 non
869 2785 947 2833 poffe
956 2787 1069 2833 repeti:

293 2843 477 2880 quamquam
494 2842 552 2866 non
567 2832 600 2866 vi
617 2833 918 2881 transactioni53sed
930 2837 1001 2881 quia
1017 2847 1071 2870 ac-

296 2881 417 2930 cusator
442 2881 493 2927 qui
521 2890 659 2914 nummos
685 2883 801 2927 accepit
817 2909 827 2926 ,
859 2896 895 2920 ne
926 2883 1068 2931 accuset,

297 2931 430 2978 amplius
446 2927 590 2975 accusare
608 2928 792 2974 prohibetur.
998 2942 1018 2966 2
1024 2942 1070 2976 34

199 2979 260 3022 Xl.
286 2982 410 3022 Reum,
441 2976 601 3025 postquam
625 2987 694 3011 cum
722 2977 893 3024 accusatore
917 2983 1069 3027 transegit

296 3028 515 3076 insanguine,
530 3026 569 3061 ab
582 3025 654 3060 aliis
670 3024 806 3072 accusari
817 3027 905 3072 poffe.
936 3030 998 3065 Sed
1018 3041 1071 3065 nec

296 3077 531 3126 Magistratum
550 3074 724 3124 prohiberi,
750 3074 941 3121 inquisitione
956 3079 1020 3122 uti,
1037 3077 1070 3124 fi

1213 299 1310 344 velit,
1336 301 1416 336 nullo
1439 302 1586 350 exiliente
1603 304 1785 352 accusatore.
1911 319 1982 355 235
2046 320 2047 328 ¹

1111 344 1188 382 XII.
1216 348 1269 382 An
1287 356 1320 383 ut
1338 361 1406 392 reo,
1423 350 1473 396 fic
1490 352 1676 398 accusatori,
1702 354 1884 402 igntffcitur,
1901 356 1981 402 stin
2010 355 2014 357 ⁴

1200 394 1357 443 sanguine
1372 402 1584 446 transegerit?
1611 404 1691 438 velle
1715 404 1910 452 Doctiffimos
1927 407 1985 442 Vi⁴

1213 456 1263 479 ros
1272 461 1280 489 3
1280 444 1343 491 Jed
1359 449 1442 483 nullo
1450 450 1543 495 jure:
1557 461 1611 486 nec
1627 451 1879 498 referre,utr·um
1886 455 1984 502 facta

1204 491 1252 538 stt
1276 498 1444 531 transactio
1470 506 1542 533 ante
1558 525 1567 541 ,
1597 511 1638 535 an
1656 501 1746 549 post,
1780 504 1913 539 delatum
1938 507 1984 540 rei

1211 553 1320 577 nomen
1330 571 1339 586 ,
1356 543 1542 592 factamque
1552 549 1584 581 in
1598 550 1712 584 crimen
1716 549 1983 598 subscriptionem.

1211 589 1314 637 Impp.
1332 593 1547 630 Diocletianus
1564 594 1606 635 δέ)
1617 598 1841 635 Maximianus
1856 600 1984 649 expositi

1207 638 1230 674 I.
1250 643 1305 677 18.
1336 641 1366 676 C.
1383 643 1418 676 de
1441 647 1708 681 transactionibus.
1913 660 1984 695 235·

1109 685 1204 722 XIII.
1230 688 1424 735 Argumenta
1454 694 1561 737 quibus
1592 695 1713 730 videtur
1746 700 1915 734 transactio
1947 699 1982 735 de

1208 738 1392 782 capitalibus
1413 742 1595 777 criminibus
1618 742 1788 790 accusatori
1811 747 1983 795 indulgeri,

1208 786 1374 830 diligenter
1385 788 1537 834 proposita
1548 817 1557 833 ,
1585 789 1627 831 δέ)
1641 793 1768 840 deJecta.
1912 798 1985 842 236

1112 833 1212 870 XIV.
1244 835 1399 880 Ulpianus
1420 837 1572 884 expositus
1596 841 1658 875 loco
1682 843 1844 880 admodum
1862 844 1984 892 obscuro

1211 880 1253 922 ὃ)
1274 884 1418 920 intricato
1438 889 1489 932 qui
1505 888 1550 935 ψ
1567 889 1600 924 in
1620 890 1641 926 l.
1661 901 1692 925 1.
1719 890 1748 939 §.
1769 902 1802 938 3.
1825 894 1870 930 D.
1884 895 1918 929 de
1932 906 1984 930 ca·

1209 932 1453 971 lumniatoribus.
1911 954 1931 978 2
1937 954 1955 989 3
1963 948 1984 984 8

1112 980 1196 1018 XV.
1221 981 1418 1018 Adulterium
1444 996 1464 1019 a
1489 985 1682 1023 Diocletiano
1715 987 1758 1028 ἐξ
1781 990 1986 1027 Maximiano

1210 1030 1277 1066 inl.
1298 1035 1352 1069 18.
1383 1032 1414 1067 C.
1433 1034 1469 1068 de
1484 1038 1740 1072 transactionibus
1759 1051 1818 1074 non
1835 1043 1915 1076 recte
1930 1053 1985 1077 ex-

1208 1079 1268 1124 cipi
1291 1091 1311 1114 a
1334 1082 1517 1127 capitalibus
1534 1086 1723 1121 criminibus.
1774 1089 1909 1138 Quando
1928 1102 1985 1126 coe-

1206 1132 1289 1173 perit
1310 1129 1491 1168 adulterium
1516 1134 1548 1166 in
1568 1134 1821 1182 Alagssratuum
1838 1140 1986 1185 cognitio·

1209 1188 1247 1210 ne
1260 1178 1367 1222 puniri
1379 1181 1503 1225 capite?
1527 1183 1578 1216 An
1585 1182 1648 1229 sub
1661 1185 1802 1232 Augusto
1821 1187 1909 1234 Lege
1919 1187 1985 1233 Ju-

1208 1225 1278 1258 lia?
1303 1227 1354 1261 An
1368 1226 1432 1272 sub
1456 1229 1652 1276 Principibus
1657 1231 1721 1278 sub
1747 1237 1855 1280 quibus
1876 1238 1985 1272 vixere

1209 1273 1433 1322 Jurisconsulti
1450 1289 1573 1323 quorum
1598 1280 1790 1325 Fragmenta
1815 1292 1926 1321 extant
1949 1287 1983 1320 itt

1208 1322 1398 1358 Pandectis?
1426 1327 1578 1363 Neutrum
1594 1330 1704 1365 videri.
1910 1345 1982 1379 239

1111 1370 1213 1408 XVI.
1230 1371 1311 1418 Imp.
1333 1374 1546 1412 Alexandrum
1570 1378 1590 1413 l.
1613 1389 1647 1421 9.
1675 1379 1706 1413 C.
1727 1379 1782 1416 Ad
1795 1381 1890 1429 legem
1917 1384 1985 1429 Ju-

1209 1420 1284 1455 liam
1307 1422 1342 1456 de
1359 1423 1521 1460 adulteriis
1545 1428 1646 1462 videri
1671 1428 1861 1473 inquinatum
1887 1433 1984 1478 inepti

1209 1469 1339 1504 hominis
1354 1472 1611 1519 interpretatione.
1662 1477 1744 1524 Ejus
1760 1480 1815 1514 loci
1833 1491 1923 1515 verus
1944 1479 1987 1520 ἐξ

1208 1517 1310 1552 clarus
1314 1518 1433 1567 sensus.
1913 1540 1985 1572 240

1111 1564 1229 1601 XVII.
1256 1567 1449 1604 Adulterium
1467 1582 1520 1606 nec
1532 1570 1594 1618 sub
1618 1572 1783 1611 Valeriano
1801 1575 1843 1616 ὃ)
1867 1578 1985 1613 Gallie·

1212 1626 1249 1649 no
1265 1618 1397 1662 capitale
1401 1618 1460 1663 fui
1487 1632 1512 1654 e.
1911 1637 1981 1670 241

1110 1661 1244 1699 XVIII.
1271 1665 1403 1700 Arnobii
1434 1667 1604 1711 testimonio
1633 1682 1691 1705 non
1715 1671 1829 1717 liquere
1847 1699 1855 1715 ‚
1887 1673 1945 1720 fui
1971 1688 1988 1711 e

1208 1712 1392 1749 adulterium
1407 1714 1470 1762 sub
1494 1717 1690 1755 Diocletiano
1716 1718 1758 1760 &³
1782 1722 1987 1760 Maximiano

1209 1770 1304 1796 morte
1316 1765 1470 1809 punitum.
1913 1782 1987 1815 241·

1110 1807 1204 1845 XIX.
1230 1810 1430 1849 Adulterium
1448 1815 1522 1860 jure
1549 1816 1663 1852 Codicis
1680 1817 1926 1866 Hermogeniani
1942 1819 1985 1862 ἕξ

1209 1859 1394 1906 Gregoriani
1409 1874 1467 1898 non
1473 1863 1577 1910 suffe
1591 1867 1742 1913 capitale,
1757 1867 1818 1914 sed
1823 1868 1886 1916 sub
1908 1870 1984 1906 Con-

1199 1907 1345 1956 stantino
1359 1909 1416 1956 effe
1432 1913 1564 1959 caepilse:
1575 1927 1755 1961 quamquam
1770 1929 1827 1952 non
1845 1930 1884 1953 ex
1894 1919 1915 1953 l.
1927 1930 1986 1965 30.

1208 1956 1238 2004 §.
1253 1968 1282 1993 1.
1305 1959 1335 1994 C.
1352 1960 1406 1994 Ad
1415 1960 1534 2007 Legem
1549 1963 1675 2008 Julianz
1688 1965 1723 1999 de
1739 1967 1986 2004 adulteriis:nec

1209 2017 1248 2041 ex
1270 2008 1290 2042 I.
1303 2019 1335 2051 4.
1367 2008 1437 2044 Cod.
1464 2010 1573 2046 Theod.
1599 2014 1743 2063 Quorum
1766 2016 1987 2061 appellationes

1209 2066 1268 2089 non
1292 2058 1488 2103 recipiuntur.
1527 2060 1714 2097 Lactantius
1729 2064 1907 2110 explicitziS‚
1932 2066 1984 2102 De

1209 2106 1357 2139 mortibus
1365 2106 1605 2151 Persecutorum.
1623 2111 1725 2145 Verba
1732 2112 1795 2147 haec
1806 2139 1815 2154 ‚
1825 2113 1984 2160 Excepto

1209 2151 1390 2198 adulterio,
1409 2156 1601 2193 Diocletiano
1617 2156 1659 2198 ἐξ
1672 2160 1871 2197 Maximiano
1889 2163 1910 2199 I.
1923 2166 1981 2202 18.

1210 2200 1240 2234 C.
1251 2201 1285 2236 de
1293 2206 1549 2240 transactionibus
1559 2209 1659 2242 videri
1667 2207 1820 2257 adscripta
1836 2223 1876 2246 ex
1890 2212 1911 2246 I.
1927 2223 1939 2246 1
1947 2223 1983 2247 0.

1210 2249 1243 2282 C.
1262 2252 1314 2285 Ad
1331 2253 1429 2298 legem
1448 2253 1574 2298 Juliam
1592 2257 1627 2290 de
1643 2257 1814 2292 adulteriis.
1910 2269 1981 2304 242

1214 2298 1286 2333 Non
1304 2299 1360 2347 effe
1374 2301 1517 2348 causam,
1534 2315 1589 2339 cur
1604 2305 1789 2341 adulterium
1800 2334 1809 2349 ‚
1823 2309 1984 2356 postquam

1208 2349 1337 2393 capitale
1345 2350 1470 2394 factum
1484 2351 1530 2399 est
1540 2379 1549 2395 ,
1559 2355 1662 2400 magis
1677 2367 1697 2389 a
1711 2359 1916 2393 transactione
1930 2370 1983 2394 ex-

1208 2396 1356 2443 cipiatur,
1368 2411 1457 2444 quarn
1469 2408 1579 2436 caetera
1594 2404 1743 2448 capitalia
1752 2406 1894 2441 crimina.
1909 2418 1979 2453 243

1111 2441 1206 2480 XXI.
1234 2446 1286 2481 An
1310 2446 1398 2495 poffit
1421 2450 1541 2495 impune
1558 2451 1691 2498 transigi
1712 2452 1747 2486 de
1762 2456 1890 2491 crimine
1915 2457 1986 2492 Ra-

1205 2501 1278 2538 ptus
1294 2495 1438 2543 Virginis
1450 2525 1459 2540 ,
1487 2496 1529 2538 &³
1549 2499 1767 2536 Perduellionis
1778 2503 1795 2537 ἓ
1912 2515 1981 2550 243

1113 2540 1224 2576 XXII.
1252 2543 1293 2578 In
1319 2545 1339 2581 l.
1369 2548 1423 2582 18.
1452 2547 1483 2580 C.
1511 2547 1546 2582 de
1571 2551 1830 2587 transactionibus
1852 2554 1930 2588 nihil
1948 2555 1983 2589 de

1206 2594 1344 2638 privatis
1360 2596 1540 2630 criminibus
1554 2597 1688 2640 definiri.
1742 2601 1803 2636 Sed
1813 2614 1866 2637 nec
1882 2603 1917 2638 de
1932 2614 1984 2638 ac-

1209 2642 1344 2681 cusatore
1356 2644 1411 2689 agi
1417 2655 1546 2684 3verum
1566 2646 1600 2680 de
1618 2658 1677 2681 reo.
1705 2648 1749 2683 Et
1760 2651 1832 2695 quid
1845 2651 1983 2698 inposte-

1209 2691 1291 2725 riore
1308 2692 1373 2736 ejus
1389 2691 1542 2739 Rescripti
1566 2694 1654 2741 versu
1673 2697 1769 2732 velint
1785 2699 1849 2734 haec
1866 2701 1983 2744 verba,

1208 2737 1246 2772 In
1274 2739 1347 2774 aliis
1373 2750 1485 2776 autem
1513 2743 1659 2788 publicis
1685 2745 1882 2783 criminibus
1907 2759 1982 2793 quae

1211 2785 1382 2834 sanguinis
1397 2801 1531 2835 poenam
1548 2803 1617 2827 non
1631 2792 1792 2840 ingerunt
1802 2823 1811 2838 ,
1822 2795 1982 2844 transige-

1210 2847 1246 2870 re
1264 2847 1333 2871 non
1344 2837 1441 2880 licet,
1454 2839 1537 2875 citra
1549 2840 1618 2876 falfi
1636 2842 1893 2880 accusationem.
1909 2854 1982 2889 244

1112 2882 1238 2919 XXIII.
1256 2884 1445 2931 Rescriptum
1468 2888 1570 2935 Impp.
1597 2890 1786 2927 Diocletiani
1809 2891 1850 2933 Εἴ
1866 2893 1981 2929 Maxi-

1209 2934 1307 2968 miani
1328 2935 1406 2979 quod
1418 2935 1462 2983 cst
1478 2938 1510 2972 in
1531 2939 1551 2973 l.
1571 2942 1625 2977 18.
1654 2939 1685 2975 C.
1709 2941 1743 2976 de
1765 2942 1980 2977 transactioni-

1210 2983 1266 3017 bus
1282 3007 1295 3025 ,
1327 2994 1384 3018 non
1406 2987 1560 3029 pertinere
1580 2988 1623 3022 ad
1645 2987 1779 3024 Titulum
1806 2989 1918 3024 Codicis
1944 2990 1980 3026 de

1211 3032 1494 3068 transactionibus:
1515 3035 1580 3080 sub
1602 3048 1692 3081 eoque
1714 3037 1813 3072 Titulo
1834 3048 1854 3072 a
1880 3037 1982 3084 Juris

1211 3080 1310 3128 nostri
1323 3081 1509 3120 Architectis
1524 3086 1599 3132 poni
1608 3093 1778 3133 perperam.
1903 3095 1978 3132 245

1110 2294 1186 2332 XX.

875 3172 1259 3219 ,FINIS

1896 3230 1982 3274 ,(ἷΕ.
