2036 3495
156 103 223 138 302
649 83 683 118 G
714 92 735 116 E
765 91 789 116 R
821 89 844 115 A
868 91 892 115 R
924 89 948 115 1>
980 91 994 117 1

164 183 215 220 63.
232 178 262 220 §.
283 187 311 218 3.
330 175 402 208 Fuit
419 175 447 206 δι
465 173 513 204 illa
532 172 688 202 Veterum
705 169 915 202 deliberatio:
931 177 1037 200 utrum

163 219 230 251 hoc
248 217 440 250 beneficium
462 223 524 244 tarn
551 210 718 251 fidejussori
744 209 879 252 praestari
902 211 1037 247 debeat,

163 270 258 301 quam
275 258 377 289 socio:
409 265 446 285 an
470 262 548 284 vero
572 252 735 292 personale
757 250 949 283 beneficium
975 251 1036 282 sit?

164 302 253 340 quod
271 297 366 338 magis
386 295 468 330 effe,
492 294 645 333 Ulpianus
670 293 847 324 arbitratur.
871 301 903 323 ut
929 302 1034 324 tamen

166 339 344 380 fidejussor,
369 336 388 367 fi
403 335 554 375 judicium
572 334 762 374 susceperit,
787 332 868 373 quasi
886 333 1034 365 defensor

164 381 261 416 socii.
278 379 330 410 sibi
352 375 464 417 prosit:
487 375 584 414 idque
598 375 753 415 julianum
771 375 959 406 confirmare
976 375 1028 406 lib.

166 432 215 461 14.
235 417 454 459 Digestorum:
477 426 547 448 nam
567 415 722 454 scribere,
740 415 938 447 defensorem
956 415 1029 446 socii

162 461 235 494 inid
247 460 333 500 quod
344 458 446 490 socius
455 457 563 489 facere
574 456 696 499 potest,
713 458 919 489 condemnari
935 467 1029 498 opor-

167 503 274 534 tered.
293 501 376 531 l.6.
413 509 467 531 .i.

202 543 250 575 Sit
266 540 319 574 hic
338 499 424 573 n3un§c
441 539 512 573 finis
530 540 716 582 exponendi
741 538 845 571 Tituli
872 540 933 572 Pro
943 538 1038 581 fficio.-

1059 78 1320 116 Nono-r
1376 78 1588 116 coitu.

1079 168 1098 200 si
1120 168 1287 208 addidero,
1311 170 1399 209 quod
1415 168 1470 200 sub
1486 179 1527 200 eo
1536 175 1626 200 extat
1641 167 1770 209 Ulpiani
1785 170 1875 203 locus
1890 173 1944 205 ad-

1081 211 1210 254 modum
1225 211 1393 250 notabilis,
1412 219 1473 241 nec
1491 211 1593 242 minus
1612 209 1762 241 obscurus
1776 234 1784 249 ,
1810 213 1838 242 in
1855 212 1873 242 l.
1891 218 1942 250 69.

1081 261 1105 282 is
1130 258 1217 282 certe
1242 251 1353 283 frustra
1371 252 1517 283 exercuit
1542 252 1659 282 multos
1689 252 1782 283 Viros
1808 251 1944 287 Doctos.

1081 291 1131 322 sed
1150 300 1182 323 tu
1201 292 1328 324 consule
1349 292 1453 324 V‘CL.
1478 291 1656 331 johannem
1680 302 1695 323 a
1724 293 1818 324 Costa
1845 295 1882 324 ad
1896 301 1944 334 pr.

1079 330 1150 372 Inst.
1165 333 1192 364 h.
1209 340 1229 364 ι.
1249 334 1278 365 ὅ(
1295 336 1324 364 in
1351 335 1457 374 primis
1489 333 1693 365 [tentationem
1717 335 1777 375 ejus
1801 334 1946 371 solemnem

1074 374 1112 405 ad
1130 376 1157 405 d.
1175 374 1193 405 l.
1209 380 1250 411 69
1282 374 1361 406 Haec
1386 375 1520 415 iubja-eta
1538 375 1580 406 est
1599 376 1637 406 ad
1662 377 1781 407 calcem
1802 375 1946 407 commen-

1074 416 1144 446 tarii
1158 416 1194 446 ad
1214 415 1420 456 Institutiones.
1447 420 1533 448 Unus
1552 416 1576 447 is
1594 416 1764 457 diligentiae
1791 425 1851 447 tuae
1869 417 1947 449 suffi-

1075 456 1138 486 ciet
1155 455 1332 497 interpres:
1356 466 1417 488 nec
1434 457 1620 489 desiderabis
1637 459 1715 488 alios
1733 466 1892 497 praeterea.
1914 457 1947 490 id

1080 506 1095 527 a
1113 506 1162 541 me
1183 497 1265 537 dici,
1287 506 1428 530 meretur
1444 497 1512 530 Viri
1537 498 1661 531 Eruditi
1678 500 1827 540 praeclara
1843 498 1946 531 obsen-

1080 545 1176 569 vatio.

262 726 632 782 LIBER
704 724 1238 777 DECIMUS
1313 724 1875 779 OCTAVUS.

823 843 1177 878 Ttrutus
1234 842 1259 879 I.

265 928 316 965 De
332 924 540 962 contrahenda
559 926 727 973 emptione,
753 922 794 963 &2⁹
810 924 845 959 de
855 925 951 971 publii
972 925 1052 958 inter
1067 930 1227 969 emptorem
1246 920 1287 962 ἐξ
1304 922 1488 959 venditorem
1503 921 1686 970 compositis,
1716 922 1757 964 ἐξ
1776 934 1843 971 quae

865 991 912 1015 res
936 982 1038 1015 venire
1057 992 1112 1014 non
1126 989 1164 1026 pa
1193 988 1258 1014 unt.

162 1073 351 1124 ῥῆζἾὲ-ἓθκ
378 1071 492 1104 ordine
517 1070 571 1102 hic
599 1070 751 1115 deinceps
783 1079 841 1114 me
867 1068 1039 1115 occupabit

163 1124 203 1170 θ
233 1150 260 1182 E
291 1123 329 1170 ἢ
352 1113 523 1186 tatia}
532 1112 947 1183 353313¹ffr5312fflsi3ffiff
964 1119 1038 1181 iili·

165 1175 216 1228 ἦ
291 1171 332 1215 θ
355 1197 537 1228 mandatum
561 1193 785 1225 &societatem
805 1193 942 1233 superior
959 1192 1037 1222 liber

164 1221 331 1269 ἑὲῗῆἵῖἒόᾗ
355 1237 508 1278 exposuit.
542 1234 592 1265 De
616 1236 783 1274 emptione
810 1243 888 1264 vero
915 1234 942 1263 ἃ
964 1242 1036 1264 ven-

165 1280 290 1312 ditione
315 1279 414 1310 hodie
449 1277 569 1308 nullum
593 1285 681 1307 extat
707 1275 879 1313 Editiuin3
905 1275 954 1305 sed
972 1284 1035 1305 non

163 1320 376 1360 improbabile
395 1316 559 1356 esi,fuisse
576 1317 654 1349 tale:
675 1316 761 1359 Quod
777 1323 899 1356 emptum
914 1314 950 1349 ἐξ
965 1325 1033 1346 ven·

164 1364 258 1394 ditum
275 1361 326 1401 effe
342 1361 472 1397 dicetur,
496 1360 527 1389 de
544 1368 572 1389 eo
583 1358 730 1399 judicium
755 1360 835 1388 dabo.
883 1356 976 1387 Ratio
994 1355 1033 1386 E-

164 1403 236 1435 dieti
248 1402 308 1434 fuit
320 1404 458 1442 optima:
476 1399 553 1431 sicut
567 1399 688 1438 emptio
700 1401 727 1429 dt
741 1399 882 1429 venditio
895 1397 938 1428 est
957 1407 1034 1428 con-

170 1444 287 1476 tractus
309 1442 456 1484 juvandis
483 1440 575 1471 rebus
608 1440 749 1470 humanis
766 1463 775 1477 ,
807 1439 827 1471 si
852 1440 919 1478 quis
942 1439 1036 1477 alius,

168 1492 381 1526 opportunus.
407 1483 541 1521 primuni
561 1481 628 1518 quis
646 1481 790 1520 ignorat,
807 1481 915 1520 (quod
933 1479 1034 1511 obser·

168 1535 278 1558 vatum
297 1534 313 1555 a
330 1523 468 1564 Virgilio
485 1522 531 1551 tib.
552 1530 576 1552 1.
595 1521 726 1561 Georgic.
743 1525 873 1561 vers.52.
892 1520 1034 1562 &²stqu

165 1577 229 1599 non
255 1574 385 1597 omnem
411 1571 526 1594 terram
558 1561 643 1593 ferre
662 1571 786 1594 omnia:
811 1564 885 1600 quin
903 1571 1035 1600 contra,

164 1609 248 1641 hanc
268 1606 431 1647 regionem
451 1604 528 1640 alia,
552 1604 636 1634 illam
654 1603 711 1634 alia
728 1603 896 1635 recusare?
921 1603 1036 1633 deinde

166 1649 236 1690 quis
253 1648 349 1680 habet
366 1646 474 1677 omnia
490 1643 543 1676 sibi
563 1644 667 1683 passim
684 1644 871 1682 necessaria,
897 1643 1037 1684 quamvis

166 1690 251 1723 domi
269 1689 368 1721 nata‘?
387 1687 481 1728 quid,
499 1685 519 1717 fi
536 1685 616 1725 saepe
636 1687 764 1723 evenit,
789 1694 822 1716 ut
838 1686 886 1716 cui
907 1686 1039 1725 pecunia

164 1730 327 1772 suppetit,
358 1730 382 1760 is
399 1736 503 1760 careat
521 1737 554 1758 re
571 1736 664 1766 quam
683 1734 793 1766 optet:
811 1727 840 1758 ἂ
855 1728 923 1758 vice
937 1725 1040 1764 versa,

168 1775 222 1814 qui
235 1772 327 1804 rebus
345 1771 504 1806 abundet,
530 1769 665 1809 pecunia
683 1767 893 1799 destituatur?
919 1768 969 1798 Est
987 1769 1040 1808 igi—

169 1822 220 1847 tur
256 1813 373 1844 summa
407 1809 524 1842 utilitas
556 1810 726 1849 emptionis
758 1811 787 1840 <St
813 1810 1009 1840 venditionis
1029 1831 1041 1847 ,

166 1855 404 1898 permutatione
422 1860 535 1883 mercis
552 1860 623 1881 cum
643 1850 776 1890 pecunia
792 1849 955 1882 communi
971 1859 1039 1882 om·

168 1899 257 1930 nium
287 1893 467 1935 indigentiae
499 1893 566 1933 jure
589 1891 730 1933 gentium
762 1901 885 1932 optime
920 1891 1039 1922 succur-

170 1939 282 1971 rentis.
310 1936 385 1976 Ejus
407 1934 652 1973 explicationem
679 1942 773 1973 quam
799 1932 867 1963 usus
891 1933 1040 1972 frequens

169 1981 202 2012 &
226 1977 429 2019 quotidianus
457 1977 520 2007 late
552 1973 696 2013 porrexit
717 1997 727 2011 ,
764 1973 842 2013 juris
870 1973 1040 2005 Architecti

170 2031 230 2063 per
250 2021 356 2060 plures
377 2017 511 2058 sparsere
528 2015 682 2048 Titulos,
704 2024 833 2053 omnes,
859 2025 890 2046 ut
911 2025 958 2045 res
980 2024 1042 2045 me-

169 2070 277 2100 retur,
302 2060 466 2092 dili.enter
483 2059 695 2089 extricandos.
712 2057 832 2097 primus
849 2057 972 2088 conslat
992 2056 1043 2086 tri-

170 2105 232 2137 bus
250 2101 409 2144 partibus:
433 2109 492 2131 una
503 2098 548 2130 est
567 2100 606 2130 de
618 2098 841 2129 contrahenda
860 2097 1045 2136 emptione:

172 2146 270 2178 altera
297 2144 336 2174 de
355 2141 454 2183 pactis
478 2141 560 2171 inter
589 2148 769 2180 emptorem
796 2140 824 2170 ἀ
843 2140 1045 2169 venditorem

173 2183 379 2227 compositis:
404 2183 497 2214 tertia
520 2189 647 2212 enarrat
673 2191 722 2213 res
748 2190 817 2222 quae
845 2181 953 2211 venire
982 2189 1048 2210 non

173 2227 315 2270 poss'unt.
340 2223 440 2266 prima
457 2222 553 2263 spatia
569 2222 759 2261 ostendent,
776 2222 852 2262 quid
874 2221 908 2252 sit
928 2221 1049 2261 emptio

176 2271 208 2302 ἂ
225 2268 380 2300 venditio.

219 2309 272 2341 Est
289 2316 394 2340 autem
411 2305 594 2338 contractus
607 2304 680 2344 J'uris
699 2305 842 2345 gentium
862 2304 955 2335 bonae
976 2302 1048 2335 fidei

178 2350 329 2383 consensu
347 2349 462 2385 initus;
479 2356 541 2388 quo
557 2348 681 2387 agitur,
699 2354 733 2377 ut
751 2356 839 2377 merx
854 2354 926 2376 cum
948 2347 1050 2389 pretio

175 2399 386 2433 permutetur.
414 2389 551 2421 Primum
572 2396 667 2427 puta,
692 2387 889 2426 emptionem
916 2387 1048 2418 venditi-

179 2442 277 2465 onem
294 2432 355 2464 esse
370 2430 587 2463 contractum:
614 2430 686 2468 quia
705 2428 828 2459 constat
852 2435 964 2459 mutuo
985 2436 1049 2458 em-

178 2475 282 2515 Ptoris
301 2474 330 2504 ἃ
348 2472 525 2504 venditoris
541 2468 712 2508 consensu,
739 2469 845 2508 suapte
871 2469 901 2499 vi
928 2470 1048 2500 idoneo

180 2516 223 2547 ad
241 2515 476 2554 producendam
496 2512 568 2551 Jure
588 2510 682 2542 Civili
705 2511 935 2551 obligationem
954 2510 982 2541 &
1000 2519 1048 2540 ac-

180 2557 316 2589 tionem.
341 2554 459 2585 indicio
480 2552 627 2590 Titulus,
654 2553 703 2582 De
727 2552 886 2583 aaronitas
911 2553 995 2591 empti
1015 2550 1050 2585 &³

181 2597 314 2633 venditi,
343 2595 425 2626 libro
450 2595 611 2635 sequente.
645 2592 699 2624 Est
727 2594 822 2634 igitur
847 2592 1053 2623 contractus:

183 2638 238 2670 sed
254 2637 328 2678 iuris
343 2636 503 2676 gentium,
526 2636 556 2666 id
573 2634 657 2671 dixi,
681 2635 812 2665 auctore
829 2633 927 2665 Paulo
941 2634 961 2663 l.
984 2642 1005 2664 1.
1025 2633 1053 2674 §.

186 2691 216 2714 2-
234 2680 280 2710 D.
299 2677 327 2708 b.
350 2682 370 2707 t.
397 2676 446 2706 Eo
469 2687 548 2707 vero
572 2674 781 2716 fignificatur3
812 2677 900 2714 quod
930 2676 1053 2714 emptio

181 2719 352 2754 venditio,
377 2717 453 2748 licet
470 2717 646 2755 actionem,
669 2717 700 2748 id
723 2716 787 2752 est,
812 2715 875 2747 vim
892 2724 1018 2755 accepit
1037 2724 1054 2745 a

184 2765 260 2805 Jure
277 2758 400 2795 Civili;
430 2757 468 2788 ab
495 2767 534 2788 eo
559 2768 620 2789 non
647 2759 744 2789 habet
768 2757 901 2789 formam
927 2766 1056 2787 novam.

186 2803 263 2846 quin
281 2800 326 2834 est
351 2798 459 2831 relicta
483 2798 513 2828 in
536 2797 731 2838 simplicitate
761 2799 912 2835 naturali,
937 2799 966 2829 ἀ
992 2797 1058 2828 nul·

186 2849 252 2881 Iam
274 2841 426 2875 desiderat
444 2838 673 2882 solemnitatem
689 2840 748 2881 juri
757 2839 899 2881 gentium
912 2839 1054 2880 incogni-

186 2895 265 2920 tam.
289 2892 356 2915 tum
373 2882 455 2913 inter
470 2889 656 2920 peregrinos
671 2891 762 2920 aeque
778 2881 977 2912 contrahitur
988 2904 996 2918 ,
1012 2887 1057 2910 at-

189 2936 254 2971 que
271 2927 354 2957 inter
371 2924 459 2954 cives
476 2920 637 2951 Romanos
654 2920 673 2950 l.
687 2931 732 2960 15.
750 2923 795 2953 D.
812 2924 845 2952 de
860 2921 1002 2952 intenti&
1019 2920 1056 2954 &³

191 2970 247 3003 fele
270 2991 277 2997 .
304 2964 357 2997 Est
378 2964 473 3004 igitur
495 2959 676 2993 contractus
698 2963 769 3000 iuris
798 2964 954 3003 gentium.
984 2961 1056 2994 Nec

191 3011 245 3044 fru
275 3005 446 3042 ra‘addidi‚
471 3002 531 3034 effe
547 3002 641 3033 bonae
663 3000 755 3039 fidei3
771 3005 841 3043 quia
858 3004 903 3035 est
920 3005 958 3035 ab
974 3012 1057 3035 uti-0.

193 3062 256 3093 que
280 3049 379 3081 latere
403 3043 628 3086 obligatorius:
658 3043 767 3081 quales
792 3046 971 3077 contractus
997 3044 1058 3076 ess'e

195 3094 290 3125 bonae
307 3088 401 3126 fidei,
426 3085 575 3118 omnibus
591 3091 703 3115 notum
723 3082 776 3114 est.

187 3132 190 3134 ’
238 3132 363 3164 Caetera
372 3127 567 3160 definitionis
580 3125 676 3156 verba
685 3124 843 3170 indicant,
861 3128 1060 3165 emptionem

197 3170 418 3208 venditionem
435 3168 547 3212 perfici
563 3174 716 3209 emptoris
739 3166 770 3200 ὅς
787 3166 965 3201 venditoris
985 3176 1061 3203 con-

1084 1066 1171 1112 sensu
1191 1068 1208 1098 d
1222 1068 1451 1108 epermutanda
1464 1067 1724 1112 merce&pretio
1736 1080 1745 1111 3
1759 1078 1866 1110 eoque
1882 1068 1950 1109 ejus

1084 1108 1283 1140 substantiam
1309 1110 1478 1142 confluere
1503 1121 1540 1143 ex
1569 1112 1616 1143 his
1641 1112 1756 1143 tribus:
1780 1110 1949 1149 consensu,

1082 1153 1209 1189 pretio,
1234 1152 1261 1181 dt
1286 1161 1401 1182 merce.
1428 1154 1562 1192 primum
1588 1152 1738 1194 attingam
1765 1151 1949 1183 consensum

1080 1200 1152 1221 cum
1178 1194 1351 1230 emptoris,
1384 1200 1449 1224 tum
1469 1194 1654 1225 venditoris.
1686 1194 1782 1225 Hunc
1805 1192 1949 1233 intellige

1078 1234 1213 1264 nudum:
1237 1232 1339 1264 statim
1361 1235 1444 1265 enim
1460 1244 1495 1265 ac
1513 1235 1630 1265 dictum
1643 1258 1652 1271 ,
1669 1235 1866 1275 emptionem
1886 1234 1950 1266 ess'e

1077 1275 1271 1304 conti-aetum
1292 1275 1366 1313 juris
1380 1277 1543 1315 gentium3
1559 1278 1756 1316 consequens
1777 1276 1853 1312 fuit,
1871 1285 1948 1306 con·

1079 1314 1195 1346 sensum
1215 1315 1339 1354 qualem
1364 1317 1488 1354 qualem
1512 1316 1660 1348 sufficere.
1685 1317 1812 1348 Paulum
1839 1318 1908 1346 audi
1926 1314 1948 1348 Ῑ.

1078 1366 1104 1386 2.
1118 1355 1145 1397 §.
1162 1365 1189 1386 2.
1208 1357 1253 1386 J).
1272 1358 1299 1387 b.
1317 1363 1338 1387 t.
1357 1355 1428 1396 Est,
1447 1356 1565 1396 inquit,
1589 1358 1688 1398 emptio
1698 1359 1775 1399 juris
1796 1358 1948 1398 gentium,

1079 1395 1114 1431 &³
1130 1400 1187 1427 zaleo
1205 1397 1337 1433 consensu
1350 1400 1503 1438 peragitur
1549 1398 1659 1429 Paulus
1678 1408 1746 1429 cuin
1765 1398 1946 1437 simpliciter

1078 1437 1151 1469 dicit
1175 1438 1374 1475 consensum,
1406 1439 1669 1478 qualemcumque
1693 1439 1847 1479 designat:
1871 1439 1946 1478 quia

1078 1489 1141 1510 non
1159 1479 1252 1510 alium
1272 1479 1424 1510 desiderat
1439 1480 1487 1519 jus
1504 1488 1654 1520 gentium,
1684 1480 1726 1511 Ea
1755 1481 1877 1510 ratione
1893 1489 1947 1510 ne-

1078 1529 1148 1560 gat,
1173 1519 1311 1557 referre,
1334 1529 1434 1550 utrum
1461 1519 1539 1550 inter
1562 1521 1706 1552 absentes
1729 1520 1945 1551 consentiatur

1081 1571 1135 1600 per
1153 1570 1318 1599 nuncium,
1337 1562 1384 1591 vel
1405 1561 1526 1592 literas:
1544 1571 1579 1592 an
1599 1560 1679 1591 inter
1692 1562 1859 1600 praesentes
1878 1570 1947 1591 ver-

1080 1603 1150 1638 bis;
1173 1604 1202 1632 id
1226 1602 1287 1639 est,
1315 1603 1567 1640 quibuscumque
1590 1601 1704 1633 verbis.
1721 1601 1817 1641 Gaius
1833 1602 1851 1631 l.
1874 1611 1902 1632 2.
1919 1600 1952 1641 §.

1085 1653 1110 1674 1.
1131 1643 1166 1677 ἐξ
1186 1653 1212 1673 2.
1236 1642 1276 1673 D.
1301 1644 1333 1673 cie
1349 1643 1429 1683 obltg.
1448 1642 1482 1676 δ”
1500 1642 1555 1674 αὲἶ,
1573 1644 1633 1681 ait,
1667 1652 1770 1682 neque
1790 1642 1953 1683 praesentia

1082 1686 1272 1715 omnimodo
1289 1692 1368 1720 opus
1394 1683 1455 1715 esse
1471 1707 1481 1722 ,
1514 1693 1617 1724 neque
1644 1684 1822 1723 scripturae,
1846 1691 1954 1722 neque

1084 1727 1254 1756 verborum
1279 1726 1337 1756 ulla
1364 1726 1574 1766 proprietate:
1597 1727 1627 1757 id
1652 1724 1712 1762 est,
1738 1725 1796 1756 ulla
1824 1724 1953 1766 propria

1082 1766 1238 1798 formula:
1264 1766 1409 1806 scriptura
1433 1768 1460 1797 ot
1479 1767 1582 1797 verbis
1603 1769 1631 1797 in
1650 1769 1814 1807 emptione
1830 1774 1953 1798 tantum

1082 1810 1120 1838 ad
1138 1807 1301 1839 consensus
1315 1811 1536 1846 probationem
1555 1807 1763 1847 s‘pefitantibus
1781 1808 1790 1837 l
1809 1817 1837 1847 4.
1856 1812 1897 1838 ι).
1914 1808 1949 1838 de

1078 1849 1133 1889 fid.
1149 1847 1281 1889 instrum.
1321 1850 1420 1881 Aliter
1438 1858 1531 1886 atque
1552 1850 1580 1879 in
1599 1849 1809 1880 contratiibus
1824 1847 1896 1889 juris
1912 1846 1954 1879 ci-

1085 1889 1168 1921 vilis:
1189 1899 1219 1920 ut
1237 1890 1280 1921 est
1299 1890 1456 1929 stipulatio
1471 1891 1498 1921 ἃ
1517 1890 1692 1922 οοηῑτεξὶω
1713 1899 1875 1921 nominum
1888 1913 1896 1926 ,
1920 1891 1955 1920 in

1085 1931 1197 1970 quibus
1209 1931 1512 1963 formaeibltmnitas
1523 1931 1576 1964 est.
1602 1940 1672 1962 nam
1694 1929 1953 1971 stipulatio&so-

1085 1974 1198 2004 lemnia
1218 1974 1311 2004 verba
1329 1974 1356 2004 ἃ
1371 1972 1563 2014 praesentiain
1576 1973 1754 2012 desiderav,
1774 1974 1803 2003 in
1815 1970 1952 2003 nomini-

1086 2015 1144 2045 bus
1155 2023 1259 2045 autem
1272 2023 1388 2052 praetei·
1398 2023 1481 2045 certa
1501 2014 1594 2044 verba
1606 2037 1614 2052 ‚
1635 2014 1779 2053 scriptura
1790 2012 1954 2044 necessaria

1087 2055 1156 2086 fuit.
1175 2055 1247 2086 illud
1267 2065 1378 2086 notum
1390 2055 1554 2086 omnibus:
1570 2055 1631 2085 hoc
1647 2053 1848 2095 Theophilus
1862 2053 1956 2084 tradit

1088 2101 1123 2128 αα
1136 2096 1193 2127 Tit.
1209 2094 1487 2138 lrift.l)el1't.011l1'g.
1507 2095 1597 2127 Utad
1610 2096 1807 2135 emptionem
1817 2098 1886 2126 retlt
1894 2102 1957 2131 am,

1090 2146 1132 2169 ait
1152 2137 1356 2177 justinianus,
1383 2138 1412 2168 in
1431 2147 1466 2168 ea
1483 2147 1540 2169 nte
1555 2138 1617 2167 dari
1630 2139 1819 2177 quidquam,
1838 2134 1958 2167 neccsse

1092 2179 1171 2216 csse;
1189 2179 1239 2210 sed
1254 2179 1320 2208 satis
1337 2176 1416 2217 effe,
1441 2188 1496 2210 eos
1517 2180 1569 2218 qui
1592 2178 1719 2218 negotia
1736 2185 1868 2218 gei-unt,
1885 2185 1960 2207 con·

1091 2221 1259 2251 sentiretit.
1273 2217 1339 2258 [nst.
1360 2220 1409 2250 De
1426 2219 1508 2260 orlig.
1524 2229 1559 2250 ex
1574 2224 1694 2259 consens.
1713 2218 1767 2250 etsi
1786 2229 1814 2249 iri
1834 2226 1958 2249 contra-

1076 2261 1194 2293 ..dibus
1205 2260 1255 2300 qui
1266 2271 1298 2292 re
1308 2261 1535 2291 contrahuntur
1544 2284 1552 2298 ,
1563 2264 1651 2301 (nam
1664 2261 1723 2291 huc
1733 2259 1874 2300 respicit)
1885 2268 1959 2289 con-

1093 2310 1139 2339 tra
1156 2303 1351 2333 observetur.
1372 2301 1443 2333 Hoc
1460 2312 1536 2333 vero
1555 2312 1584 2332 in
1604 2310 1724 2332 tantum
1744 2302 1856 2341 probat
1871 2298 1958 2338 justi-

1093 2345 1202 2374 nianus
1217 2351 1261 2382 pr.
1279 2342 1347 2382 [nst.
1365 2343 1392 2373 h.
1410 2350 1434 2375 t.
1452 2351 1484 2373 ut
1502 2352 1540 2374 ne
1557 2343 1678 2374 arrham
1697 2342 1823 2382 quidem
1842 2340 1960 2371 ‹itside-

1093 2393 1141 2416 ret
1151 2394 1156 2415 :
1168 2384 1326 2424 prrefatus,
1339 2385 1424 2424 quod
1436 2384 1533 2415 arrhae
1546 2386 1673 2415 nomine
1683 2385 1789 2420 datur,
1801 2381 1862 2413 csse
1872 2391 1962 2422 argu-

1093 2435 1233 2457 mentum
1253 2426 1424 2465 emptionis
1442 2426 1469 2456 &
1489 2424 1683 2456 venditionis
1698 2423 1871 2454 contractae.
1893 2423 1960 2453 Ga-

1090 2469 1136 2508 jus
1153 2467 1170 2498 l.
1188 2477 1236 2507 35.
1262 2467 1303 2496 Ι).
1320 2467 1346 2497 b.
1365 2472 1386 2496 t.
1412 2465 1448 2497 sic
1471 2467 1638 2506 exprimit:
1664 2465 1750 2507 Quod
1774 2465 1842 2503 [ipe
1866 2464 1958 2495 ttrrbae
1995 2493 1997 2495 ,

1095 2511 1205 2539 nornine
1216 2516 1264 2548 pro
1289 2507 1425 2547 &raptione
1447 2508 1553 2544 datur,
1576 2516 1632 2537 non
1657 2515 1685 2536 eo
1705 2506 1853 2545 pertinet,
1876 2503 1963 2548 quast

1089 2550 1154 2588 sim>
1169 2552 1256 2579 orriri
1273 2551 1420 2579 conventio
1436 2549 1508 2578 nibil
1528 2547 1680 2587 proficiat,
1700 2548 1750 2585 sed
1768 2553 1800 2577 ut
1819 2548 1958 2577 evidenti-

1097 2602 1129 2622 us
1153 2592 1269 2631 probari
1288 2588 1385 2629 poffic,
1409 2588 1564 2627 convenisse
1586 2591 1619 2618 cle
1638 2591 1726 2627 pretio
1779 2586 1873 2619 Haec:
1904 2586 1961 2619 nisi

1098 2631 1361 2663 contrahentibus
1384 2629 1413 2660 in
1440 2628 1573 2669 ingressu
1597 2628 1715 2670 negotii
1734 2629 1868 2668 placuit,
1895 2638 1961 2659 em-

1099 2672 1240 2714 ptionem
1254 2671 1349 2711 redigi
1362 2672 1390 2701 in
1403 2670 1597 2710 scripturam:
1613 2679 1760 2702 namtum
1778 2669 1960 2710 vetatJussi-
1992 2682 1994 2684 ’

1099 2723 1225 2751 manus,
1248 2710 1476 2752 obligationem
1492 2720 1564 2742 ante
1589 2710 1689 2750 nasci,
1712 2720 1803 2751 quam
1820 2713 1961 2751 comple·

1101 2763 1166 2787 tum
1183 2753 1279 2785 fuerit
1296 2752 1556 2784 instrumentum:
1580 2754 1695 2792 datque
1718 2753 1842 2784 interim
1862 2752 1961 2790 poeni-

1100 2795 1206 2828 tentiae
1224 2796 1326 2826 locum
1349 2794 1366 2824 l.
1389 2803 1432 2834 17Δ
1465 2794 1496 2825 C.
1520 2793 1614 2834 defici.
1634 2791 1715 2834 infir.
1741 2802 1802 2824 non
1820 2794 1907 2834 quod
1924 2802 1962 2824 ea.

1098 2838 1134 2869 sit
1151 2836 1196 2869 vis
1212 2835 1386 2875 scripturae.
1410 2835 1509 2872 solum
1532 2838 1569 2867 ad
1595 2837 1818 2876 probationem
1837 2844 1962 2873 compa-

1099 2886 1192 2917 ratae3
1217 2877 1267 2907 sed
1285 2878 1372 2916 quod
1390 2876 1516 2907 sedebat
1538 2875 1816 2914 contrahentibus,
1841 2875 1962 2907 exitum

1099 2917 1220 2960 negotii
1231 2918 1356 2958 rejicere
1373 2918 1410 2948 ad
1429 2925 1553 2958 tempus
1570 2927 1634 2957 quo
1646 2916 1790 2955 scriptura
1806 2918 1963 2955 complea-

1100 2968 1157 2992 tur.
1183 2961 1222 2990 At
1239 2959 1297 2990 hoc
1312 2958 1353 2990 sic
1368 2957 1596 2991 consideratum
1608 2982 1617 2996 ‚
1639 2968 1701 2989 non
1720 2958 1763 2989 est
1777 2959 1825 2998 jus
1843 2965 1964 2989 novum

1101 3002 1180 3043 Imp.
1198 2999 1372 3040 justiniani:
1392 3010 1461 3032 nam
1478 3001 1536 3040 jam
1553 2999 1628 3031 olim
1640 2999 1779 3030 obtinuit
1791 3023 1799 3035 ,
1819 2998 1962 3038 paetum,

1101 3054 1142 3075 ne
1160 3041 1240 3074 aetio
1256 3040 1292 3073 fit
1317 3049 1390 3072 ante
1415 3049 1536 3072 certum
1553 3049 1698 3079 tempus,
1720 3041 1773 3079 (ut
1790 3041 1819 3069 in
1841 3047 1963 3084 propo-

1102 3085 1177 3123 fito,
1201 3093 1241 3115 ne
1259 3083 1312 3121 fit,
1335 3081 1387 3114 nisi
1413 3082 1551 3123 perfecta
1576 3084 1661 3114 omni
1681 3081 1776 3113 modo
1795 3079 1962 3125 scriptura]

1103 3124 1217 3157 servari
1233 3134 1305 3155 cum
1329 3124 1359 3155 in
1383 3125 1476 3155 bonae
1499 3123 1593 3162 fidei,
1618 3132 1682 3154 tum
1710 3123 1738 3152 in
1765 3118 1963 3167 strfflrjnrrs,

1104 3166 1333 3205 contractibus
1347 3173 1383 3199 ut
1398 3164 1654 3201 demonstravilib
1660 3162 1739 3204 fing·
1749 3160 1800 3194 Aa
1808 3160 1972 3234 Edzcluss}
