2052 3487
486 127 799 161 PssoaAmmuM
849 123 976 170 Juius
1032 123 1206 159 C1v1t1s
1257 122 1346 178 ¹:1¹³·
1391 120 1468 162 ΙΙΙ,

794 292 1003 327 CAPUT

1807 132 1856 172 55

1066 291 1151 328 XI.

498 397 673 432 Intelleetus
697 397 716 431 l.
737 400 793 440 78.
819 395 848 444 §.
868 397 924 432 ult.
951 396 995 432 D.
1010 396 1045 431 de
1065 394 1268 431 contrahenda
1285 398 1441 444 emptione.

92 506 240 583 Verba
270 504 427 537 Labeonis
447 502 517 535 sunt
548 506 581 535 in
604 504 623 534 l.
645 507 694 543 78.
724 504 752 544 ζ).
772 503 824 536 ult.
848 503 891 534 D.
913 504 946 534 de

183 546 371 579 contrahenda
389 547 534 585 emptione.

129 589 286 620 Frumenta
297 610 305 626 ,
327 596 387 628 qua:
405 587 435 617 in
452 587 543 617 herbis
560 592 662 624 erant,
679 595 742 617 cuni
757 585 944 625 vendidzffes,

151 628 250 669 dixisti
268 652 278 667 ,
311 634 337 658 te
351 651 360 665 ,
381 627 410 665 fi
431 628 501 668 quid
525 630 558 658 vi
578 634 630 658 aut
655 626 812 668 tempestate
828 628 945 666 fabium

150 671 231 711 affec,
252 667 472 711 praestuturum:
501 678 533 699 ea
547 669 697 708 frumenta
713 671 794 699 nives
815 678 944 709 corrupe-

150 719 231 743 runt.
247 709 276 748 fi
289 710 610 750 immoderataefuerunt
626 734 634 748 ‚
658 709 695 744 &⁹
717 717 816 741 contra
836 718 945 748 consue-

152 755 280 784 tudinem
306 749 475 792 tempestatis
491 775 501 790 ,
531 754 579 793 agi
598 757 690 782 tecum
710 761 746 782 ex
761 758 850 792 empto
868 758 946 792 pote·

150 796 199 825 rit.

93 831 173 869 Haec
201 835 324 875 vulgata
356 833 477 865 10611οε
505 841 565 864 1100
591 834 725 871 damn03
756 842 967 874 quamquam,

92 878 207 910 malim.
242 877 274 906 St
300 876 486 906 immoderata:
506 874 656 913 fuerunt,
688 874 724 908 ὅ)
753 882 854 905 contra
883 884 945 905 con-

82 919 268 959 suetudinem
284 914 464 956 tempestates.
490 915 566 958 Quo
582 917 679 947 modo
697 916 857 947 Salmasius
870 925 932 946 con

89 961 157 1001 jicit
175 960 224 990 Ad
235 959 287 1000 jus
304 959 436 989 Atticum
450 967 474 988 c.
493 967 542 993 24.
583 956 711 988 Thema
727 957 819 989 vide:
843 958 874 988 id
886 957 947 987 tale

93 1001 137 1032 est
192 999 370 1032 Vendidisti
393 998 486 1030 Titio
513 998 670 1030 frumenta
695 1008 764 1039 quae
790 1000 820 1029 in
841 997 947 1029 herbis

92 1050 200 1077 erant;
226 1041 256 1072 ἃ.
282 1040 403 1079 dixisti,
427 1041 458 1071 id
482 1039 545 1078 est,
569 1040 733 1080 recepisti,
757 1047 789 1071 te
814 1049 843 1070 ei
872 1048 946 1079 prae-

91 1083 255 1119 1111010111,
279 1081 301 1113 11
325 1083 400 1121 quid
425 1082 455 1112 vi
481 1088 534 1112 aut
560 1080 747 1120 tempestate
774 1079 945 1112 accidisset.

90 1126 182 1156 nives
207 1126 372 1161 cecidere3
404 1122 452 1153 hae
474 1121 632 1153 frumenta
660 1129 889 1161 corruperunt:
914 1121 946 1152 id

93 1165 155 1204 est,
184 1164 361 1202 frumenta,
393 1165 430 1194 ad
464 1171 575 1194 votum
605 1172 670 1194 non
703 1163 945 1203 respondentia,

92 1205 262 1246 corrupisse
277 1207 441 1236 dicuntur:
458 1204 499 1235 fic
515 1205 599 1234 enim
615 1204 739 1244 accipio
753 1205 784 1235 id
795 1203 946 1241 verbum,

90 1256 129 1279 ut
157 1248 315 1287 querelam
345 1252 600 1286 praetexrumque
633 1245 812 1285 emptoris,
849 1252 946 1284 atque

92 1290 174 1320 adeo
193 1287 265 1319 facti
284 1287 439 1328 speciem,
461 1285 500 1316 ab
517 1295 558 1316 eo
575 1284 717 1318 Labeoni
734 1286 947 1327 propositam,

89 1340 156 1362 non
181 1329 289 1368 utique
312 1329 478 1358 veritatem
498 1328 566 1366 rei,
590 1337 653 1358 non
673 1327 840 1364 effectum,
867 1327 946 1358 indi-

93 1379 162 1402 cet:
192 1370 279 1410 quod
305 1369 387 1409 apud
413 1367 537 1399 nostros
564 1368 594 1400 61
610 1369 687 1400 alios
705 1369 849 1400 auctores
866 1368 946 1408 saepe

90 1412 145 1443 usu
166 1419 271 1442 venit:
295 1418 330 1440 ut
347 1410 486 1449 pluribus
504 1410 771 1449 demonstrarem,
794 1410 848 1442 nisi
865 1408 947 1441 simi·

92 1454 133 1484 lia
154 1453 184 1483 in
212 1450 402 1483 antecessum
435 1450 629 1482 annotassem
654 1452 701 1482 lib.
727 1462 755 1483 2.
775 1462 798 1482 c.
818 1456 848 1483 6.
866 1461 893 1482 n.
914 1461 945 1492 3.

93 1495 124 1525 ὃ(
146 1494 227 1534 apud
261 1492 478 1524 Casaubonum
504 1493 541 1523 ad
568 1493 737 1524 Suetonium
759 1494 791 1524 in
813 1493 895 1533 Julio
918 1503 943 1524 c.

95 1545 135 1571 29
182 1534 375 1566 inveniffem.
416 1533 552 1565 Nivibus
576 1535 669 1575 igitur
699 1544 764 1566 non
797 1541 947 1574 corrupta

91 1577 250 1608 frumenta
274 1573 366 1612 sunt,
398 1582 432 1606 ut
456 1575 551 1606 verba
576 1575 749 1616 praeferunt
773 1576 875 1616 primo
894 1577 948 1606 ad·

93 1618 219 1656 spectu:
234 1617 400 1656 (alioquin
418 1617 525 1655 inepta
544 1616 572 1647 &
589 1616 696 1648 insulsa
711 1616 798 1649 foret
814 1616 947 1657 sequens

92 1658 266 1696 distinctio,
288 1658 423 1694 scilicet,
447 1666 550 1689 utrum
567 1659 786 1689 immoderatae
807 1657 946 1696 fuerint,

93 1701 123 1732 &
150 1708 261 1730 contra
279 1699 541 1730 consuetudinem
566 1699 787 1739 tempestates,
811 1709 848 1730 an
879 1709 944 1731 non

91 1742 229 1773 fuerint:
253 1741 325 1780 quia
340 1740 371 1771 dt
387 1742 417 1771 in
435 1740 498 1771 hoc
517 1740 591 1772 &in
608 1741 662 1772 1110
681 1740 770 1779 casu,
794 1750 943 1781 peraeque

92 1790 204 1814 verum
230 1783 332 1819 roret,
352 1781 512 1812 frumenta
539 1782 569 1813 vi
587 1790 640 1813 aut
663 1782 851 1823 tempestate
876 1792 942 1813 cor‹

94 1831 187 1863 rupta
203 1822 284 1861 esse3
308 1823 394 1862 quod
410 1823 557 1853 venditor
573 1822 609 1859 ,se
632 1825 770 1864 emptori
793 1823 944 1864 praestitu-

93 1874 163 1897 rum
190 1862 358 1903 promisit)
387 1862 439 1894 sed
461 1862 620 1894 frumenta
643 1864 672 1894 in
696 1864 799 1902 facto,
829 1874 846 1895 a
871 1873 945 1894 con·

92 1907 210 1938 sulcore
241 1903 420 1945 proposito,
453 1904 576 1936 nivibus
601 1912 750 1945 corrupta
781 1905 946 1936 dicuntur:

94 1948 125 1979 &
155 1946 289 1987 proinde
318 1945 449 1985 quaestio
478 1945 541 1982 est,
565 1955 602 1977 an
635 1946 783 1977 venditor
807 1946 946 1986 emptori

94 1987 295 2024 imminete,
332 1993 464 2027 propter
499 1987 587 2017 nives
602 2010 612 2025 ,
648 1987 766 2027 aliquid
801 1987 947 2027 praestare

95 2030 221 2061 debeat.
262 2028 349 2059 causa
369 2027 546 2067 quaestionis
562 2027 624 2066 est,
649 2028 736 2067 quod
754 2028 947 2069 tempestatis

94 2071 225 2107 verbum
257 2070 328 2100 anni
355 2068 458 2101 solitas
489 2068 691 2108 insolitasque
723 2070 946 2109 tempestates,

96 2112 124 2143 ὅ(
144 2111 197 2142 has
226 2110 289 2142 five
315 2111 455 2148 serenaS,
479 2109 542 2141 five
567 2111 727 2147 turbidas,
752 2110 815 2142 five
839 2113 947 2142 mode-

95 2161 194 2190 ratas,
218 2152 279 2182 five
295 2152 535 2189 immoderatas,
559 2152 799 2191 complectitur:
823 2152 946 2183 011801·-

83 2196 165 2233 >11105
182 2193 279 2224 refert
294 2195 332 2224 ad
356 2194 385 2224 id
410 2192 531 2234 Virgilii
550 2193 598 2224 lib.
619 2202 647 2229 9.
670 2192 787 2224 AEnez'd.
806 2194 879 2233 vers]
899 2203 946 2230 19.

134 2253 187 2258 -—
207 2253 258 2257 -—
284 2234 368 2265 Unde
385 2235 440 2264 haec
458 2241 516 2264 tam
531 2234 609 2265 clara
631 2239 742 2274 repente

137 2274 302 2316 Tempestas.
323 2293 374 2298 -—
395 2294 447 2298 ——
468 2293 521 2298 -—

99 2316 189 2347 Clara
219 2326 301 2347 0111111
326 2316 482 2357 (inquit)
503 2316 585 2347 bene
603 2316 740 2347 addidit:
767 2319 840 2356 quia
872 2324 948 2349 tem-

99 2357 185 2398 pesta
228 2360 273 2386 τῶν
294 2358 372 2395 saiw·
403 2358 457 2388 est.
488 2358 599 2396 Adde,
629 2358 816 2390 Prudentius
847 2359 895 2390 lib.
921 2369 948 2391 2.

98 2398 248 2433 Adversus
264 2398 474 2439 Symmachum.

139 2440 204 2472 Nec
228 2445 321 2469 tamen
338 2442 441 2469 idcirco
458 2441 549 2470 minor
565 2438 604 2480 esi
621 2446 673 2471 aut
689 2441 783 2471 cultus
801 2440 886 2482 agelli
900 2464 910 2480 ‚

137 2483 202 2513 Aut
217 2478 387 2522 tempestatis
403 2481 547 2512 clementia
568 2482 636 2512 laetu
649 2486 766 2521 lerenoe‚

143 2522 287 2561 Temperat
312 2528 364 2552 ant
380 2522 501 2562 pluvius
525 2525 576 2562 qui
601 2524 678 2553 culta
698 2523 814 2553 novalia
837 2528 952 2553 ventus.

103 2563 182 2596 Item
200 2563 366 2594 Lucretius
388 2563 434 2593 lib.
456 2573 485 2602 4.
508 2563 554 2593 De
570 2573 662 2594 rerum
679 2572 787 2595 natura

140 2623 191 2627 -—
215 2623 265 2628 -——
289 2603 377 2635 Modo
394 2614 458 2634 cum
472 2606 565 2641 fuerit
583 2605 777 2644 liquidiffima
796 2605 870 2636 coeli

100 2643 306 2716 Tegipestas,
323 2647 562 2686 perquanijubito
576 2645 615 2685 fit
633 2647 757 2677 turbida
772 2646 852 2686 faede

179 2689 228 2716 ndi
248 2696 290 2716 ue.
314 2705 365 2709 ——
387 2705 437 2709 ——
460 2706 511 2710 —

105 2723 219 2756 Cicero
230 2697 371 2766 qquoque
400 2728 430 2758 in
456 2727 610 2759 Oratione
630 2735 681 2768 pro
712 2727 841 2759 Murena
864 2725 951 2765 infit,

111 2764 154 2795 Ut
170 2765 337 2806 tempestates
346 2769 419 2808 Jiepe
434 2775 506 2799 certo
523 2770 616 2810 aliquo
642 2770 702 2800 coeli
723 2768 806 2809 figno
837 2777 953 2798 commo-

107 2812 228 2844 ventur,
249 2809 320 2848 sape
340 2811 507 2849 improvise,
540 2810 622 2841 nulla
653 2820 688 2841 ex
716 2816 793 2840 certa
822 2810 952 2847 ratione,

107 2849 223 2877 obicum
250 2849 345 2888 aliqua
360 2860 394 2880 ex
416 2852 502 2891 causa
524 2854 705 2883 excitantur:
722 2850 766 2888 fic
787 2852 818 2881 in
840 2851 892 2881 hac
909 2859 951 2879 co-

106 2890 252 2918 mitiorum
281 2889 435 2929 tempestate
454 2892 589 2932 populari
611 2893 678 2932 liepe
702 2892 864 2937 intelligas,
897 2900 951 2931 quo

100 2927 183 2969 signo
207 2935 340 2960 commota
362 2929 420 2970 sit,
449 2937 516 2973 laepe
541 2935 584 2963 itu
609 2935 724 2973 olycura
750 2931 808 2971 eli,
830 2939 864 2963 ut
886 2934 952 2965 calu

107 2971 233 3000 excitata
261 2969 312 3009 effe
334 2972 475 3004 videatur.
516 2973 676 3015 Significat
702 2974 840 3011 Cicero,
873 2980 950 3003 tem-

105 3011 240 3050 pestates
264 3013 359 3041 dnum
379 3021 526 3052 generum
552 3015 631 3046 effe:
662 3016 735 3046 alias
759 3023 850 3045 certo
877 3013 950 3045 coeli

103 3050 191 3091 figno
216 3059 376 3096 certaque*
392 3061 432 3082 ex
460 3053 548 3084 causa
563 3056 702 3086 moveri:
726 3056 798 3087 alias
821 3054 951 3086 obscura

102 3101 199 3132 atque
221 3100 341 3123 incerta
363 3093 485 3124 ratione
511 3096 661 3134 excitari;
683 3096 752 3128 istas
774 3095 860 3133 casu,
884 3096 950 3126 illas

103 3143 167 3165 non
198 3143 286 3171 aeque
316 3133 411 3172 casu,
443 3142 543 3165 motas
571 3137 787 3177 excitatasque
816 3137 948 3178 intelligi

103 3173 290 3215 Tempestas
314 3175 407 3216 igitur
431 3177 480 3208 vel
510 3176 631 3214 serena,
663 3179 713 3209 vel
734 3179 875 3215 turbida,
897 3179 947 3210 vel

103 3215 243 3248 clemens
259 3239 270 3256 ,
293 3220 344 3248 vel
372 3217 517 3257 horrida,
541 3219 592 3250 vel
615 3218 725 3260 solita,
749 3219 800 3251 vel
824 3218 948 3252 insolita

988 502 1053 541 est3
1079 501 1109 533 δε
1127 502 1364 543 qualiscumque
1389 501 1443 540 fit,
1467 501 1531 533 hoc
1555 501 1648 541 pauo
1675 501 1848 541 excipitur.

988 544 1058 574 haec
1086 543 1235 582 quaestio,
1260 544 1289 574 ἀ
1315 544 1378 583 ejus
1411 541 1510 574 causa.
1552 543 1615 574 Sed
1647 541 1850 583 responsum,

990 593 1113 616 tantum
1125 607 1133 622 ,
1153 587 1179 622 Jz
1196 586 1384 615 immoderatae
1394 584 1482 624 fuere
1504 583 1540 618 {9⁹
1559 591 1658 615 contra
1674 585 1852 623 consuetudi-

988 636 1050 657 nem
1066 624 1259 666 tempestates,
1289 625 1428 666 pastioni
1445 625 1550 656 locum
1573 625 1656 657 fore,
1698 625 1853 666 quamob-

989 677 1055 699 rem
1072 667 1092 698 ‘.2
1124 668 1196 707 quia
1213 690 1222 704 ‚
1244 666 1265 698 fi
1292 666 1391 698 solitae
1418 666 1447 697 ὅ(
1471 667 1644 698 moderatae
1664 665 1755 697 fuere
1774 673 1853 698 tem-

991 709 1148 750 pestates,-
1180 717 1244 739 non
1271 708 1398 739 videtur
1427 707 1570 745 nivibus,
1593 708 1625 739 id
1652 707 1717 746 est,
1740 708 1770 737 vi
1795 714 1850 738 aut

991 749 1198 789 tempestate,
1224 750 1370 780 damnum
1390 750 1496 780 datum
1513 748 1594 780 esse:
1616 758 1686 779 narn
1705 747 1849 787 constat,

987 791 1091 822 solitas
1116 791 1148 821 «St
1178 791 1356 821 moderatas
1384 789 1585 830 tempestates
1609 792 1764 830 nivesque
1797 798 1851 820 aut

988 830 1135 873 prodess'e
1158 830 1348 870 frumentis,
1372 839 1424 862 aut
1448 840 1511 863 non
1529 840 1667 863 nocere:
1691 839 1723 861 at
1747 829 1853 862 insoli-

988 883 1034 904 tas
1050 882 1148 913 atque
1166 873 1387 904 immoderatas
1405 872 1607 913 tempestates
1619 896 1627 911 ‚
1647 873 1679 903 id
1697 871 1759 910 est,
1783 871 1850 903 for-

988 915 1086 945 tuitos
1109 913 1217 951 casus,
1247 913 1414 945 frumentis
1435 923 1570 952 nocere,
1595 914 1624 945 ἀ
1650 914 1851 954 experiundo

990 956 1161 997 probatum
1179 955 1242 992 est,
1262 955 1428 996 &egregie
1441 954 1627 986 Prudentius
1645 955 1742 986 docet
1758 955 1805 986 lili.
1819 965 1850 986 2.

990 997 1138 1033 Adversus
1164 996 1373 1036 Symmachum.
1420 995 1524 1027 Verba
1552 996 1617 1036 ejus
1645 996 1718 1037 quia
1736 996 1775 1028 ad
1792 995 1851 1027 La—

990 1038 1103 1069 beonis
1125 1037 1322 1068 intellectum
1341 1036 1480 1076 faciunt,
1505 1037 1686 1069 adscribam.

1029 1079 1172 1119 Antiquis
1191 1078 1326 1109 elementa
1341 1079 1439 1109 labant
1456 1081 1618 1117 erroribus,
1639 1088 1675 1110 ac
1692 1079 1732 1110 de

1030 1119 1193 1159 Legitimo
1218 1118 1349 1151 discuss'a
1373 1121 1471 1151 modo
1495 1121 1682 1160 plerumque
1704 1120 1850 1152 feruntur

1028 1161 1062 1193 111
1081 1160 1168 1192 casus
1188 1161 1287 1198 alios,
1312 1169 1405 1200 quam
1418 1162 1468 1192 lex
1487 1160 1604 1199 babet,
1620 1170 1672 1192 aut
1689 1162 1750 1192 iter
1763 1162 1848 1194 anni.

1030 1202 1124 1234 Nunc
1140 1203 1277 1242 consumit
1299 1203 1375 1233 edax
1390 1204 1515 1243 segetem
1535 1204 1633 1243 rubigo
1651 1203 1772 1244 maligni

1030 1244 1117 1275 Aeris
1140 1253 1176 1275 ex
1188 1244 1275 1274 vitio.
1298 1253 1377 1275 nunc
1393 1245 1504 1284 culpam
1523 1253 1589 1273 vere
1606 1245 1710 1284 tepenti

1031 1282 1100 1325 Post
1119 1283 1266 1326 Zephyros
1285 1285 1375 1326 gelidi
1388 1285 1497 1326 glacies
1518 1285 1661 1326 aquilonis
1676 1285 1788 1323 inurit,

1028 1324 1256 1367 Anzbastamque
1272 1332 1358 1366 caput
1378 1327 1464 1357 culmi
1471 1326 1603 1367 fuligine
1627 1327 1756 1366 tinguit:

1029 1368 1153 1398 Seminis
1176 1374 1228 1398 aut
1252 1369 1340 1398 teneri
1358 1373 1477 1407 turgens
1499 1368 1568 1398 dum
1583 1368 1728 1409 germinat
1749 1366 1854 1404 herba,

1030 1408 1200 1440 Continuis
1231 1409 1398 1449 nimiisque
1422 1408 1503 1449 perit
1529 1408 1697 1440 constricta
1719 1407 1851 1448 pruinisi

1030 1450 1096 1482 Nec
1116 1453 1191 1491 potis
1207 1447 1246 1490 eft
1268 1456 1381 1481 tenuem
1396 1450 1491 1481 telluri
1506 1449 1627 1491 affigere
1639 1449 1757 1489 fibram.

1030 1491 1108 1523 Mox
1134 1490 1221 1533 ejeeM
1236 1491 1292 1529 selo
1305 1491 1397 1532 glacie
1406 1491 1516 1529 fidente
1525 1489 1650 1532 supersit
1658 1496 1676 1530 ,'

1032 1533 1181 1573 Nudaque
1201 1533 1345 1572 subducto
1369 1534 1455 1564 radix
1484 1532 1620 1564 avellitur
1644 1541 1725 1564 arvo.

1032 1575 1185 1615 Ancipites
1209 1574 1310 1604 tribuli
1327 1575 1475 1613 subeunt,
1507 1573 1543 1608 ὅ)
1570 1575 1693 1605 carduus
1725 1573 1852 1604 horrens.

1029 1615 1093 1646 Hos
1105 1616 1169 1656 fert
1179 1614 1258 1652 ficca
1275 1614 1360 1653 fitis,
1384 1615 1461 1646 hunc
1481 1616 1575 1646 ebrius
1592 1616 1694 1646 educat
1714 1615 1823 1645 hunnos.

1027 1655 1218 1696 Temperies
1245 1655 1341 1687 affusa
1366 1657 1492 1694 minus,
1517 1657 1568 1688 vel
1585 1656 1673 1696 plus,
1696 1655 1760 1696 agit
1776 1654 1854 1686 istos

1027 1696 1200 1729 Terrarum
1223 1697 1355 1730 morbos
1371 1721 1381 1737 ,
1417 1697 1616 1730 &mundum
1639 1698 1784 1730 vulnerat
1813 1705 1854 1726 ae-

1076 1749 1154 1771 rum.

986 1749 1084 1820 lgitffr
1101 1780 1155 1811 hic
1176 1781 1395 1813 immoderatae
1409 1788 1506 1822 atque
1525 1779 1658 1812 insolita:
1684 1778 1854 1820 tempesta-

988 1828 1055 1860 tes,
1079 1822 1111 1853 id
1127 1821 1188 1858 est,
1212 1822 1339 1853 soi-tuiti
1365 1821 1471 1860 casus,
1496 1822 1623 1854 demum
1639 1821 1762 1853 faciunt
1777 1830 1853 1861 pac-

990 1862 1069 1893 tioni
1098 1862 1224 1902 locum;
1247 1873 1312 1894 non
1341 1863 1544 1903 tempestates
1565 1863 1788 1894 moderatae&
1806 1862 1855 1893 so-

990 1903 1063 1934 litae.
1092 1902 1137 1934 hae
1162 1913 1202 1935 eo
1221 1905 1342 1935 minus:
1368 1905 1439 1944 quia
1458 1914 1494 1935 ea
1512 1913 1580 1944 quae
1598 1904 1770 1935 metuenda
1786 1902 1852 1935 fru-r

989 1944 1103 1975 mentis
1122 1942 1210 1984 sunt,
1233 1944 1303 1976 fere
1326 1946 1365 1976 ab
1383 1954 1530 1986 emptore
1548 1945 1673 1986 excipi,
1696 1945 1725 1976 &
1743 1954 1760 1976 a
1774 1953 1854 1976 ven-

990 1985 1095 2016 ditore
1112 1986 1277 2026 promitti,
1301 1986 1421 2026 solent3
1445 1996 1509 2018 non
1526 1986 1620 2018 etiam
1639 1987 1690 2018 illa
1710 1995 1781 2027 quae
1796 1992 1853 2017 aut

990 2026 1137 2066 prosunt,
1161 2036 1216 2058 aut
1233 2037 1296 2059 non
1315 2036 1452 2060 nocent:
1477 2037 1537 2059 nec
1553 2036 1631 2059 vero
1649 2027 1779 2060 dubium
1788 2026 1853 2066 est,

989 2071 1020 2099 in
1048 2067 1189 2100 obscuris
1212 2068 1319 2109 inspici
1353 2069 1441 2110 quod
1469 2068 1665 2101 verisimilius
1695 2068 1765 2107 est,
1796 2077 1853 2099 aut

989 2110 1075 2146 quod
1092 2110 1279 2150 plerumque
1297 2109 1364 2142 fieri
1389 2110 1468 2142 solet
1487 2110 1506 2141 l.
1535 2118 1602 2149 114.
1629 2110 1669 2141 D.
1689 2112 1722 2141 de
1744 2111 1853 2151 regulis

985 2151 1074 2192 juris.
1099 2152 1214 2182 deinde
1241 2161 1305 2182 11011
1329 2151 1370 2182 fic
1396 2151 1520 2192 1111610111
1553 2159 1751 2183 conventum
1781 2150 1852 2191 est,

984 2190 1013 2228 fi
1027 2193 1097 2233 quid
1120 2190 1298 2233 tempestate,
1331 2192 1381 2224 sed
1407 2193 1469 2232 ita,
1489 2191 1517 2230 fi
1543 2194 1612 2234 quid
1632 2194 1664 2223 vi
1679 2200 1732 2224 aut
1749 2199 1853 2233 tempe-

983 2231 1077 2274 state,
1092 2233 1212 2272 fuitum
1235 2233 1316 2274 effet:
1340 2244 1376 2265 ea
1394 2242 1500 2265 autem
1526 2235 1622 2265 verba
1649 2233 1669 2265 11
1695 2233 1749 2266 1110
1775 2243 1855 2265 con-

987 2274 1118 2314 junctim
1142 2276 1355 2315 accipiantur,
1388 2284 1423 2306 ut
1447 2275 1510 2306 dedi
1536 2282 1589 2306 aut
1614 2277 1739 2315 donavi,
1773 2275 1854 2307 item

986 2319 1113 2356 pecuniae
1137 2316 1267 2346 tucelaeve
1280 2340 1288 2354 ‚
1314 2317 1343 2347 &
1361 2316 1419 2347 alia
1439 2317 1469 2347 id
1487 2325 1586 2356 genus
1604 2317 1692 2356 plura
1710 2318 1741 2347 in
1758 2317 1777 2347 l.
1795 2326 1848 2357 553.

993 2356 1034 2388 1).
1060 2358 1093 2387 de
1109 2359 1258 2387 ‘verborum
1276 2356 1507 2398 fignificatione‚
1531 2357 1568 2391 ὃ)
1591 2358 1679 2396 alibi,
1703 2356 1791 2389 forte
1811 2357 1853 2390 fic

997 2407 1055 2438 pro
1072 2397 1258 2437 promiss'ore
1277 2399 1362 2429 10610
1379 2398 1586 2438 accipiuntur.
1611 2399 1658 2429 vis
1676 2399 1760 2430 enim
1775 2406 1855 2430 tem-

997 2437 1148 2477 pestatem
1175 2440 1341 2477 continet3
1374 2438 1571 2479 tempestatis
1595 2440 1689 2470 etiam
1709 2448 1772 2470 tam
1792 2440 1854 2471 lata

995 2479 1181 2519 significatio
1197 2480 1259 2518 est,
1284 2489 1317 2510 ut
1336 2481 1399 2511 vim
1421 2489 1457 2510 ac
1475 2479 1557 2511 bella
1581 2481 1854 2521 comprehendam

995 2530 1028 2552 ut
1052 2522 1133 2560 apud
1162 2520 1327 2562 Virgilium
1350 2522 1398 2553 lib.
1421 2530 1449 2561 7.
1469 2519 1680 2562 AEneid.'vers.
1702 2532 1773 2554 222.

1035 2561 1159 2603 Quanta
1173 2569 1224 2601 per
1249 2562 1334 2592 lcloeos
1348 2563 1430 2600 savis
1448 2562 1540 2603 effusa
1563 2562 1707 2604 Mycoenis

1037 2600 1192 2642 Tempestas
1209 2604 1272 2633 ierit
1288 2610 1407 2643 campos.
1431 2622 1484 2627 ——-
1505 2622 1558 2627 ——
1580 2623 1634 2628 -——

993 2645 1060 2676 imo
1077 2644 1245 2683 tempestas
1269 2654 1324 2684 per
1348 2645 1571 2676 excellentiam
1597 2645 1676 2685 saepe
1700 2655 1759 2687 pro
1779 2646 1852 2678 hor-

994 2687 1059 2717 rida
1088 2684 1274 2724 tempestate
1297 2685 1445 2725 sumitur,
1469 2686 1498 2716 ὃ(
1525 2696 1541 2717 a
1557 2687 1687 2727 reliquis
1714 2688 1787 2719 coeli
1806 2689 1852 2719 in-

992 2727 1080 2767 juriis
1097 2726 1314 2767 distinguitur:
1340 2736 1374 2758 ut
1391 2727 1473 2768 apud
1490 2727 1625 2760 Plinium
1650 2729 1697 2759 lib.
1722 2733 1765 2763 18.
1791 2729 1850 2760 Hi-

987 2767 1085 2808 floriae
1107 2768 1251 2797 naturalis
1269 2778 1292 2798 c.
1307 2773 1353 2802 28.
1378 2778 1450 2800 cuni
1466 2767 1507 2799 fic
1524 2768 1639 2800 scribit.
1661 2770 1740 2800 Ante
1756 2772 1851 2801 omnia

994 2811 1049 2839 duo
1070 2818 1177 2849 genera
1196 2808 1247 2849 effe
1261 2809 1376 2845 caelellis
1400 2811 1513 2852 injuriae
1534 2810 1686 2851 memimffe
1710 2812 1849 2841 debemus.

995 2860 1102 2887 unum,
1118 2850 1191 2890 quod
1208 2849 1378 2890 tempestates
1397 2861 1551 2889 vocamus,
1566 2852 1598 2882 in
1615 2853 1718 2892 quihus
1728 2852 1850 2893 grandi-

993 2900 1058 2928 nes,
1066 2891 1189 2929 procellae
1200 2897 1352 2932 eceteraque
1357 2891 1465 2930 similia
1483 2894 1705 2933 intelliguntur:
1715 2901 1849 2933 quoecum

993 2934 1168 2970 acciderint,
1181 2934 1226 2962 vis
1242 2934 1334 2975 major
1352 2934 1519 2974 appellatur.
1547 2935 1602 2964 haec
1621 2935 1655 2964 ab
1670 2934 1789 2963 horridis
1797 2933 1850 2973 sfy-

993 2974 1104 3003 cleribus
1119 2980 1243 3011 exeunt,
1267 2982 1299 3004 nt
1314 2976 1413 3012 [inpius
1431 2977 1557 3006 diximus
1569 3000 1577 3013 ‚
1601 2975 1691 3005 veluti
1702 2972 1825 3004 Arbium
1836 2997 1848 3011 ,

995 3014 1121 3052 Orione,
1134 3014 1242 3045 Haedis.
1265 3015 1405 3054 uliasunt
1422 3017 1490 3055 illu,
1507 3027 1568 3056 quae
1579 3015 1680 3053 silente
1697 3015 1759 3045 caelo
1778 3014 1850 3048 lere-

992 3057 1092 3096 nisque
1106 3054 1233 3085 nautibus
1244 3055 1325 3095 fiunt
1336 3080 1344 3093 ‚
1371 3058 1449 3088 nullo
1461 3059 1600 3095 sentiente
1618 3054 1673 3092 nist
1687 3065 1751 3086 cum
1759 3055 1849 3095 fabia

983 3099 1068 3135 sunt.
1097 3097 1214 3136 publica
1240 3098 1296 3127 [πρε
1320 3097 1356 3131 &³
1377 3108 1486 3139 nzagnae
1515 3097 1680 3137 differentias
1704 3106 1722 3127 a
1746 3098 1850 3137 priori·

992 3138 1060 3175 bus,
1084 3137 1149 3168 aliis
1169 3139 1350 3179 rubiginem,
1373 3140 1438 3170 aliis
1460 3141 1622 3175 uredinem,
1645 3138 1711 3167 aliis
1727 3139 1849 3177 earhun·

989 3179 1085 3210 culum
1102 3179 1307 3219 appellantibus
1318 3203 1326 3217 ‚
1342 3182 1472 3211 omnibus
1484 3176 1744 3218 verasierilitatem.
1766 3178 1850 3210 Haec

988 3219 1127 3259 Plinius,
1150 3229 1339 3261 quamquam
1355 3221 1462 3260 aliter,
1480 3228 1516 3251 ac
1533 3219 1646 3253 nostri:
1663 3219 1777 3263 quibus
1794 3220 1850 3251 ista

1776 3271 1854 3292 ouw
