2036 3495
153 136 200 178 46

158 222 179 255 fi
197 221 354 262 fidejuffor
371 227 435 251 non
455 223 589 256 negetur
604 215 760 253 idoneus3
775 213 828 245 sed
839 213 963 247 dicatur
982 214 1035 246 ha-

156 265 235 295 bere
255 264 316 293 foi-i
335 258 622 301 praesci·iptionem;
647 256 676 286 ἃ
695 256 815 296 petitor
831 264 973 295 metuat,
996 266 1037 287 ne

159 312 267 335 utatur
288 304 357 342 jure
380 300 462 331 fori:
488 299 604 329 merito
623 296 792 329 recusatur.
817 298 904 337 quod
931 297 953 329 fi
971 307 1036 329 non

158 345 252 386 poffit
269 345 342 373 alias
362 340 485 372 caveri:
503 339 741 377 praedicendum
762 339 808 375 ei,
826 347 889 369 non
911 338 1035 371 usurum

159 395 231 417 euin
251 384 439 424 privilegio,
463 379 484 412 si
503 381 725 411 conveniatur.
749 380 789 411 sic
802 379 958 420 Ulpianus
977 381 993 412 l.
1008 390 1035 420 7.

158 427 201 458 D.
222 427 250 456 h.
270 431 290 456 t.
315 423 369 455 etii
388 424 441 455 lib.
465 432 508 462 14.
531 421 577 453 Ad
593 421 742 453 Edictum
761 430 801 453 ex
820 431 886 462 quo
905 422 948 453 est
966 423 985 452 l.
1004 433 1035 462 5.

158 467 202 498 D.
228 468 260 496 de
279 468 362 506 petit.
386 466 480 497 hereti.
506 472 612 503 eoque
629 471 799 504 appareat,
824 464 954 504 proprie
971 472 1036 494 non

158 509 321 550 pertinere
343 508 381 538 ad
409 508 494 537 hune
519 506 636 536 locum.
662 514 694 535 at
712 505 796 536 idem
814 506 912 536 docet
929 503 997 535 fere
1014 504 1034 534 l.

161 560 188 581 1.
208 549 250 580 D.
274 549 307 579 Si
322 553 387 590 qut:
403 549 497 589 injur
512 553 606 577 vocat.
630 556 688 576 vion
699 546 874 577 ierfSimili
893 547 1035 583 ratione,

161 592 215 632 qui
234 591 399 622 mulierem
418 589 551 620 auliibet
568 589 606 618 ad
626 587 851 624 satisdandum,
869 596 932 618 non
951 587 1038 617 vide-

159 642 209 664 tur
234 642 367 669 cavere3
391 641 451 662 nec
470 631 567 670 magis
591 629 701 667 miles,
727 639 787 660 nec
806 630 910 660 minor
927 628 1038 669 viginti

157 675 301 716 quinque
319 673 440 704 aunisl.
460 676 488 706 8.
507 671 535 712 §.
558 680 584 702 1.
601 669 636 705 &³
654 681 682 703 2.
704 669 744 701 D.
764 672 791 701 l).
811 677 832 701 t.

204 715 346 747 Cavetur
363 716 457 755 igitur
479 711 593 745 Euitto
606 736 614 750 ,
640 721 672 742 ut
692 710 851 751 fidejussor
867 711 987 751 judicio
1003 709 1038 742 fi-

157 756 261 790 stendi
288 755 376 787 causa
402 757 510 793 datus,
535 763 594 792 pro
610 753 655 784 rei
671 753 824 793 qualitate
841 753 933 784 detur
951 754 1038 784 locu-

157 799 228 840 pics
245 808 250 829 :
268 798 413 837 exceptis
431 795 609 828 neceii'ariis
630 795 782 835 personis.
803 794 844 825 ibi
864 795 947 825 enim
967 803 1040 834 qua-

160 842 367 879 lemcumque
393 838 515 878 accipi,
537 837 628 877 jubet
646 836 784 868 Praetor:
810 836 960 875 quoniam
979 845 1038 875 pro

159 882 326 922 locuplete
344 880 498 920 accipitur
518 880 547 910 in
566 877 743 909 necessariis
760 877 903 918 personis
921 878 940 908 l.
962 887 988 908 1.
1007 887 1035 908 2.

160 934 193 965 3.
212 923 253 954 D.
279 922 316 954 Iiz
337 922 389 963 jus
412 922 510 952 vocati
527 925 560 950 ut
579 926 656 950 eam.
684 919 779 950 verba
797 919 948 951 Praetoris
967 919 1040 949 talia

157 964 343 997 referuntur
359 963 377 994 l.
392 973 422 994 2.
439 962 466 1003 ᾗ.
486 972 514 993 2.
540 962 579 993 l).
596 961 622 992 h.
636 966 658 992 t.
683 961 716 992 Si
732 962 796 1001 quis
808 967 974 1001 parentem,
988 967 1040 1000 pci-

159 1014 274 1038 zrowum
285 1029 294 1044 ,
316 1002 490 1045 patronam,
513 1003 612 1034 liberos
629 1008 682 1033 aiat
693 1009 827 1043 parentes
838 1003 974 1042 patroni,
990 1010 1040 1040 pu-

160 1056 247 1079 tronae
260 1070 269 1085 ‚
290 1047 426 1078 liberosve
442 1050 506 1085 suos
517 1068 527 1084 ,
545 1054 646 1076 cumve
662 1054 744 1085 quem
762 1045 793 1075 in
808 1042 942 1084 potestate
957 1044 1040 1074 habe-

162 1091 223 1128 ln'c,
246 1089 293 1120 vel
319 1097 456 1125 uxorem,
480 1087 527 1117 vel
551 1095 660 1117 mirum
684 1087 717 1116 iu
736 1085 884 1126 judicium
907 1085 1041 1122 vocabit,

160 1132 380 1173 qualiscumque
391 1127 544 1170 fidejuffor
555 1125 794 1168 jucliciofistendz‘
812 1127 899 1162 caula
917 1127 1041 1167 accipiu-

162 1180 222 1204 zur.
239 1172 290 1204 Sic
309 1172 425 1203 editur.
443 1171 494 1201 sed
512 1169 678 1209 Cujacius,
694 1170 740 1200 lili.
761 1177 788 1208 7.
809 1168 928 1202 Obstru.
945 1178 968 1198 c.
987 1176 1041 1205 xx,

163 1216 201 1246 tztl
212 1213 271 1254 fin.
297 1223 355 1254 pro
367 1236 375 1250 ‚
401 1221 502 1243 eumve
519 1221 603 1252 quem
620 1212 652 1241 in
663 1208 801 1251 potestate
822 1210 932 1240 habebit
949 1209 995 1239 vel
1009 1219 1041 1240 u-

162 1266 261 1287 :torem
286 1255 332 1286 vel
357 1263 484 1292 nurum,
509 1253 621 1293 ponit,
645 1261 744 1283 eamve
759 1260 845 1292 quam
862 1252 892 1282 in
905 1249 1041 1291 potestate

163 1298 275 1329 habebit
291 1297 338 1328 vel
357 1305 475 1327 uxorem
498 1294 544 1325 vel
559 1303 676 1325 nurum.
713 1292 861 1324 Delumit
878 1301 1041 1332 argumen-

162 1346 232 1371 tum
253 1348 293 1370 ex
312 1340 340 1369 d.
358 1338 375 1368 l.
395 1347 423 1368 2.
444 1336 486 1367 D.
506 1335 606 1377 Iizjzis
620 1345 682 1366 voc.
699 1341 732 1365 ut
749 1341 835 1371 eiius,
861 1334 889 1364 ἂ
915 1336 942 1363 (l.
967 1333 985 1363 l.
1012 1343 1041 1364 2.

162 1380 193 1422 ἓ.
209 1390 238 1422 3.
260 1379 300 1411 D.
320 1380 348 1411 h.
369 1385 390 1410 t.
416 1378 603 1415 arbitratus,
627 1386 666 1406 ex
686 1376 733 1406 his
752 1376 892 1415 liquere,
915 1374 1040 1412 verbis,

162 1431 264 1454 eumve
279 1431 363 1463 quem
379 1421 411 1450 in
424 1417 561 1459 potestate
578 1418 690 1448 habebit
703 1441 711 1455 ,
735 1426 798 1448 non
818 1416 949 1456 intelligi
967 1416 1042 1447 libe-

161 1473 216 1497 ros
234 1465 264 1495 in
282 1462 379 1503 patris
398 1459 556 1500 potestate
574 1458 767 1495 existentes,
792 1467 872 1498 quos
891 1456 1039 1489 Edifitum

162 1506 212 1538 his
238 1501 530 1543 comprehenderat
555 1499 681 1537 verbis,
706 1500 861 1531 Liberosve
878 1505 963 1539 suos:
987 1498 1039 1529 sed

161 1555 296 1580 uxorem
313 1545 342 1576 ὅ(
358 1551 471 1574 nurum
483 1551 551 1581 quae
569 1541 667 1573 sintin
688 1550 782 1572 manu
795 1540 824 1571 &
842 1539 961 1572 familia
978 1549 1040 1572 ma-

162 1589 214 1621 riti
227 1595 280 1619 aut
296 1584 407 1617 soceri.
432 1582 514 1615 Haec
531 1584 570 1614 de
582 1582 684 1614 Edisti
696 1582 906 1614 restitutione.
925 1590 956 1613 at
973 1591 1040 1612 ver·

162 1631 203 1662 ba
219 1629 361 1701 explicat
377 1624 534 1666 Ulpianus
548 1626 575 1657 d.
597 1625 615 1655 l.
635 1635 663 1657 2.
684 1624 713 1666 ἓ.
730 1634 759 1665 3.
779 1622 815 1658 {9⁹
831 1633 868 1663 4:
885 1631 918 1655 ut
936 1623 978 1655 ibi
996 1622 1040 1655 vi-

163 1671 229 1705 deri
271 1679 324 1702 ote
356 1693 364 1701 .

207 1680 339 1745 InFcrim
352 1734 360 1749 ,
384 1720 424 1742 ne
442 1708 510 1751 quis
526 1708 666 1751 negligat
683 1707 824 1740 debitam
843 1707 1042 1739 necessitudi-

161 1757 194 1789 ni
212 1754 425 1787 reverentiam
437 1775 446 1791 ‚
458 1749 753 1792 promittitPraetor
770 1750 801 1781 in
820 1759 891 1781 eum
906 1750 958 1789 qui
977 1758 1043 1780 non

163 1796 327 1835 acceperit
345 1795 611 1836 qualemcumque
635 1790 869 1831 fidejussorem,
893 1799 965 1821 cum
986 1790 1043 1821 sci-

162 1846 213 1872 ret
238 1847 307 1870 eam
333 1835 597 1868 necessitudinem
626 1832 830 1873 personarum
848 1856 857 1870 ,
888 1832 1043 1872 judicium

188 1880 394 1921 uinquaginta
417 1884 604 1908 aureorum:
627 1874 756 1906 auctore
780 1872 958 1906 Callistrato
973 1873 992 1904 l.
1016 1883 1044 1905 2.

202 1947 211 1955 .
237 1923 272 1954 In
283 1922 333 1963 jus
353 1920 450 1951 vocati
466 1926 498 1949 m
513 1923 591 1949 etim.
959 1956 965 1962 ι

208 1964 291 1996 Illud
311 1963 420 1994 nescio
434 1969 472 1991 an
492 1960 624 1996 addam;
641 1957 727 1998 quod
743 1957 811 1988 liaec
829 1955 989 1988 satisdatio
1006 1954 1043 1987 fit

164 2016 222 2049 per
239 2003 496 2046 stipulationem3
521 2001 550 2032 &
567 1999 697 2040 quidem
716 1999 887 2039 aliquando
906 1999 1043 2029 interve-

165 2049 274 2081 niente
300 2045 447 2078 Praetoiis
471 2042 684 2074 austeritate:
707 2050 772 2081 quo
796 2039 868 2071 casu
892 2039 1043 2071 Praetoria

167 2089 345 2131 appellatur
361 2087 381 2119 l.
396 2097 420 2118 1.
437 2084 464 2126 §.
483 2094 513 2124 :3-
532 2083 574 2115 D.
593 2084 625 2114 de
642 2079 873 2122 Praelor.fiipul.
890 2080 970 2112 solet
987 2082 1044 2112 eti-

167 2141 218 2163 am
235 2131 301 2161 dics
318 2138 379 2169 qua
398 2136 467 2159 reus
486 2125 624 2163 sistatur,
641 2124 733 2164 adjici
749 2124 798 2155 vel
817 2122 967 2154 consensu
983 2123 1045 2154 liti-

166 2174 329 2214 gantium,
352 2169 404 2200 vel
421 2167 538 2207 judicis
551 2167 735 2197 interventu
752 2165 769 2195 l.
790 2169 818 2199 8.
837 2164 880 2196 D.
898 2164 926 2195 h.
945 2170 965 2195 t.
992 2164 1045 2196 Vi-

168 2215 262 2247 detur
280 2220 411 2253 quoque
435 2209 558 2249 Praetor
578 2206 724 2247 adjecisse
749 2206 789 2237 de
807 2205 906 2237 modo
922 2206 1045 2237 itineris

168 2266 226 2298 per
241 2254 378 2296 singulos
388 2251 454 2283 dies
464 2249 601 2281 faciendi
611 2249 629 2280 l.
643 2258 666 2280 1.
682 2248 721 2279 D.
747 2247 850 2289 Siquis
859 2248 1046 2278 cautionibus.

210 2296 296 2328 Finis
313 2292 541 2330 satisdationis;
559 2299 592 2321 ut
611 2299 681 2321 reus
696 2289 818 2329 judicio
836 2288 954 2320 fistatur
970 2298 1047 2320 con-

171 2338 255 2371 dieta
273 2337 334 2369 die.
352 2335 441 2376 quod
457 2333 477 2365 fi
496 2333 568 2364 fiat:
585 2331 736 2362 liberatur
752 2329 1048 2370 fidejuff01·.fin1ni-

171 2390 246 2412 nus:
262 2379 385 2411 Praetor
402 2377 433 2408 in
450 2373 660 2414 fidejussbrem
682 2372 736 2403 dat
753 2372 933 2410 actionem,
952 2381 1048 2412 quan-

171 2423 194 2453 ti
212 2431 247 2452 ea
265 2430 313 2452 res
325 2419 380 2451 est.
399 2418 487 2459 quod
505 2423 610 2447 utrum
622 2414 789 2445 veritatem
808 2414 992 2452 contineat,
1008 2423 1046 2445 an

171 2463 400 2503 quantitatem,
423 2460 519 2500 quaeri
541 2455 656 2497 potest.
680 2454 731 2487 sed
748 2455 859 2487 melius
875 2455 940 2493 est,
964 2464 998 2486 ut
1014 2457 1046 2486 in

170 2498 277 2535 veram
302 2500 513 2544 quantitatem
540 2496 700 2538 fidejussor
728 2503 892 2533 teneatur3
916 2495 969 2528 nifi
989 2506 1047 2542 pro

172 2552 260 2576 certa
284 2544 460 2584 quantitate
483 2540 611 2572 acceffit
627 2540 646 2570 l.
663 2549 692 2570 2.
711 2538 740 2579 ἓ.
759 2549 789 2578 5.
807 2537 848 2569 D.
864 2538 891 2569 h.
910 2544 931 2568 t.
955 2540 1048 2579 igitur

172 2586 236 2618 five
261 2585 292 2616 in
318 2585 447 2625 duplum
474 2583 519 2614 est
534 2581 636 2616 τιξὶίο,
660 2579 722 2611 ssve
740 2580 824 2620 tripli
843 2586 896 2610 aut
914 2580 1048 2619 quadru-

172 2627 235 2669 pli:
262 2627 339 2657 tanti
357 2625 505 2657 eumdem
522 2621 734 2663 fidejuss'orem
748 2621 941 2652 omnimodo
960 2628 1048 2652 tene-

171 2669 198 2702 ri
218 2668 376 2705 dicemus3
396 2668 467 2706 quia
484 2666 561 2697 tanti
581 2673 630 2695 res
649 2662 711 2694 esse
727 2663 915 2704 intelligitur
931 2662 948 2692 ί,
962 2672 989 2703 3.
1006 2661 1048 2694 D.

174 2711 204 2742 h.
225 2715 247 2740 t.
271 2708 302 2739 Si
315 2716 419 2737 tamen
439 2706 604 2738 decesserit
622 2705 675 2746 qui
692 2703 905 2744 fidejussorem
923 2704 1050 2735 dederit

172 2749 291 2793 judicio
309 2747 433 2780 sistendi
451 2750 557 2784 causa,
574 2756 638 2778 non
654 2745 788 2777 debebit
805 2744 925 2776 Praetor
938 2745 1050 2785 jubere

174 2790 318 2824 exhiberi
338 2798 420 2821 eum.
445 2790 531 2828 quod
547 2789 568 2819 fi
585 2790 733 2829 ignorans
750 2786 869 2827 jufferit
884 2786 1049 2825 exhiberi,

176 2833 230 2865 vel
257 2830 328 2873 post
353 2831 518 2862 decretum
544 2830 609 2869 ejus
633 2837 707 2860 ante
732 2829 816 2860 diem
841 2828 1051 2859 exhibitionis

176 2873 368 2907 decesserit:
392 2870 577 2910 deneganda
601 2872 659 2900 erit
683 2869 776 2902 afilio.
805 2869 825 2900 fi
849 2878 956 2900 autem
981 2868 1052 2910 post

176 2918 262 2949 diem
280 2912 488 2946 exhibitionis
504 2910 669 2941 decefferit
681 2934 690 2949 ,
715 2919 768 2942 aut
786 2911 923 2943 amiserit
941 2912 1050 2942 civita-

176 2968 263 2996 tem3
279 2956 399 2987 utiliter
415 2953 462 2994 agi
482 2951 586 2992 potest
603 2952 623 2982 l.
637 2961 665 2989 4.
684 2951 724 2982 D.
743 2953 770 2983 h.
788 2952 867 2984 t.sed
885 2962 949 2984 non
967 2953 1051 2984 idem

176 2999 222 3032 est
239 2999 269 3029 in
289 2995 489 3028 satisdatione
504 2993 680 3034 judicatum
703 2992 779 3024 solvi
799 2994 818 3025 l.
835 3004 864 3033 5.
885 2993 926 3025 D.
943 2994 970 3025 h.
993 3000 1014 3024 ι.

221 3040 327 3071 Altera
347 3036 494 3069 Rubricae
512 3044 582 3075 pars
598 3033 661 3070 cst,
690 3033 853 3075 Veljurato
865 3036 1049 3075 promittant.

175 3081 257 3114 Haec
277 3090 347 3120 pars
364 3079 499 3115 indicat,
515 3075 577 3107 effe
594 3074 646 3115 qui
666 3074 754 3113 injus
771 3078 898 3114 vocati,
916 3086 978 3107 non
997 3086 1049 3107 co·

175 3131 290 3163 gantur
307 3121 476 3157 satisdare3
500 3117 552 3149 sed
571 3115 841 3160 defungantur-,fi
855 3117 958 3154 jurato
979 3126 1050 3158 p1-0.

176 3164 317 3195 mittant.
358 3163 406 3193 Ad
423 3160 505 3191 hanc
523 3166 642 3198 partem
660 3165 720 3186 uua
738 3165 877 3201 pertinet
893 3157 911 3187 l.
930 3158 983 3189 uli.
1006 3159 1049 3190 D.

177 3206 206 3238 h.
225 3212 249 3239 t.
271 3204 303 3236 in
320 3213 380 3245 qua
396 3203 439 3235 ait
454 3201 589 3240 Paulus,
614 3197 701 3241 quod
720 3197 771 3239 qui
784 3205 890 3236 jurato
909 3199 1051 3237 promifit

579 110 1252 163 GERARDrNoon'r
1312 126 1522 162 Coun.

1076 215 1199 256 iudicio
1218 216 1296 256 fisti,
1314 226 1379 249 non
1396 217 1524 248 videtur
1541 214 1708 257 pejerasse,
1724 214 1745 248 fi
1763 225 1802 248 ex
1818 218 1950 251 conces-

1079 256 1108 287 sa
1124 259 1212 301 causa
1229 259 1293 290 hoc
1312 259 1493 290 deseruerit.
1541 258 1668 289 Interim
1690 259 1741 298 qui
1759 259 1860 296 jurato
1880 268 1954 299 pro-

1079 298 1227 339 mittant,
1243 309 1307 332 non
1329 301 1423 331 tradit
1443 300 1494 330 hic
1510 298 1650 331 Titulus,
1670 300 1719 330 led
1737 307 1835 338 pute,
1851 299 1891 330 sie
1903 309 1957 330 ca-

1080 349 1155 371 vere
1180 341 1266 373 viros
1287 341 1425 373 illustres
1442 343 1472 372 &
1492 340 1684 378 Clariffimos
1703 340 1720 370 l.
1744 348 1788 379 17.
1809 340 1842 371 C.
1864 342 1897 371 de
1913 341 1956 371 di·
2002 375 2004 377 .

1074 382 1212 422 gnitatib.
1235 383 1254 413 l.
1286 392 1331 415 12.
1358 383 1392 415 C.
1414 383 1446 413 de
1459 385 1585 423 proxim.
1596 384 1708 422 Jc'zcror.
1719 383 1812 420 scrin.
1832 381 1877 412 lib.
1902 390 1949 414 12.

1078 423 1125 452 tit.
1152 432 1205 459 19:
1229 424 1268 455 ad
1292 433 1414 465 eosque
1439 427 1570 456 domurn
1598 424 1680 455 mitti
1705 424 1742 454 ad
1765 423 1954 462 jurandum,

1078 463 1191 496 Paulus
1209 465 1306 496 docet
1321 466 1339 495 l.
1362 475 1408 505 15.
1426 465 1469 497 D.
1486 468 1518 496 de
1529 466 1752 507 jurejurando:
1764 474 1833 504 quae
1850 465 1894 495 est
1913 471 1957 496 ei<

1080 504 1133 535 lib.
1150 509 1180 535 6.
1205 507 1253 537 Ad
1272 505 1417 538 Edietum
1435 517 1475 538 ex
1494 516 1559 547 quo
1578 506 1621 538 est
1639 510 1666 537 a.
1682 506 1701 537 l.
1721 505 1774 536 ult.
1807 505 1860 536 Est
1878 514 1953 545 por-

1081 555 1118 576 ro
1145 548 1328 587 pervulgata
1351 557 1423 579 cum
1448 549 1479 579 in
1506 548 1706 585 AcademiiS,
1732 556 1799 578 tum
1820 549 1849 578 in
1869 546 1955 578 Foro

1082 586 1236 633 sententia
1248 611 1256 625 ,
1269 590 1351 619 idern
1366 589 1415 629 jus
1431 589 1585 630 indulgeri
1605 590 1650 620 liis
1669 590 1720 628 qui
1734 597 1893 627 nequeant
1911 589 1956 619 in-

1083 638 1192 659 venire
1207 627 1418 667 fidejussorem
1432 631 1554 670 judicio
1575 630 1650 662 listi:
1668 632 1766 662 motio
1784 632 1957 661 sacramen-¹
1987 630 1989 632 ’

1083 677 1117 700 to
1145 670 1208 700 hoc
1232 669 1408 710 affirment3
1432 672 1461 703 &
1485 673 1602 704 deinde
1624 673 1807 712 juratoriam
1836 673 1960 702 cautio-

1082 721 1156 743 nem
1175 710 1334 751 praestent.
1359 712 1400 743 At
1416 722 1485 744 eam
1504 714 1688 745 sententiam
1710 715 1804 753 ajure
1822 714 1957 744 alienam

1083 752 1162 790 else,
1186 753 1263 784 mihi
1283 751 1405 793 semper
1423 754 1564 794 persuafi.
1591 755 1684 793 Scio,
1709 764 1768 795 pro
1784 764 1819 785 ea
1838 753 1958 786 adferri

1081 794 1240 826 Nouellum
1260 803 1326 825 112.
1344 805 1368 826 c.
1388 802 1415 826 2.
1460 795 1521 827 Sed
1540 797 1571 827 in
1587 806 1624 827 ea
1641 797 1717 827 nihil
1737 797 1806 828 tale.
1833 796 1959 827 tantum‘

1081 836 1125 866 ibi
1150 836 1254 876 agitur
1279 836 1319 866 de
1336 835 1539 868 satisdatione
1556 846 1614 876 pro
1634 838 1734 869 litium
1751 837 1896 877 expensis
1918 837 1960 868 ab

1082 877 1189 908 actore
1207 876 1380 918 praestanda
1396 886 1470 909 ante
1487 887 1615 910 reorum
1633 880 1839 911 citationem:
1864 888 1960 910 caete·

1082 928 1150 950 rum
1168 920 1207 949 de
1224 919 1374 950 cautione
1388 919 1508 959 judicio
1526 919 1583 951 [isti
1600 929 1617 950 a
1634 930 1688 951 reo
1706 921 1897 961 praestanda,
1916 929 1959 952 ne

1083 961 1110 1004 ei
1130 959 1254 991 necesse
1271 960 1306 992 fit
1324 961 1353 991 in
1369 960 1417 1001 jus
1436 961 1563 999 venire,
1579 970 1640 1000 qua
1655 962 1694 993 de
1712 963 1861 993 cautione
1880 972 1958 1002 prae-

1083 1003 1152 1032 iens
1170 1000 1394 1042 agitTitulus‚
1415 1002 1534 1034 nullum
1554 1003 1654 1034 exstat
1670 1003 1844 1044 vestigium.
1864 1005 1961 1044 igitur

1083 1042 1196 1074 frustra
1213 1044 1332 1083 petitur
1347 1045 1440 1082 inde,
1465 1044 1518 1075 ubi
1546 1044 1671 1076 inducta
1691 1054 1754 1075 non
1771 1044 1825 1075 est.
1849 1052 1880 1075 at
1899 1053 1960 1076 nec

1085 1092 1158 1115 ante
1183 1085 1264 1116 'nanc
1287 1083 1462 1116 Novellam
1482 1086 1641 1116 obtinuit:
1665 1084 1759 1117 solito
1782 1086 1961 1126 antiquitus

1085 1126 1247 1165 Praetore,
1264 1129 1446 1158 concedere
1464 1127 1583 1166 actori,
1598 1127 1850 1166 volentijudicio
1863 1137 1961 1167 expe-

1085 1168 1158 1205 riri,
1175 1167 1384 1199 adversarium
1396 1167 1482 1201 suum
1500 1169 1531 1200 in
1546 1168 1591 1208 jus
1610 1178 1746 1207 vocare3
1760 1178 1796 1199 ac
1814 1168 1866 1200 nisi
1886 1168 1957 1199 satis

1085 1210 1136 1241 vel
1153 1218 1279 1241 cautum
1298 1210 1371 1248 det,
1390 1209 1457 1250 post
1474 1210 1736 1248 antestationern,
1754 1211 1845 1250 injus
1864 1211 1961 1241 duce-

1085 1260 1119 1281 re
1136 1252 1175 1282 ad
1186 1252 1375 1289 Praetorem,
1396 1251 1666 1291 postulationibus
1686 1252 1867 1289 sedentem3
1883 1253 1961 1283 alio-

1085 1292 1161 1329 quin
1180 1293 1210 1323 in
1229 1302 1407 1331 carcerem,
1424 1293 1476 1324 ubi
1494 1293 1633 1324 servetur
1652 1294 1681 1324 in
1702 1296 1886 1333 requentem
1906 1303 1964 1334 po·

1085 1334 1259 1365 ssulationis
1277 1334 1378 1369 diem,
1404 1336 1433 1365 in
1451 1335 1520 1375 jure
1537 1334 1659 1366 sistendi
1679 1335 1779 1366 causa.
1819 1335 1894 1374 Ejus
1916 1335 1964 1366 rei·

1086 1374 1301 1407 testimonium
1319 1376 1349 1407 in
1368 1375 1432 1407 hoc
1447 1377 1568 1415 Plauti,
1593 1377 1699 1416 Persii,
1724 1386 1752 1407 ρ.
1772 1386 1790 1414 4
1822 1382 1867 1410 18.
1893 1376 1964 1407 SA.

1089 1416 1225 1448 Vadatur
1240 1417 1286 1447 bic
1300 1426 1353 1448 me.
1371 1417 1454 1450 PAE.
1472 1417 1596 1449 Utinam
1611 1419 1700 1449 vades
1715 1416 1822 1456 defini,
1846 1419 1877 1447 irz
1896 1426 1962 1448 car-

1086 1467 1145 1488 cere
1161 1457 1256 1497 utfis.
1288 1458 1399 1490 Plauto
1417 1459 1528 1491 addam
1545 1459 1750 1499 justinianum
1767 1459 1786 1489 l.
1808 1468 1852 1495 ¹9·
1874 1458 1906 1489 C.
1928 1458 1965 1489 cie

1083 1497 1214 1539 testibus:
1237 1509 1307 1531 nam
1326 1509 1366 1532 ex
1386 1509 1421 1531 ea
1439 1501 1557 1539 claret,
1582 1501 1681 1531 teneri
1700 1510 1772 1531 reos
1790 1501 1821 1531 iu
1837 1501 1883 1540 jus
1902 1509 1962 1530 vo·

1085 1548 1174 1572 catos
1191 1564 1200 1579 ,
1223 1541 1321 1572 atto-ri
1347 1551 1461 1573 cavere
1485 1543 1565 1573 datis
1591 1541 1849 1581 fidejussoribus:
1874 1540 1965 1582 quodi

1084 1581 1138 1612 nisi
1162 1582 1301 1621 faciant,
1324 1584 1354 1614 in
1378 1592 1539 1614 carcerem
1564 1583 1702 1614 detrudi.
1726 1584 1879 1622 idemque
1906 1581 1968 1613 ob-

1085 1623 1209 1655 tinuill'e
1235 1624 1266 1655 in
1287 1623 1436 1662 testibus,
1461 1624 1634 1655 testimonii
1652 1623 1740 1655 causa
1756 1624 1786 1655 in
1803 1624 1851 1663 ius
1868 1632 1965 1654 voca-

1085 1666 1142 1696 tis:
1170 1665 1245 1696 licet
1269 1657 1366 1706 parati
1391 1664 1509 1704 essent,
1531 1665 1713 1705 juratoriam
1729 1666 1875 1706 praestare
1892 1674 1967 1696 cau-

1086 1707 1227 1737 tionem:
1252 1708 1359 1738 donec
1376 1707 1435 1738 hos
1463 1716 1479 1737 a
1505 1707 1613 1749 regula
1634 1707 1710 1747 juris
1726 1707 1855 1747 excepit
1873 1706 1963 1746 justi-

1086 1749 1195 1779 nianus
1207 1749 1234 1779 d.
1253 1748 1272 1780 l.
1295 1757 1347 1785 19:
1364 1747 1534 1788 praefatus‚
1559 1747 1727 1780 absurdum
1742 1747 1803 1779 esse
1815 1772 1824 1787 ,
1849 1749 1967 1788 quibus

1082 1789 1259 1829 jurantibus
1277 1791 1416 1821 creditur
1432 1799 1491 1830 pro
1508 1798 1581 1821 toto
1601 1791 1663 1821 litis
1681 1790 1873 1828 certamine3
1893 1789 1965 1829 ipsis

1085 1840 1151 1862 non
1169 1832 1255 1862 credi
1270 1832 1470 1872 jurantibus,
1494 1830 1525 1862 se
1549 1839 1641 1862 certo
1658 1832 1752 1863 diein
1768 1832 1888 1872 judicio
1908 1833 1964 1862 ad-

1086 1871 1159 1904 fore
1178 1873 1349 1904 testimonii
1367 1875 1475 1913 gratia.
1521 1872 1603 1904 Haee
1626 1874 1721 1914 igitur
1737 1882 1810 1904 cum
1830 1873 1859 1904 in
1878 1872 1963 1903 testi·

1086 1914 1144 1945 bus
1160 1913 1195 1945 fit
1211 1915 1384 1955 excepti03
1407 1913 1587 1955 perseverat
1607 1915 1713 1955 regula
1738 1915 1767 1945 in
1787 1915 1848 1946 reis
1866 1915 1895 1945 in
1912 1915 1964 1954 jus

1086 1956 1230 1995 vocatis,
1246 1957 1275 1986 in
1293 1955 1406 1996 quibus
1424 1964 1543 1987 mutata
1561 1960 1626 1987 non
1642 1955 1697 1986 est.
1738 1956 1798 1987 Sed
1817 1955 1881 1986 hoc
1897 1956 1965 1994 ple-

1086 1997 1155 2029 nius
1173 1998 1287 2029 tradidi
1304 1998 1350 2028 lib.
1367 2007 1395 2028 2.
1416 1997 1537 2028 observ.
1556 2007 1578 2028 c.
1594 2007 1641 2028 20.
1664 1996 1780 2027 Verius
1797 1997 1965 2027 admittan-

1087 2046 1136 2070 tur
1152 2038 1189 2069 ad
1203 2039 1387 2078 juratoriam
1406 2039 1588 2070 cautionem
1602 2037 1786 2079 poss'ess‘ores
1804 2038 1967 2069 bonorum

1086 2080 1309 2112 immobilium.
1325 2082 1400 2120 quin
1417 2080 1460 2111 eil
1476 2080 1600 2117 insignis
1620 2089 1709 2111 error
1726 2079 1961 2119 interpretum:

1088 2120 1614 2161 existimantium,eospossellores
1625 2120 1683 2151 suae
1693 2119 1968 2153 substantiaecom-

1089 2163 1171 2195 mitti
1188 2163 1469 2203 smejurejurando.
1494 2162 1570 2194 Non
1586 2162 1743 2194 accersam
1760 2170 1967 2203 argumenta:

1090 2215 1123 2236 re
1141 2204 1308 2236 certiffima
1325 2214 1365 2235 ex
1380 2204 1399 2235 l.
1414 2208 1441 2238 8.
1460 2204 1492 2234 C.
1517 2206 1549 2235 de
1565 2204 1724 2243 Principia.
1741 2209 1838 2245 agent.
1858 2204 1890 2235 in
1907 2205 1966 2235 reb.

1090 2246 1136 2277 lib.
1151 2256 1198 2277 12.
1215 2248 1257 2277 lit.
1275 2255 1324 2277 22.
1341 2246 1417 2277 item
1434 2248 1453 2276 l.
1470 2246 1524 2278 ult.
1544 2245 1571 2287 §.
1596 2254 1621 2276 1.
1643 2245 1676 2277 C.
1703 2246 1903 2286 despurmlis,
1927 2245 1968 2280 ὅ)

1090 2288 1110 2319 l.
1131 2292 1177 2318 26.
1194 2287 1221 2328 ᾗ.
1231 2291 1261 2319 6.
1280 2288 1313 2318 C.
1336 2289 1369 2318 de
1384 2287 1514 2328 Episcop.
1539 2289 1665 2318 audient
1686 2285 1824 2318 suboluit
1841 2288 1904 2317 hoc
1919 2286 1970 2326 Jas

1091 2329 1178 2364 eobo
1203 2328 1334 2368 Cujacio
1363 2329 1400 2360 V.
1428 2328 1486 2360 CL.
1504 2329 1551 2360 lib.
1577 2337 1622 2359 12.
1654 2329 1722 2368 Ohsss
1746 2338 1770 2359 c.
1789 2337 1846 2362 22,
1873 2327 1909 2361 &³
1928 2329 1968 2358 αιὶ

1091 2371 1208 2402 Novell.
1225 2380 1274 2410 53.
1293 2370 1375 2401 Meo
1394 2369 1638 2411 igiturjudicio,
1656 2370 1743 2408 quod
1759 2369 1801 2399 ait
1820 2368 1931 2399 Macer
1942 2370 1964 2400 l.

1093 2422 1138 2452 15.
1157 2412 1199 2443 D.
1217 2413 1245 2442 h.
1265 2419 1286 2442 v.
1318 2411 1504 2451 poil'effores
1524 2411 1734 2443 immobilium
1761 2418 1866 2441 rerum
1885 2410 1969 2440 satis-

1090 2454 1164 2485 dare
1179 2463 1242 2484 non
1261 2453 1433 2493 compelli,
1457 2452 1498 2494 fic
1517 2452 1759 2492 accipiendum3
1782 2458 1816 2482 ut
1834 2451 1966 2491 quidem

1091 2504 1156 2526 non
1172 2503 1328 2535 cogantur
1344 2494 1509 2532 satisdare3
1529 2493 1579 2525 sed
1597 2493 1719 2524 idcirco
1734 2501 1798 2523 non
1813 2492 1872 2523 sint
1890 2493 1967 2523 libc-

1092 2538 1115 2568 ri
1134 2536 1313 2576 ajuratoria
1332 2535 1502 2573 cautione,
1527 2533 1581 2565 etfi
1598 2534 1694 2574 parati
1711 2533 1788 2571 fint,
1813 2533 1863 2564 sua
1880 2533 1967 2565 bona

1092 2578 1234 2618 obligare
1251 2578 1279 2608 d.
1297 2577 1316 2607 l.
1332 2581 1359 2611 8.
1377 2576 1447 2614 Sic,
1477 2575 1498 2607 fi
1514 2575 1727 2607 immobilium
1744 2573 1894 2615 poss'essor
1911 2585 1970 2606 no-

1092 2620 1177 2652 mine
1195 2618 1250 2649 suo
1267 2618 1449 2649 intervenit.
1467 2617 1559 2657 quid,
1576 2616 1733 2648 fialterius
1744 2615 1969 2648 defensionem

1093 2660 1261 2700 suscipiat?
1287 2667 1373 2697 tum,
1400 2657 1454 2689 etsi
1473 2658 1734 2699 locupletissimus
1758 2656 1814 2696 stt,
1839 2667 1903 2689 non
1924 2660 1968 2689 vi-

1093 2704 1186 2734 detur
1203 2699 1398 2736 defendere,
1422 2699 1477 2731 nisi
1497 2699 1643 2731 satisdare
1666 2699 1765 2730 fuerit
1791 2703 1917 2739 paratus
1945 2699 1968 2729 ἰ.

1092 2753 1142 2784 51.
1168 2742 1197 2784 §.
1223 2752 1251 2773 2.
1276 2742 1295 2772 l.
1313 2752 1365 2781 52.
1387 2740 1423 2776 ὅ)
1438 2751 1488 2781 53.
1508 2741 1549 2772 D.
1569 2743 1601 2772 cle
1612 2746 1761 2782 procurat.
1806 2740 1969 2772 Caeterum

1094 2783 1217 2866 quis§sit
1233 2782 1404 2859 pgfffeffor’
1426 2783 1489 2814 late
1505 2783 1646 2824 explicat
1663 2782 1749 2814 idem
1767 2781 1882 2813 Macer
1897 2783 1924 2813 d.
1942 2781 1964 2812 1.

1098 2837 1110 2858 1
1139 2850 1144 2856 .
1185 2850 1190 2855 .
1212 2834 1236 2856 1.
1304 2827 1330 2860 le
1371 2849 1379 2856 .

1115 2835 1401 2898 ’ςΤει-[ἰαίὶυὺὲιίέτε
1417 2875 1488 2907 pars
1502 2865 1546 2898 est
1557 2889 1567 2905 ,
1584 2864 1967 2907 Velsuaepromz’ffionz'com-

1095 2910 1264 2941 mittuntur.
1296 2908 1346 2939 Ex
1365 2918 1402 2940 ea
1419 2918 1498 2939 vero
1516 2908 1720 2948 intelligimus
1732 2931 1742 2946 ‚
1764 2907 1826 2939 effe
1844 2907 1967 2945 aliquos

1096 2951 1149 2992 qui
1170 2950 1261 2990 injus
1278 2951 1402 2989 vocati,
1425 2959 1531 2990 neque
1557 2949 1719 2987 satisdare,
1746 2957 1850 2986 neque
1863 2948 1968 2987 jurato

1095 2994 1302 3033 promittere,
1322 2999 1498 3032 coguntur:
1521 2990 1574 3023 sed
1590 2990 1649 3022 suae
1668 2988 1862 3031 promiffioni
1880 2994 1968 3017 com-

1095 3034 1273 3066 mittuntur.
1308 3034 1386 3064 tales
1406 3033 1436 3064 in
1461 3033 1572 3073 primis
1589 3031 1658 3063 sunt
1681 3031 1786 3062 Fiscus
1803 3029 1831 3059 δι
1848 3028 1967 3066 Respu-

1095 3076 1177 3107 blica
1193 3075 1210 3105 l.
1227 3085 1253 3106 1.
1271 3074 1299 3116 §.
1321 3079 1367 3109 18.
1385 3074 1421 3109 ἃ
1437 3074 1456 3105 I.
1467 3079 1496 3105 6.
1513 3074 1541 3116 §.
1564 3082 1588 3105 1.
1607 3074 1647 3104 D.
1670 3072 1713 3103 Ut
1730 3072 1845 3111 legator.
1857 3066 1965 3107 Jeuft·

1094 3118 1162 3148 cleic.
1174 3120 1254 3156 serv.
1267 3119 1417 3150 caul.cczv.
1436 3117 1548 3156 quibus
1563 3114 1649 3146 forte
1661 3113 1729 3152 jure
1744 3118 1831 3141 novo
1851 3109 1968 3139 adden-

1095 3159 1125 3189 di
1148 3157 1216 3189 sunt
1234 3157 1351 3189 Clerici
1368 3167 1410 3190 ex
1426 3157 1446 3192 ι.
1463 3167 1514 3198 25.
1532 3156 1561 3198 §.
1581 3164 1606 3190 1.
1625 3153 1695 3190 &l-
1714 3160 1763 3193 33·
1784 3149 1814 3192 §·
1834 3159 1863 3192 3·
1885 3149 1917 3180 C·
1934 3150 1967 3180 αθ

1094 3199 1189 3241 Epist.
1211 3198 1248 3235 {⁶2⁹
1267 3199 1368 3231 Cleric.

1901 3268 1968 3302 Ti«
