2036 3495
141 120 213 161 406

145 208 254 239 ctione
271 207 309 238 ad
328 212 449 238 certum
469 202 639 234 adducere.
665 200 746 232 ficut·
761 210 839 232 vero
857 201 1025 242 intelligit,

145 259 211 280 non
233 247 319 289 poffe
341 247 372 277 se
387 254 454 276 rem
481 252 582 274 [ctam
607 252 643 273 ea
662 241 788 273 auferre
812 243 879 274 via:
904 245 946 274 ita
965 252 1026 274 nec

146 292 216 322 vult
235 296 337 319 totam
361 287 506 328 perdere.
537 283 822 324 agit-igitu1··quou
841 283 978 325 superest
993 285 1025 316 in

148 341 184 363 re
200 330 311 361 dubia:
329 335 362 359 ut
380 335 502 368 partem
519 325 675 363 redimat,
693 333 782 364 parte
797 325 869 356 data
886 335 938 356 aut
955 334 1026 364 pro-

146 371 243 406 missa.
267 371 292 402 is
310 369 411 400 sensus
431 368 604 398 verborum
624 365 772 406 Ulpiani,
789 365 853 411 Qui
869 366 1026 408 transigit,

147 412 230 456 qttasi
244 414 276 443 de
292 421 321 443 re
336 411 424 441 dubia
439 416 492 440 aut
507 409 555 439 lite
569 410 699 446 incerta,
716 417 805 449 neque
815 408 905 447 finita
922 408 1025 446 tranfi-

144 457 201 497 gt't.
223 461 321 491 atque
339 452 363 483 is
383 450 484 482 sensus
501 450 585 482 idern
603 449 678 480 huic
693 449 763 490 Syri
780 452 863 490 apud
877 449 1027 482 Terenti-

146 506 200 528 um
213 520 222 534 ,
247 493 372 535 Adelph.
394 492 449 524 αὲἶ.
469 502 497 523 2.
510 495 589 531 scen.
608 501 636 522 2.
654 497 727 530 vers.
745 501 794 530 32:
833 503 837 508 -

186 538 292 569 Potius
308 545 396 577 quam
412 534 514 565 venias
530 535 561 564 in
575 533 714 573 periclum
728 533 839 563 Sannio
850 555 859 569 ,

141 589 144 592 ’
189 579 347 616 Servesne,
370 586 410 608 an
419 576 521 617 perdas
538 580 649 611 totum,
673 575 828 604 dividuum
837 574 916 612 face.

146 618 222 652 Nec
240 620 303 652 alio
321 619 426 660 pergit
447 616 525 649 illud
550 615 714 652 Petronii,
739 615 866 655 Satyric,
890 620 952 652 cup.
982 623 1028 652 1⁴·

148 662 233 695 Mihi
254 662 341 702 plane
356 661 452 701 placet
475 666 581 689 emere:
600 657 737 698 quamvis
755 656 883 697 nostrum
899 655 939 694 fit
956 657 1031 697 quod

148 704 352 746 agnoscimus,
377 701 413 737 ἐξ)
424 707 518 742 parvo
538 707 596 730 oere
619 705 787 739 recuperare
804 700 902 739 potius
919 699 1031 735 thesau-

147 754 236 785 rztm3
259 755 346 787 quam
369 745 399 775 in
422 743 589 783 ambiguam
611 739 688 771 litem
711 741 882 779 descendere.
926 739 1030 770 Etiam

147 788 213 819 hoc
232 786 418 824 Ciceronis,
443 784 505 814 Pro
520 782 645 826 Quintio
659 790 722 823 cop.
740 792 768 822 5.
803 781 891 813 ΔΤιιησ
908 781 1030 822 appellat

147 831 225 861 ultro
252 829 408 864 Naevizmt,
429 831 464 856 ut
487 823 853 866 quoniamsujpz'ctiretur,
876 824 976 865 aliqua
998 825 1031 853 de

146 882 178 902 re
186 872 253 912 fore
269 868 489 906 controversiam
503 889 513 905 ,
535 867 667 904 videret,
692 872 726 897 ut
741 874 829 907 quam
843 866 972 906 primum
992 865 1029 899 &²

146 923 235 955 qzcom
250 913 370 943 minima
384 919 450 941 cum
464 906 590 949 molestia
604 912 664 938 tota
677 917 721 938 res
737 906 953 949 transigeretur.
977 909 1028 938 dot

146 953 200 996 iste
213 955 338 985 cimicum
355 950 404 983 M.
423 950 609 982 Trebellium.-
625 959 676 980 nos
693 949 761 981 Sex.
785 949 961 991 Alpbemcm.
985 958 1029 980 res

147 995 301 1028 ‘convenire
316 994 396 1025 nullo
417 994 496 1024 modo
512 996 636 1033 poterat:
657 996 806 1033 propterea
822 993 897 1033 quod
915 992 960 1022 bic
975 1000 1028 1022 me-

149 1040 272 1070 diocrem
284 1035 431 1078 justarum
439 1034 542 1074 facere
558 1033 704 1074 cupiebat.-
721 1031 771 1073 zfie
787 1034 922 1064 mediocri
931 1033 1029 1074 praecla

150 1085 304 1111 contentus
323 1087 381 1109 non
397 1081 468 1108 erat.
508 1073 631 1107 Differt
647 1075 741 1116 igitur
759 1075 928 1106 transactio
947 1084 963 1105 a
979 1084 1031 1115 pa-

150 1122 258 1153 &ione
277 1120 306 1151 &
323 1118 546 1151 conventione
561 1117 592 1148 in
610 1115 733 1157 specie:
757 1118 854 1149 altera
871 1115 906 1147 fit
923 1115 985 1148 line
1002 1126 1030 1147 a·

146 1164 234 1201 liqua
251 1162 440 1193 conditione
451 1159 633 1191 donationis
645 1157 735 1189 causa
750 1159 769 1190 l.
779 1168 828 1200 25.
840 1158 873 1189 C.
890 1159 922 1189 de
935 1163 1030 1189 trans-

148 1205 327 1237 notionibus:
344 1203 442 1234 altera
457 1202 585 1232 demum
603 1206 689 1232 certa
705 1200 775 1242 lege
793 1202 822 1231 ἀ
838 1200 1030 1231 conditione

148 1248 168 1278 l.
189 1255 235 1286 14.
256 1246 297 1276 D.
314 1246 373 1276 eod.
390 1244 438 1275 tit.
468 1242 566 1274 altera
582 1241 677 1283 igitur
694 1243 827 1278 donatio
843 1242 862 1272 l.
884 1251 929 1282 15.
949 1240 977 1282 §.
997 1249 1028 1280 4.

148 1289 194 1321 D.
213 1288 317 1319 Locatz‘
332 1283 485 1323 conduffl,
502 1284 554 1316 vel
567 1284 693 1324 pactum
710 1291 763 1315 aut
778 1283 915 1315 remiffio
933 1284 1030 1314 dona-

146 1330 249 1361 tionis
265 1327 357 1360 causa
373 1328 390 1358 l.
404 1336 433 1363 9.
452 1326 493 1357 D.
510 1327 543 1356 de
558 1326 777 1364 donationibus,
793 1323 830 1359 ἐξ
847 1324 866 1356 Ζ.
881 1334 932 1365 34.
946 1324 979 1354 C.
997 1324 1030 1354 de

148 1370 413 1403 transabtionibus:
437 1368 535 1399 altera
558 1367 695 1399 remiffio
720 1366 940 1398 transactionis
957 1374 1029 1395 cau-

150 1413 181 1444 sa
199 1414 226 1444 d.
242 1412 262 1444 l.
278 1421 335 1452 34,
355 1411 452 1442 etiam
467 1407 660 1448 compositio
677 1416 812 1439 vocatur
828 1407 847 1438 l.
866 1411 896 1438 6.
915 1406 957 1437 D.
980 1406 1031 1437 Act

151 1454 254 1487 Seium
272 1453 495 1493 'thrpilz'unumx
512 1449 582 1481 fere
600 1450 769 1490 quomodo
785 1457 984 1487 componere
1001 1447 1031 1478 ὅτ.

149 1498 273 1528 donare
286 1494 519 1533 distinguuntur
534 1492 616 1531 apud
628 1490 817 1522 Suetonium
828 1513 838 1529 ,
857 1489 993 1531 Caligula
1004 1499 1028 1520 c.

150 1549 201 1578 40.
227 1536 342 1568 dicitur
358 1542 490 1574 quoque
508 1531 638 1564 dccifio.
663 1541 736 1564 nam
756 1531 786 1563 &
803 1532 954 1563 decidere
972 1540 1030 1571 pro

148 1577 266 1621 pacisci
284 1584 372 1608 certa
389 1575 460 1616 lege
478 1574 508 1605 in
527 1574 546 1604 l.
563 1583 591 1615 3.
609 1573 637 1614 §.
655 1582 680 1605 i.
700 1573 742 1605 D.
768 1573 819 1604 Ad
835 1574 923 1614 legem
938 1571 1031 1604 Fulci-

150 1623 247 1658 diom,
263 1618 282 1650 l.
295 1628 345 1657 44.
363 1616 404 1648 D.
420 1617 453 1647 de
464 1614 577 1657 pactis,
592 1615 622 1647 ἀ
637 1616 721 1656 apud
737 1615 891 1647 Senecam
903 1638 912 1653 ,
931 1614 1032 1654 Conso·

150 1663 203 1694 lczt.
227 1662 265 1692 ad
275 1659 428 1700 Polybium
442 1668 468 1690 c.
480 1666 530 1699 30.
550 1657 609 1689 Pro
625 1658 753 1689 omnium
768 1657 870 1688 borum
877 1656 969 1694 salute
979 1658 1031 1687 bac

145 1710 244 1735 tecum
254 1702 386 1744 portione
400 1701 523 1740 fortuna
540 1699 657 1730 decidit.
680 1698 733 1730 Sic
749 1698 876 1740 placet,
892 1698 982 1739 quod
999 1699 1031 1730 in

147 1746 169 1777 l.
187 1749 238 1786 38.
260 1744 294 1776 C.
321 1744 354 1774 de
370 1740 616 1774 transattionihus
634 1741 761 1773 cuidam
777 1738 1007 1772 Theodotioni
1020 1763 1030 1780 ,

143 1788 201 1819 vel
217 1793 251 1818 ut
266 1786 296 1817 in
315 1785 382 1817 aliis
399 1783 486 1816 libris
502 1781 567 1822 est,
584 1780 840 1821 Theodotiano‚
865 1780 1030 1822 rescripse-

146 1836 223 1861 runt
243 1827 346 1868 Impp.
365 1825 593 1858 Diocletianus
612 1824 642 1856 &
662 1824 898 1862 Maximianus,
923 1822 1032 1855 Trans-

147 1870 222 1903 attio
239 1870 317 1901 nullo
334 1869 400 1900 dato
418 1867 465 1898 vel
482 1871 589 1897 retento
600 1889 609 1904 ‚
623 1866 677 1905 seu
688 1865 821 1907 promtffo
836 1867 952 1896 minime
966 1871 1031 1906 pro-

147 1913 235 1944 cedit.
254 1910 412 1951 Rescripti
428 1908 531 1940 sensus
546 1907 616 1939 satis
631 1908 788 1939 convenit
803 1906 1032 1948 superioribus.

148 1954 278 1996 plenior
303 1960 410 1984 tamen
434 1950 492 1982 fiet
509 1949 741 1990 coniunctione
763 1949 829 1981 loci
845 1949 959 1990 integri
978 1949 1033 1989 qui

150 1995 197 2028 est
215 1997 245 2027 in
262 1995 280 2026 l.
302 2004 332 2035 3.
352 1994 385 2027 C.
404 1994 437 2025 de
452 1992 634 2035 repudianda
649 1991 696 2022 vel
713 1988 880 2032 alstinentla
896 1991 1033 2037 beredita-

150 2043 197 2068 te:
218 2046 289 2068 nam
310 2036 401 2077 liuius
420 2042 543 2075 pai-teni
563 2032 626 2064 esse
644 2034 673 2064 d.
691 2033 711 2064 l.
729 2037 789 2072 38,
811 2031 874 2071 ipsa
891 2032 1033 2064 indicant

148 2079 221 2110 haec
239 2080 266 2110 ol.
285 2078 304 2109 l.
322 2088 352 2118 3.
383 2076 491 2107 verba.
535 2074 627 2116 Impp.
651 2074 775 2105 Dioclet.
793 2073 830 2108 δέ)
846 2073 1030 2105 Mmmian.

149 2121 226 2152 AA.
245 2119 281 2154 ὃ)
299 2119 358 2150 CC.
379 2117 582 2150 Theodotiano.
617 2115 697 2148 Suus
713 2116 790 2146 bores
805 2117 967 2156 exceptione
978 2122 1031 2155 pa-

153 2161 211 2200 ἑῖί,
228 2163 279 2203 qui
295 2159 497 2201 testamentum
511 2155 655 2200 injustum
672 2158 861 2197 adseverans,
874 2154 969 2197 postea
985 2158 1029 2202 ni*-

153 2203 235 2243 bz'lse
250 2204 284 2234 cie
297 2208 422 2242 paterna
437 2199 604 2240 sucoeffione
614 2200 796 2241 petiturum,
820 2208 879 2229 non
893 2208 930 2229 ex
944 2201 1031 2233 caula

152 2245 337 2282 donationis,
351 2243 407 2282 sed
430 2241 610 2283 transigendi
633 2241 729 2272 animo
754 2242 787 2271 in
806 2241 876 2282 jure
888 2239 1032 2281 proseffus

151 2284 209 2328 est:
232 2295 298 2317 cum
317 2285 444 2325 respuere
457 2282 605 2325 quoefitam
622 2283 752 2324 nequiret
768 2282 969 2320 hereditatem,
994 2281 1031 2316 δ’

151 2326 311 2359 transaetio
330 2325 410 2358 nullo
434 2326 500 2356 dato
515 2325 563 2356 vel
578 2329 685 2356 retento
694 2325 751 2363 seu
763 2323 897 2365 promzffo
916 2325 1033 2355 minime

150 2371 285 2411 procedat
296 2391 305 2407 ,
321 2367 490 2408 submoveri
505 2376 563 2398 non
574 2362 676 2406 potest.

197 2411 282 2442 Vera
298 2409 367 2441 sunt
384 2418 453 2449 quae
471 2408 565 2440 dieo:
582 2407 723 2447 ideoque
741 2406 869 2438 audebo
886 2406 982 2438 etiam
999 2406 1032 2438 in

154 2453 173 2484 Z.
191 2456 221 2484 6.
241 2453 274 2483 C.
299 2452 332 2482 de
354 2451 542 2489 ffilzctionibus
558 2450 728 2481 emendare
747 2448 830 2479 hanc
847 2448 925 2489 Imp.
947 2447 1032 2480 Gor-

151 2494 235 2525 diani
253 2492 448 2533 scripturam.
474 2491 508 2522 Si
517 2493 594 2522 inter
603 2495 716 2531 patrem
731 2496 833 2528 tuum,
848 2499 947 2531 eosque
962 2500 1033 2531 quos

152 2536 287 2566 debitores
304 2534 354 2574 effe
370 2535 502 2572 dicebas,
517 2543 576 2564 non
594 2534 627 2563 de
640 2533 728 2563 dubia
745 2532 793 2563 lite
810 2530 968 2563 transubtio
983 2532 1033 2570 fct-

152 2576 200 2608 &a
219 2574 273 2616 est,
283 2576 335 2612 sed
346 2581 432 2616 parte
448 2575 643 2606 tantummodo
658 2579 827 2614 recuperata
838 2597 847 2612 ‚
862 2574 1032 2613 universum

145 2619 180 2660 se
195 2616 323 2656 recepiffe
342 2619 441 2655 cavit,
465 2626 516 2647 nec
533 2618 567 2647 de
582 2613 732 2656 superfluo
749 2624 793 2645 eos
808 2625 877 2656 quos
893 2615 989 2645 verbis
1006 2624 1032 2645 o-

151 2660 276 2701 bligavit
286 2680 295 2696 ,
308 2664 358 2695 per
374 2658 616 2698 acceptilationem
631 2657 786 2695 liberavit,
802 2666 853 2687 nec
868 2657 1032 2687 donationis

151 2704 240 2738 caula
257 2701 287 2731 ici
303 2698 422 2731 factum
440 2697 480 2739 est
491 2723 500 2738 ‚
516 2699 698 2731 exuberantis
716 2699 806 2729 debiti
820 2699 936 2740 integra
947 2699 972 2728 ei
987 2707 1030 2728 re-

148 2743 252 2785 petitio
267 2742 406 2781 competit.
432 2741 483 2771 Sic
498 2741 618 2781 ubique
633 2739 750 2772 editur.
773 2739 824 2771 sed
841 2738 942 2770 scribe
958 2748 1033 2771 meo

151 2783 310 2825 periculo.
345 2791 396 2811 nec
411 2782 443 2811 de
452 2781 597 2821 superfluo
615 2791 658 2813 eos
674 2791 744 2822 quos
760 2782 854 2812 verbis
871 2781 1031 2823 obligavit,

147 2833 202 2868 per
218 2823 460 2865 acceptilationem
474 2822 627 2861 liberavit,
651 2832 702 2854 nec
719 2823 883 2854 donationis
902 2823 989 2861 caulo
1004 2823 1034 2853 id

152 2867 280 2910 paetum
295 2862 335 2905 esi}
345 2888 354 2904 ‚
364 2865 549 2895 exuberantis
565 2865 652 2895 debiti
664 2867 780 2906 integra
791 2865 817 2894 ei
826 2865 950 2905 repetitio
960 2874 1035 2895 com-

146 2911 233 2952 petit.
277 2906 352 2939 Una
371 2905 511 2937 turbavit
536 2905 645 2937 litera:
669 2915 706 2937 ea
722 2913 861 2943 mutata,
882 2905 980 2945 justus
996 2904 1034 2936 fit

149 2950 256 2983 sensus
273 2949 327 2990 qui
345 2954 419 2979 ante
435 2953 502 2978 erat
519 2945 630 2977 nullus.
661 2955 722 2978 nec
739 2956 821 2986 opus
837 2947 1032 2979 demonstra-

150 2994 264 3024 tione:
288 2995 431 3031 apparet.
455 2997 497 3019 eo
514 2987 648 3019 certius:
665 2993 751 3028 quod
771 2989 917 3020 mendam
936 2990 1030 3029 plane

150 3034 283 3067 similem
300 3033 331 3063 in
348 3031 366 3062 l.
383 3040 432 3062 22.
449 3029 482 3060 C.
499 3029 533 3059 de
549 3028 671 3068 negotiis
684 3026 772 3065 gestis
786 3029 964 3062 feliciffime
982 3030 1030 3061 lib.

155 3087 182 3109 1.
204 3075 325 3111 Obterv.
345 3083 368 3104 c.
386 3082 422 3112 7,
449 3068 664 3110 deprehendit
686 3069 744 3100 Vir
758 3068 924 3109 Summus,
950 3071 1029 3103 Cor-

151 3112 255 3150 nelius
276 3124 335 3146 van
353 3109 644 3155 Bynckershoeck,
667 3112 699 3141 in
718 3109 871 3149 Suprema
896 3112 1028 3144 Hollan-

154 3159 232 3195 diae,
258 3155 419 3188 Zelandiae
445 3153 476 3185 &
499 3151 603 3184 Frifiae
620 3150 716 3183 Curia
733 3149 886 3196 Senator:
910 3162 1027 3193 quem,

151 3207 188 3231 ut
204 3205 345 3230 meretur
360 3196 479 3231 eximia
493 3195 558 3236 ejus
573 3193 732 3232 eruditio,
745 3193 798 3225 hic
812 3192 943 3226 honoris
959 3204 1028 3227 cau-

150 3241 180 3274 sa
196 3239 337 3282 appello.

740 112 1051 148 GERARDI
1102 110 1340 148 Nooui-

1111 200 1154 232 At
1172 210 1362 242 quamquam
1383 202 1551 234 transietio
1571 203 1664 235 distet
1683 213 1699 235 a
1716 208 1810 245 paolo
1830 209 1945 241 &con-

1069 251 1171 273 vento
1187 244 1217 274 in
1236 244 1357 284 specie:
1377 254 1440 276 non
1459 253 1562 275 temen
1582 246 1763 278 excluditur
1780 252 1948 290 agenerali

1070 283 1153 323 pacti
1179 286 1207 315 <Sc
1234 294 1388 317 conventi
1413 287 1640 327 appellatione.
1674 288 1717 318 ita
1738 288 1859 322 Praetor
1876 302 1950 331 pro-

1071 325 1201 356 mittens
1212 349 1220 363 ,
1233 328 1322 366 pasta
1338 337 1500 359 conventa
1512 328 1633 358 servare
1645 352 1652 366 ,
1664 328 1842 362 non'minus
1854 341 1950 365 trans-

1071 365 1211 411 affiones
1228 369 1347 407 servat,
1366 371 1679 409 ψιειιπάοηηῑίωηεε.
1699 373 1786 411 quod
1804 374 1888 404 enini
1906 375 1952 405 fa-

1071 415 1116 437 cit
1134 408 1319 441 dilorimen:
1346 411 1434 451 paon
1447 434 1454 448 ‚
1479 412 1624 450 inquiens
1637 436 1644 449 ‚
1669 421 1831 445 conventa
1850 413 1952 446 serva-

1071 447 1142 480 bo?
1166 448 1241 480 Hoc
1267 461 1365 489 porro
1391 452 1550 484 obtento:
1575 454 1724 485 inventus
1749 454 1794 486 est
1818 454 1950 489 effictus

1072 491 1190 521 nedum
1210 492 1392 532 pastionum
1411 494 1564 534 iti-‹pecic
1584 495 1712 533 t<1lium3
1735 498 1887 536 (quarum
1904 497 1951 530 est

1072 530 1176 563 facilis
1195 534 1294 566 ratio:
1314 535 1476 566 nianifciia
1490 537 1684 577 donatione)
1703 536 1751 568 sed
1770 539 1952 571 transactio-

1073 578 1159 603 num.
1177 582 1254 606 ,nam
1280 585 1320 606 ne
1340 576 1411 616 ipl‘ae
1437 579 1582 616 quidem,
1605 588 1680 609 *cum
1706 578 1776 610 suut
1800 579 1952 619 perfeftae

1073 623 1187 645 mutuo
1213 616 1366 648 conlensu
1389 619 1572 659 relinquunt
1597 621 1726 651 alterius
1751 624 1950 661 poenitentiae

1076 656 1183 687 locum
1202 657 1220 688 l.
1239 661 1286 698 2'5.
1308 658 1340 689 C.
1365 660 1398 689 de
1414 660 1677 693 trcmsufftionz'but:
1701 672 1740 693 ne
1758 662 1860 694 statim
1881 665 1950 703 qui·

1074 699 1148 728 (lem
1165 698 1184 728 l.
1203 707 1253 739 39.
1275 699 1306 729 C.
1325 702 1382 731 eod.
1403 703 1535 732 tit,.nec
1557 703 1739 734 velamento
1760 705 1950 738 valetudinis

1074 740 1221 779 corporis
1236 741 1392 780 adversae,
1409 742 1429 774 fi
1447 744 1629 784 transegerit
1645 745 1734 775 sunus
1751 755 1858 778 mente
1873 747 1952 788 l.-27.

1075 780 1107 811 C.
1124 783 1182 813 eod.
1200 783 1254 812 tit.³
1269 781 1345 814 Non
1365 785 1463 825 magis
1485 786 1568 816 valet
1585 787 1622 816 ad
1640 786 1882 819 rescindendum
1902 797 1954 828 pa*-

1075 822 1179 862 crum,
1204 825 1290 864 quod
1316 825 1440 857 dicatur
1464 827 1666 859 interetliiffe
1691 826 1825 860 secunda
1849 829 1952 862 nostis

1073 863 1171 896 hora:
1196 875 1270 897 cum
1296 867 1416 899 nullum
1440 871 1565 908 tempus
1594 870 1670 900 i‘anae
1692 870 1808 902 mentis
1825 872 1974 912 mnjoris,

1073 906 1185 947 viginti
1211 909 1351 949 quinque
1375 910 1462 948 tinnis
1489 910 1673 941 consensum
1691 913 1837 951 repudiet
1863 914 1882 944 ι.
1901 923 1950 945 20.

1073 948 1106 980 C.
1133 949 1192 979 eod.
1216 950 1263 980 tit.
1299 949 1411 982 sufficit
1428 961 1533 983 autem
1557 952 1704 990 Praeror5,
1731 954 1857 992 pastum
1874 964 1951 987 con-

1073 997 1225 1029 ventum,
1248 991 1278 1022 id
1304 991 1367 1031 est,
1390 1001 1424 1023 ut
1443 994 1473 1024 in
1493 994 1685 1025 ameccutim
1711 995 1793 1033 dixi,
1818 996 1952 1029 consen-

1075 1030 1140 1077 sum
1158 1031 1231 1064 esse.
1269 1032 1377 1075 Quid,
1400 1034 1421 1065 ii
1441 1044 1565 1076 reperta
1582 1038 1728 1067 dicantur
1744 1037 1953 1070 instrumenta

1073 1074 1187 1113 quibus
1207 1074 1346 1115 liqueat,
1373 1076 1450 1107 niliil
1478 1086 1530 1108 aut
1549 1078 1652 1109 minus
1670 1078 1814 1111 debitum
1833 1079 1951 1113 fuiffe‘?

1074 1124 1135 1147 nec
1159 1115 1184 1146 is
1209 1115 1322 1147 sufficit
1348 1126 1520 1157 praetextus
1547 1119 1565 1149 l.
1592 1129 1636 1155 19·
1659 1119 1691 1150 C.
1713 1121 1771 1151 eod.
1790 1122 1835 1151 tz't.
1864 1130 1952 1154 certa

1073 1157 1242 1188 voluntate
1268 1157 1372 1190 Editii
1398 1167 1520 1192 tautum
1551 1161 1647 1199 (interi
1668 1162 1828 1200 jubentis,
1852 1173 1891 1194 an
1915 1162 1952 1195 fit

1073 1199 1200 1239 pastum
1215 1208 1432 1232 conventum:
1450 1201 1558 1233 omiss'u
1575 1202 1768 1243 quaessione,
1785 1214 1822 1236 an
1840 1205 1954 1236 debea-

1074 1240 1149 1271 tur?
1166 1249 1297 1281 magnos
1316 1240 1385 1273 sane
1403 1243 1508 1274 liabeo
1525 1244 1689 1283 aufflires,
1709 1244 1953 1279 Diocletianum

1073 1281 1103 1312 ἃ
1123 1281 1355 1314 Maximianum
1379 1285 1407 1315 d.
1425 1285 1443 1315 l.
1461 1295 1518 1322 20,
1544 1285 1606 1316 liuc
1623 1287 1667 1316 ire
1687 1286 1851 1319 EdiCtum:
1877 1297 1953 1320 cum

1073 1323 1181 1363 ajunt,
1198 1333 1262 1356 non
1279 1324 1342 1356 effe
1359 1326 1515 1358 minorem
1533 1327 1754 1359 transaetionis
1768 1351 1777 1366 ‚
1794 1338 1888 1370 quam
1908 1339 1956 1361 re-

1073 1374 1142 1396 rum
1157 1366 1613 1405 judicatarumauctoritatem.
1639 1370 1773 1409 proinde
1790 1380 1849 1402 nec
1866 1381 1881 1401 a
1899 1381 1952 1403 me

1074 1407 1235 1447 impetro,
1251 1416 1291 1439 ne
1307 1408 1442 1449 probem
1454 1432 1462 1446 ,
1479 1411 1566 1447 quod
1584 1410 1679 1441 iidem
1697 1410 1912 1451 Imperatores
1928 1413 1950 1444 l.

1072 1458 1121 1489 23.
1139 1448 1172 1479 C.
1189 1449 1249 1480 eod.
1268 1451 1314 1480 tit.
1338 1451 1463 1481 cuidam
1480 1450 1620 1482 Tatiano
1637 1453 1667 1482 in
1687 1452 1754 1483 liaec
1775 1454 1952 1486 rescribunt

1073 1490 1183 1520 verba.
1207 1490 1274 1522 Nec
1291 1491 1413 1522 intentio
1430 1494 1602 1524 creditorum
1618 1494 1836 1534 Arcbz'meiiori,
1854 1497 1902 1526 cm·
1919 1506 1953 1526 ct-

1074 1530 1290 1572 liossucceffiffe
1307 1532 1472 1573 profiteris,
1489 1533 1518 1572 fi
1538 1535 1680 1575 obligatus
1696 1541 1748 1576 pro
1767 1545 1795 1566 eo
1816 1546 1874 1567 non
1884 1537 1952 1575 fui-

1067 1570 1129 1614 fii,
1153 1578 1245 1604 tenere
1262 1579 1289 1604 te
1300 1573 1408 1615 potest.-
1424 1575 1478 1615 secl
1501 1576 1550 1606 hoc
1573 1577 1684 1617 integro
1701 1579 1812 1617 negotio
1830 1578 1953 1610 tractari·

1075 1623 1267 1646 convenerat.-
1285 1625 1351 1646 num
1362 1626 1428 1647 tum
1436 1617 1499 1658 jum
1512 1615 1689 1659 questionem
1706 1618 1900 1650 transattz'one
1909 1622 1955 1650 de-

1075 1656 1182 1697 cisam,
1207 1655 1244 1691 &⁹
1260 1666 1278 1687 a
1296 1664 1322 1687 te
1340 1658 1407 1688 dari
1420 1659 1580 1698 placitam,
1605 1667 1785 1691 numeratam
1796 1663 1952 1701 pecuniam

1067 1705 1234 1739 proponas:
1253 1698 1418 1740 hujusmodi
1436 1700 1657 1740 indebitisoluti
1667 1708 1831 1742 praetextu,
1847 1704 1951 1743 impro-

1074 1741 1105 1771 be
1120 1741 1172 1770 tibz'
1180 1741 1349 1780 petitionem
1363 1742 1473 1772 decerni
1486 1741 1634 1783 postulas:
1648 1752 1713 1773 cum
1724 1742 1773 1781 etfi
1787 1750 1902 1775 tantum
1919 1745 1953 1775 in

1066 1780 1285 1823 stipulationem
1301 1782 1407 1823 fuzffet
1430 1783 1572 1823 dedum,
1596 1785 1715 1815 indebiti
1731 1784 1857 1826 promiffi
1873 1785 1952 1817 vela-

1075 1829 1167 1855 mento
1183 1824 1300 1863 defendi
1316 1834 1375 1855 non
1388 1824 1486 1865 poffer.
1510 1825 1541 1857 Si
1562 1834 1666 1857 tamen
1686 1836 1725 1857 ex
1745 1826 1826 1858 falsis
1844 1826 1953 1859 iustru-

1075 1865 1192 1898 mentis
1215 1865 1303 1896 initae
1318 1865 1440 1898 fuerint
1455 1867 1684 1900 transactiones
1703 1869 1753 1899 vel
1772 1868 1953 1908 pastiones:

1075 1916 1142 1939 non
1159 1907 1295 1947 impedit
1313 1908 1412 1946 ratio,
1431 1909 1573 1940 revelato
1590 1910 1707 1941 deinde
1725 1909 1804 1940 falso
1816 1933 1824 1948 ,
1848 1920 1888 1942 ne
1904 1919 1954 1942 re-

1078 1949 1202 1981 tractari
1220 1949 1336 1989 poffint
1350 1950 1475 1990 optimo
1490 1951 1558 1991 jure
1569 1951 1647 1990 l.42.
1661 1951 1694 1982 C.
1712 1952 1768 1982 eod.
1787 1953 1831 1982 tit.
1857 1961 1955 1990 quan-

1077 1991 1120 2022 do
1146 1991 1175 2022 ὅ(
1199 1991 1329 2030 judicati
1355 1994 1507 2023 executio
1528 1991 1608 2024 solet
1624 1991 1784 2033 suspendi,
1812 1993 1954 2024 &soluti

1076 2033 1142 2064 dari
1153 2032 1325 2071 repetitio:
1341 2032 1359 2063 fi
1377 2032 1457 2064 fallis
1474 2033 1688 2065 instrumentis
1699 2034 1953 2066 circumventam

1076 2073 1138 2105 esse
1154 2075 1341 2114 religionem
1358 2075 1548 2114 Judicantis.
1566 2074 1737 2106 manifestis
1754 2075 1952 2114 probationi-

1075 2115 1133 2146 bus
1148 2114 1244 2146 fuerit
1263 2114 1420 2147 ostensum
1439 2121 1459 2146 t.
1478 2122 1498 2146 t.
1521 2116 1553 2148 C.
1581 2117 1613 2147 Si
1627 2126 1663 2147 ex
1673 2115 1761 2157 falsis
1777 2114 1954 2157 instrumen-

1074 2158 1113 2187 tis
1128 2156 1175 2186 vel
1189 2154 1354 2196 testimoniis
1366 2157 1534 2198 judicatum-
1546 2156 1598 2195 sit.

1116 2198 1240 2236 Aliquis
1263 2206 1373 2238 putet,
1399 2199 1467 2229 liaec
1492 2199 1575 2231 belle
1599 2200 1778 2240 procedere
1802 2201 1832 2230 in
1853 2199 1953 2239 pastis

1075 2240 1258 2271 donationis
1277 2239 1366 2270 causa
1383 2238 1486 2272 factis.
1515 2250 1610 2281 quein
1629 2242 1713 2273 enim
1732 2241 1915 2280 prohiberi,
1931 2240 1952 2273 fi

1075 2281 1173 2318 velit,
1185 2280 1423 2321 suumjaetare?
1439 2290 1470 2312 at
1486 2282 1630 2322 iniquum
1647 2282 1709 2314 ell‘e
1725 2284 1753 2313 in
1772 2283 1958 2314 [iamacho-

1074 2332 1115 2354 ne
1141 2324 1179 2353 au
1204 2332 1296 2362 quani
1322 2324 1483 2354 neminem
1507 2326 1641 2363 venire3
1667 2333 1701 2354 ut
1730 2324 1954 2356 liberalitatem

1075 2372 1243 2396 exerceat:
1269 2363 1322 2396 sed
1347 2364 1390 2395 ob
1409 2373 1530 2396 metum
1550 2366 1631 2404 litis,
1656 2366 1705 2396 vel
1727 2366 1770 2396 ob
1788 2367 1831 2396 rei
1850 2367 1952 2396 incer-

1076 2414 1161 2438 tum:
1186 2406 1217 2436 id
1243 2405 1307 2443 est,
1332 2407 1573 2445 quodammodo
1592 2407 1785 2438 necestitate.
1818 2407 1952 2448 proinde

1075 2446 1097 2479 fi
1119 2445 1263 2484 constet,
1288 2447 1397 2487 postea
1420 2451 1555 2489 repertis
1572 2449 1806 2487 instrumentis,
1831 2448 1871 2479 nil
1890 2447 1953 2480 ess'e

1075 2488 1171 2521 aCtori
1191 2489 1356 2528 debitum,
1379 2498 1452 2520 cum
1471 2490 1499 2520 ei
1517 2490 1633 2529 aliquid
1654 2490 1730 2521 cli‘et
1751 2488 1952 2529 concessum3

1075 2531 1127 2562 vel
1147 2530 1217 2570 plus
1237 2529 1299 2561 effe
1318 2531 1445 2568 datum,
1469 2540 1543 2562 cum
1567 2533 1669 2562 minus
1688 2532 1878 2571 deberetur-3
1902 2531 1956 2562 vel

1075 2573 1283 2610 minus‚cum
1296 2572 1365 2612 plus
1381 2573 1570 2604 deberetur:
1590 2575 1665 2614 quid
1684 2572 1783 2604 causae
1800 2573 1881 2611 effe,
1897 2581 1954 2604 cui·

1075 2613 1262 2645 servandum
1281 2613 1316 2644 fit
1333 2613 1458 2654 pastum
1475 2623 1695 2653 conventurn3
1719 2624 1817 2646 curve
1835 2614 1954 2646 indebi-

1076 2663 1109 2686 te
1127 2656 1234 2686 datum
1257 2663 1310 2685 aut
1333 2655 1537 2694 promiffum,
1562 2657 1616 2687 ubi
1635 2666 1698 2688 non
1716 2657 1887 2694 debeatur,
1909 2654 1954 2686 ibi

1075 2706 1204 2729 manere
1222 2696 1355 2728 debeat:
1371 2697 1432 2736 jam
1448 2697 1617 2729 manifesto
1633 2698 1768 2729 errore?
1787 2697 1894 2728 Fuerit
1911 2705 1956 2728 ta-

1075 2747 1149 2770 men
1165 2738 1297 2769 rationis
1307 2761 1316 2776 ,
1334 2739 1385 2769 vel
1398 2739 1642 2771 transactionem
1654 2741 1737 2771 bona
1749 2737 1810 2770 fide
1821 2738 1953 2777 saetam,

1076 2788 1150 2811 curn
1165 2787 1219 2810 aut
1235 2779 1271 2811 lis
1293 2778 1390 2818 effet,
1414 2788 1467 2811 aut
1489 2789 1592 2813 metus
1610 2782 1690 2819 litis,
1714 2789 1886 2821 numquam
1906 2789 1955 2811 re-

1076 2821 1195 2860 scindi;
1211 2829 1272 2852 nec
1286 2822 1385 2862 magis
1401 2831 1441 2853 ex
1451 2831 1486 2852 ea
1498 2822 1606 2854 datum
1624 2823 1744 2863 repeti:
1762 2832 1802 2853 ne
1818 2821 1952 2863 repertis

1077 2863 1207 2903 quidem
1227 2862 1336 2902 postea
1352 2863 1566 2896 instrumentis
1587 2864 1702 2905 quibus
1720 2864 1858 2903 liqueat,
1874 2861 1954 2894 nihil

1076 2912 1129 2936 aut
1146 2905 1250 2936 minus
1266 2904 1409 2935 debiturn
1425 2903 1536 2937 fuiffe:
1562 2906 1695 2938 volente
1711 2906 1848 2936 utilitate
1866 2912 1954 2935 tuen-

1076 2947 1124 2978 dae
1142 2946 1246 2986 pacis,
1272 2954 1448 2986 utcumque
1467 2946 1579 2978 sei-vari
1597 2947 1688 2987 pasta
1705 2953 1864 2978 conventa
1883 2943 1951 2983 qui-

1073 2988 1132 3018 bus
1149 2988 1185 3019 lis
1202 2986 1265 3018 fine
1282 2987 1360 3025 dolo
1378 2988 1462 3019 malo
1478 2988 1605 3019 finiatur
1620 2989 1640 3020 l.
1663 2998 1709 3020 10.
1729 2987 1760 3018 C.
1787 2987 1820 3016 cie
1836 2991 1954 3016 transa-

1074 3029 1224 3060 ottonibus.
1252 3029 1348 3069 Atqui
1365 3030 1448 3060 nulla
1468 3029 1528 3060 fuit
1545 3040 1594 3062 res
1608 3030 1722 3061 media.
1739 3026 1880 3072 Demus,
1898 3035 1951 3056 ΞΠ·

1076 3079 1108 3102 te
1127 3070 1383 3101 transefflonem.
1417 3078 1449 3101 at
1466 3070 1536 3111 post
1552 3081 1620 3102 eam
1638 3079 1701 3101 non
1719 3067 1763 3098 est
1775 3075 1827 3097 ita.
1860 3068 1950 3106 quod

1072 3112 1158 3144 enim
1177 3122 1217 3143 ex
1234 3122 1270 3143 ea
1290 3113 1381 3143 datur
1399 3121 1451 3142 aut
1468 3113 1682 3153 promittitur,
1705 3117 1769 3140 non
1786 3109 1877 3139 datur
1895 3115 1950 3139 aut

1072 3154 1274 3194 promittitur
1289 3152 1353 3185 fine
1367 3153 1476 3185 causa:
1494 3163 1558 3184 non
1575 3154 1657 3184 enim
1675 3151 1785 3195 datur,
1800 3148 1883 3189 quasi
1897 3149 1950 3180 de·

1071 3196 1173 3226 bitum
1190 3195 1348 3232 solvatur;
1364 3194 1414 3226 sed
1431 3195 1491 3226 hac
1506 3195 1594 3235 lege,
1610 3201 1643 3223 ut
1658 3201 1674 3222 a
1692 3191 1747 3221 lite
1758 3189 1945 3222 discedatur·

1070 3237 1163 3269 datur
1175 3236 1270 3277 igitur
1284 3236 1328 3267 ob
1345 3245 1431 3275 rem3
1449 3237 1479 3267 id
1495 3235 1538 3268 est
1549 3257 1558 3274 ,
1574 3234 1618 3265 ob
1635 3231 1774 3272 causam,
1792 3241 1858 3264 uon
1871 3239 1950 3302 ρῑῗὲ-
