2036 3495
528 65 632 103 Dr.-

35 158 254 202 partemmitti.
280 156 309 197 fi
325 166 390 190 vero
406 156 492 189 unita
501 154 542 196 sit
557 161 693 188 contextu
713 155 916 197 edificiorum:

34 201 72 234 ,in
91 206 190 232 totam.
225 200 254 231 ἀ
273 200 403 240 reliqua.
545 228 549 234 ,

34 263 41 274 -,
79 240 178 282 Igitur
201 242 277 281 quid
303 240 372 272 est‘?
396 240 500 281 placet
523 237 665 279 Ulpiano
681 239 700 271 l.
722 248 750 280 7.
771 239 799 281 §.
823 249 848 272 t.
868 240 909 273 D.

34 283 74 314 sle
89 282 265 321 ufafrabh,
285 291 354 313 eum
367 282 420 322 qui
439 281 534 313 habet
552 279 778 312 ulhmfructum
797 282 910 314 domus

40 324 93 354 vel
113 332 245 362 amium,
270 326 312 354 uti
332 322 393 354 frui
410 332 474 354 non
494 329 617 353 tantum
637 322 736 353 domo
752 321 816 354 five
834 324 908 354 aedi-

39 364 115 404 bus:
141 366 192 397 sed
209 367 237 396 ot
254 372 376 395 caeteris
393 372 605 403 quaecumque
619 363 734 394 aedium
754 363 832 395 sunt.
866 372 908 396 ta-

35 405 80 437 tia
102 417 178 438 vero
196 404 278 445 quasi
296 414 400 446 partes
417 405 529 436 aedium
545 403 627 441 effe,
654 405 704 436 vel
721 413 856 445 propter
871 416 909 436 ae-

40 447 96 480 des
124 447 251 486 haberi,
276 447 359 478 idem
390 444 544 487 Ulpianus
569 445 683 477 definit
703 446 724 478 l.
745 455 790 487 13.
806 446 835 488 §.
855 447 909 478 ult.

35 487 86 529 2D.
105 490 137 519 de
154 484 312 520 aditionibus
328 488 421 528 empti.
459 487 538 518 Sunt
552 495 661 519 autem
678 488 844 528 utriusque
856 498 909 528 ge-

35 530 122 568 neris
140 530 254 562 multa:
271 537 329 560 nec
345 537 425 568 opus
440 537 625 559 enumerare
642 529 760 560 omnia.
786 537 909 561 tantum

36 571 164 609 ¹dicam,
189 571 275 611 quod
299 571 380 600 inter
404 577 535 600 caeteras
560 578 665 607 partes
691 570 761 601 sunt
778 570 909 602 aedificia

34 612 66 643 d.
90 613 108 643 l.
128 621 154 653 7.
171 612 197 653 §¹
221 621 233 642 1
274 609 361 642 forte
383 612 438 650 (ut
454 612 484 642 in
500 612 519 642 l.
544 620 588 651 13.
608 611 635 652 §.
655 611 709 642 ult.
730 610 772 642 D.
789 614 822 642 de
840 618 908 650 usu*-

32 652 169 693 fratta)
201 651 356 683 stabulum
381 653 495 684 domus
519 652 669 692 jumentis
696 660 749 683 aut
771 654 908 684 carrucis

32 700 275 733 ,comparatumz
301 693 376 724 item
394 694 540 724 balneum
557 694 659 725 usibus
677 694 845 726 dominicis
863 694 908 725 so-

32 736 130 775 Jitum
156 743 269 765 vacare
290 734 321 765 in
344 735 453 766 intima
477 735 590 766 domus
615 743 726 774 parte,
750 736 799 767 vel
826 736 908 767 inter

30 777 147 815 ‚diaetas
162 784 321 811 amoenas:
344 783 379 807 ut
392 777 423 807 in
444 776 516 808 villa
528 775 637 814 Plinii,
653 776 701 808 tib.
714 787 739 808 2.
754 774 844 817 Epist.
861 786 906 817 17.

36 818 70 856 ,ἃ
87 817 134 849 lib.
153 828 181 857 5.
204 814 295 857 Epist.
312 820 341 848 6.
372 817 434 848 tale
449 819 532 849 enim
550 817 696 849 balneum
713 816 775 849 effe
793 821 907 849 domus

33 859 226 900 ¹portionem
239 882 246 895 ,
264 857 418 890 constitit.
445 860 530 897 quod
546 858 568 890 fi
586 858 716 891 testator
731 858 860 899 publice
876 859 908 890 id

34 900 182 941 ,pl-aebuit.
207 900 299 939 (nam
317 900 346 931 ἃ
365 899 427 930 hoc
442 900 579 938 factum,
602 901 772 941 aliquando
789 900 884 941 gratis
897 922 907 938 ,

31 942 229 982 ,plerumque
247 939 414 979 mercede,
439 942 469 972 id
491 941 553 980 est,
574 941 769 981 quadrante:
795 949 828 972 ut
850 941 906 972 du-

39 983 113 1014 dum
142 984 265 1014 notavit
286 981 423 1022 jacobus
450 982 637 1021 Raemrdus,
664 982 703 1014 V.
728 981 788 1014 CL.
812 982 858 1013 lib.
878 992 905 1013 2.

32 1023 167 1065 ‹Conjett
184 1034 208 1055 c.
227 1033 246 1064 3
261 1023 276 1062 )
294 1028 336 1054 ait
356 1023 540 1063 Papinianus
556 1024 574 1055 l.
595 1033 643 1061 91.
662 1023 690 1065 §.
709 1033 738 1063 4.
758 1024 798 1054 D.
816 1024 849 1054 de
868 1023 906 1053 le-

36 1068 115 1106 gatis
133 1065 178 1096 lib.
199 1075 228 1106 3.
253 1065 295 1095 ita
314 1063 375 1096 effe
392 1066 506 1098 domus
523 1067 725 1106 portionem,
741 1064 760 1096 si
779 1073 835 1105 per
852 1063 907 1095 do-

38 1115 124 1138 mum
145 1115 275 1146 quoque
294 1105 482 1138 intrinsecus
506 1108 662 1145 adiretur,
687 1106 717 1138 &
737 1106 768 1137 in
785 1104 838 1136 usu
856 1114 906 1145 pa-

31 1147 224 1179 -trisfamiliae
243 1147 293 1178 vel
311 1147 417 1178 uxoris
430 1156 667 1188 nonnumquam
682 1146 761 1185 fuit,
780 1147 809 1177 ὅ(
826 1156 905 1178 mer-

38 1189 135 1220 cedes
154 1189 217 1229 ejus
237 1189 319 1219 inter
335 1196 464 1220 caeteras
480 1189 716 1220 meritoriorum
733 1188 846 1219 domus
861 1196 906 1218 ra-

43 1230 185 1262 tionibus
201 1237 336 1268 accepto
353 1228 557 1266 ferebantur,
574 1229 604 1260 &
620 1238 684 1260 uno
701 1229 805 1267 pretio
821 1237 907 1260 com-

34 1279 181 1311 ‚paratum
202 1269 442 1301 veiinstrucuim
458 1272 621 1312 communi
640 1269 810 1310 conjunctu
826 1269 903 1301 fuis-

37 1311 91 1343 set.
117 1310 270 1351 Ulpianus
287 1312 314 1342 d.
330 1311 349 1341 l.
368 1321 394 1350 ζ.
412 1311 441 1352 §.
463 1320 488 1342 1.
508 1310 553 1343 D.
571 1311 604 1342 de
619 1310 775 1350 usufruttu
792 1311 906 1342 domus

32 1353 178 1394 ,partibus
194 1360 378 1383 annumerat
392 1361 486 1383 etiarn
503 1356 607 1384 areas:
625 1361 701 1393 quas
723 1351 845 1390 Varro,
860 1352 908 1383 De

33 1394 142 1434 lingua
166 1394 278 1425 Latina
296 1394 342 1424 tib.
361 1402 390 1432 4.
414 1393 443 1435 §.
461 1403 492 1432 4.
516 1393 667 1433 exponit,
691 1394 761 1425 loca
779 1393 809 1425 in
828 1394 907 1425 urbe

32 1445 131 1477 pura:
155 1437 186 1466 id
203 1434 265 1473 est,
283 1433 345 1465 fine
364 1434 501 1465 aedilicio
519 1435 538 1466 l.
559 1444 628 1466 211.
649 1434 691 1466 D.
707 1436 740 1465 de
756 1436 907 1466 verborum

31 1475 253 1517 significatione.
278 1475 385 1507 Potest
402 1477 430 1507 ἂ
446 1486 524 1507 areae
537 1500 546 1516 ‚
557 1476 634 1507 ficut
653 1476 681 1507 ὅ(
693 1477 820 1508 aliarum
836 1485 904 1516 par-

33 1519 115 1551 tium
127 1541 135 1555 ‚
153 1517 342 1549 ulusfructus
359 1517 522 1557 separatim
539 1518 694 1557 relinqui:
711 1527 817 1558 eoque
834 1517 904 1549 casu

32 1559 232 1599 J'nmponius
248 1559 336 1599 l.,73.
356 1557 397 1589 D.
417 1560 450 1589 cle
464 1558 641 1597 ultast-utta,
657 1559 715 1597 Si,
740 1559 860 1599 inquit,
875 1569 904 1589 a·

33 1609 90 1634 rere
111 1599 293 1638 ususfrubizts
316 1599 427 1640 legatus
444 1598 486 1637 fit
502 1601 592 1637 mihi,
612 1599 686 1640 poffe
700 1610 742 1631 me
758 1602 852 1640 casam
867 1601 906 1631 ibi

32 1641 176 1679 ,rectificare
190 1641 321 1681 custodite
337 1642 423 1677 causa
438 1650 536 1672 earum
546 1651 641 1672 rerum
651 1651 714 1681 qaae
722 1642 752 1672 in
762 1651 829 1672 area
830 1639 903 1678 sint.

52 1717 54 1719 v
81 1677 130 1713 De
148 1681 356 1716 instrumento
374 1682 488 1713 domus
505 1682 556 1713 vel
571 1683 685 1713 aedium
703 1681 765 1714 fuit
781 1682 903 1714 dubita-

34 1718 102 1755 tum
113 1746 122 1760 ‚
139 1725 243 1762 legato
256 1725 369 1754 domus
386 1723 436 1754 vel
448 1724 562 1754 aedium
573 1722 750 1754 usufructu:
766 1733 806 1754 eo
817 1724 905 1764 quod

33 1762 277 1796 instrumentum
296 1772 357 1795 non
374 1763 419 1796 est
435 1773 505 1804 pars
525 1764 638 1795 aedium
654 1764 705 1795 vel
724 1764 902 1804 domus3fi-

34 1813 89 1845 cut
106 1814 166 1835 nec
183 1803 284 1836 fundi.
317 1806 463 1843 accedit,
487 1805 574 1844 quod
592 1805 701 1846 legatis
717 1805 836 1837 aedibus
852 1813 905 1837 aut

33 1844 150 1884 fundo,
162 1844 400 1877 instrumentum
412 1855 474 1877 non
486 1846 576 1877 aliter
584 1847 671 1878 cedit
681 1847 798 1887 legato,
810 1856 904 1886 quam

32 1883 55 1929 fi
71 1888 103 1919 iu
118 1886 216 1928 ipsum
231 1896 247 1919 a
266 1886 416 1920 testatore
433 1887 624 1920 nominatim
640 1886 677 1919 fit
690 1887 866 1929 expressum
882 1888 903 1920 t.

746 1991 996 2036 'Carui-

680 65 1359 105 UsussnucruL13.1.

1754 70 1835 115 345⁶

958 157 1013 189 ult.
1032 156 1074 189 D.
1093 159 1126 188 cte
1136 157 1310 199 supeltefttle
1325 159 1449 200 tegata·
1469 156 1531 188 Sed
1550 157 1669 194 placuit
1688 155 1828 199 Ulpiano

957 199 976 230 l.
994 208 1041 238 15.
1060 199 1089 241 §.
1100 203 1130 231 6.
1151 199 1193 232 D.
1211 202 1243 231 de
1259 199 1436 241 usufructu,
1453 206 1488 230 ut
1504 198 1617 237 fundi,
1635 199 1674 231 iic
1691 200 1826 237 domus,

955 240 1152 273 instrumenti
1170 241 1308 273 fructum
1324 242 1361 272 ad
1379 240 1581 272 frustuarium
1599 241 1776 281 pertinere:
1793 240 1825 271 &

953 282 999 313 est
1015 283 1043 314 ei
1060 283 1243 323 exemplum
1260 284 1290 314 in
1308 282 1532 323 specularibus.
1557 282 1597 319 de
1615 291 1752 323 quorum
1770 282 1826 313 usu

952 323 982 355 ὅ(
999 324 1187 355 inventione
1204 323 1244 355 sic
1256 325 1376 356 Seneca
1394 321 1544 364 Epist-90·
1570 322 1711 366 Quadam
1727 321 1824 363 nostra

953 366 1063 396 demum
1070 364 1187 406 prodiffe
1196 368 1328 397 memoria
1337 366 1440 400 seimus
1450 387 1459 403 ‚
1468 371 1499 394 ut
1500 365 1729 404 speculariorum
1738 370 1823 401 usum

947 406 1114 447 perlucente
1123 403 1333 446 testa,clarum
1350 406 1607 444 transmittentium
1625 407 1729 437 tumen.
1750 406 1824 437 Pru·

952 449 1063 478 denter
1074 455 1191 484 tamen,
1203 449 1290 487 quod
1301 457 1341 478 ex
1353 446 1490 486 Ulpiano
1501 447 1578 486 dixi,
1587 449 1824 479 exaudiendum

947 488 1015 521 est:
1032 488 1272 528 reputantibus,
1289 489 1376 525 quod
1394 487 1476 525 apud
1487 497 1559 518 eum
1578 488 1710 529 Pegasus
1728 490 1745 520 l.
1771 498 1820 522 12.

951 529 981 571 §.
1004 533 1049 560 16.
1067 528 1111 560 D.
1138 531 1171 560 de
1187 527 1326 568 instrutio
1344 529 1390 558 vet
1404 526 1590 567 instrumento
1616 531 1706 569 legato
1722 531 1822 571 dicit,

952 570 1192 602 instrumentum
1204 572 1317 601 domus
1333 569 1394 600 esse
1413 570 1443 600 id
1461 571 1548 608 quod
1565 572 1760 610 tempestatis
1776 581 1823 603 ar-

952 613 1063 644 cendae
1074 635 1082 650 ‚
1093 619 1147 642 aut
1161 611 1298 642 incendii
1315 609 1403 641 causa
1421 618 1544 649 paratur
1557 621 1566 649 3
1581 621 1644 642 non
1661 614 1749 651 quod
1764 622 1822 643 vo-

951 653 1080 693 luptatis
1097 654 1214 694 gratia:
1231 653 1260 684 &
1280 653 1367 683 addit
1386 651 1535 692 Pegasus,
1551 653 1658 692 itaque
1676 663 1736 684 nec
1754 653 1820 694 spe-

951 695 1083 732 cularia,
1107 703 1168 724 nec
1185 694 1253 725 vela
1273 703 1342 734 quae
1363 692 1490 733 frigoris
1512 692 1601 723 causa
1627 695 1675 723 vel
1702 696 1819 726 umbi-ze

950 737 980 768 in
998 736 1098 768 domo
1115 734 1191 773 sint,
1215 735 1345 766 deberi:
1369 743 1504 773 eamque
1528 732 1618 765 fuiffe
1642 734 1732 766 Caflii
1757 736 1823 767 sen-

952 777 1103 808 tentiam:
1130 777 1286 815 dicentis,
1307 776 1390 808 inter
1414 775 1656 815 instrumentum
1681 778 1710 808 &
1729 787 1821 808 orna·

951 826 1094 850 mentum
1112 817 1244 848 multum
1264 816 1427 849 interesse:
1451 816 1648 849 instrumenti
1672 817 1734 849 ess'e
1750 827 1820 859 quae

950 860 989 890 ad
1012 859 1123 890 domus
1143 859 1274 891 tutelam
1300 856 1478 898 pertinent:
1501 861 1678 890 ornamenti
1697 869 1767 900 quae
1780 860 1822 892 ad

950 901 1163 941 voluptatem.
1183 899 1219 930 Ei
1236 900 1400 932 sententiae
1417 899 1437 931 fi
1454 899 1539 931 adest
1555 900 1745 933 auctoritas:
1769 911 1823 932 ve·

949 942 979 973 la
995 951 1068 982 quae
1080 942 1110 972 in
1130 941 1228 973 domo
1242 941 1301 973 fint
1316 941 1444 982 frigoris
1459 949 1512 972 aut
1529 942 1648 973 umbrae
1664 942 1751 973 causa
1762 965 1771 981 ‚
1787 944 1823 975 in

949 985 1064 1014 domus
1079 981 1288 1014 instrumento
1304 992 1369 1014 non
1386 982 1470 1013 sunt:
1487 990 1520 1013 ut
1534 982 1554 1013 ii
1571 984 1600 1014 in
1622 983 1822 1025 hypaethris',

948 1025 980 1055 id
997 1023 1060 1062 est,
1077 1024 1155 1056 locis
1173 1024 1363 1056 subdialibus
1379 1025 1697 1063 extendantur,ite1n
1713 1024 1735 1057 fi
1751 1034 1822 1066 quae

949 1065 1007 1097 sint
1023 1066 1105 1097 circa
1123 1066 1288 1097 columnas
1306 1067 1333 1096 d.
1353 1065 1373 1096 l.
1394 1075 1438 1096 12.
1459 1065 1546 1106 §.20.
1565 1074 1717 1099 caeterum
1735 1075 1823 1107 para-

951 1114 999 1145 ta,
1023 1115 1064 1138 ne
1080 1105 1216 1138 aedificio
1233 1107 1338 1146 gravis
1354 1106 1390 1138 fit
1405 1116 1520 1138 ventus
1538 1115 1591 1138 aut
1608 1109 1733 1148 pluvia;
1757 1117 1822 1148 ma-

949 1150 996 1189 gis
1013 1147 1209 1179 instrumenti
1226 1147 1306 1186 else,
1325 1147 1442 1179 Caffius
1460 1148 1490 1179 ἂ
1512 1146 1665 1187 Ulpianus
1684 1150 1822 1189 probant.

949 1192 978 1220 ιι.
997 1189 1015 1219 t.
1033 1199 1076 1220 12.
1090 1188 1119 1229 §.
1135 1197 1178 1228 17.
1200 1188 1236 1220 Id
1253 1189 1285 1220 in·
1302 1189 1380 1220 velis
1397 1190 1632 1222 annotandum:
1649 1192 1720 1229 quia
1737 1188 1822 1223 idern

949 1232 980 1261 in
999 1230 1224 1268 specularibus.
1256 1239 1327 1261 nam
1354 1231 1384 1260 in
1410 1229 1439 1270 §.
1461 1233 1506 1260 16.
1532 1230 1657 1265 eiusdem
1673 1232 1726 1262 loci
1751 1232 1819 1262 haec

949 1280 1079 1311 quoque
1102 1271 1141 1301 ab
1164 1270 1373 1302 insti-umento
1392 1270 1511 1310 separat
1527 1269 1701 1310 Ulpianus:
1725 1271 1746 1303 fi
1765 1282 1822 1303 vo-

949 1313 1061 1352 luptati
1082 1311 1180 1352 polita
1196 1312 1254 1343 sint
1274 1313 1304 1343 in
1321 1312 1498 1354 hypaethris
1516 1319 1568 1348 aut
1587 1312 1688 1344 hortis
1705 1314 1735 1345 in
1755 1315 1822 1353 qui·-

950 1354 1008 1384 bus
1025 1353 1195 1394 specularia
1213 1354 1307 1394 poni,
1331 1353 1442 1385 auctor
1466 1352 1510 1385 est
1528 1353 1700 1393 Martialis,
1723 1355 1770 1386 lib.
1792 1359 1822 1388 8.

950 1394 1052 1436 Epigr.
1075 1403 1119 1433 14.
1140 1403 1170 1425 at
1189 1404 1252 1426 non
1271 1395 1393 1434 semper
1412 1394 1550 1426 serviunt
1567 1395 1743 1434 voluptati:
1768 1395 1822 1436 sae-

950 1445 990 1476 pe
1007 1437 1119 1468 aedium
1136 1435 1281 1467 fenestris
1297 1444 1507 1477 opponuntur
1523 1436 1562 1467 ad
1578 1438 1728 1469 arcendas
1743 1445 1824 1469 tem-

948 1477 1103 1517 pestates,
1126 1478 1263 1509 maxime
1283 1477 1400 1509 hieme.
1426 1478 1466 1508 de
1483 1477 1595 1516 talibus
1613 1478 1657 1510 est
1676 1478 1753 1510 illud
1769 1479 1824 1510 Se-

948 1528 1038 1550 necae
1056 1519 1101 1549 ao.
1117 1528 1147 1555 4.
1166 1519 1282 1550 Natur.
1305 1516 1401 1560 quast.
1420 1520 1456 1550 ad
1466 1516 1524 1558 fin.
1563 1518 1710 1563 ,Quamvis
1729 1529 1822 1551 caena-

949 1561 1052 1591 tionem
1068 1560 1139 1591 velis
1157 1570 1189 1591 ac
1206 1560 1407 1601 specularibus
1425 1561 1559 1592 muniant
1585 1560 1622 1594 ¹&
1641 1562 1708 1602 igne
1731 1562 1820 1593 multo

947 1603 1060 1633 doment
1076 1602 1202 1632 hiemem.
1249 1600 1302 1633 De
1322 1601 1499 1642 porticibus
1516 1600 1573 1632 suis
1591 1602 1710 1634 Plinius
1726 1602 1772 1634 lib.
1790 1613 1820 1634 2.

947 1641 1041 1683 Epist.
1068 1652 1115 1683 17.
1146 1642 1371 1684 Egregiumhae
1394 1644 1532 1681 adversus
1554 1640 1727 1684 tempestates
1747 1640 1824 1685 rece-

943 1684 1116 1724 ptaculum:
1138 1693 1206 1716 nam
1212 1684 1415 1725 specularibus
1436 1694 1470 1715 ac
1485 1684 1583 1715 multo
1607 1686 1699 1726 magis
1724 1686 1823 1716 immi-⁴

947 1727 1083 1756 nentz'hus
1100 1724 1180 1765 testis
1195 1726 1381 1757 muniuntur.
1415 1724 1468 1756 De
1486 1725 1549 1756 hoc
1566 1726 1662 1767 igitur
1679 1725 1819 1766 specula-¹

945 1766 1028 1797 rium
1046 1765 1100 1797 usu
1126 1765 1245 1804 sensisse
1266 1767 1391 1797 videtur
1411 1765 1564 1807 Ulpianus
1586 1768 1613 1798 d.
1631 1767 1650 1797 l.
1678 1775 1723 1806 15.
1740 1768 1769 1808 ᾗ.
1787 1771 1820 1807 6.

947 1807 1020 1847 talia
1044 1807 1129 1837 enim
1151 1807 1363 1839 instrumento
1389 1809 1609 1844 annumerari,
1640 1817 1704 1839 non
1731 1816 1818 1846 vetati

945 1849 974 1879 d.
989 1847 1008 1878 l.
1031 1856 1077 1879 12.
1093 1846 1122 1888 ᾗ.
1142 1856 1191 1887 25.
1223 1855 1414 1887 quamquam
1430 1856 1540 1889 putat,
1564 1847 1667 1880 adfixa
1685 1858 1744 1889 pro
1761 1849 1819 1880 do-

945 1897 1015 1920 mus
1032 1896 1121 1930 parte
1138 1887 1261 1920 haberi:

1058 1990 1124 2034 Χῖ.

35 2082 191 2138 ¹Quomodo
209 2094 345 2135 oporteat
354 2083 572 2135 frustum-ium
588 2089 634 2124 uti
640 2087 717 2135 frui
734 2088 818 2124 domo
835 2097 889 2124 aut
910 2089 1034 2126 cedibus.
1063 2102 1122 2124 non
1137 2089 1217 2136 prffi
1235 2080 1354 2126 [trutina
1372 2091 1557 2127 irrimz‘t'te're:
1579 2102 1633 2127 nec
1648 2084 1760 2128 colores
1776 2088 1819 2132 ξέ

77 2139 215 2184 picturas
233 2137 274 2178 &³
292 2149 445 2172 marmora
464 2135 505 2176 &³
513 2137 622 2183 figilla
648 2136 690 2176 ἐξ
700 2137 733 2183 fi
754 2139 826 2183 quid
841 2139 883 2172 acl
902 2140 1006 2173 domas
1024 2146 1165 2173 ornatum
1177 2141 1345 2184 pertineat:
1375 2151 1430 2174 non
1449 2141 1570 2184 magis,
1582 2150 1585 2152 ·
1598 2153 1688 2186 quam
1707 2140 1817 2177 dicatas*

35 2210 37 2214 -
83 2185 327 2230 transformare,
353 2187 404 2220 vel
416 2187 617 2232 conjungere.
645 2188 694 2221 vel
702 2185 870 2231 separare:
897 2188 947 2222 vel
960 2188 1061 2222 aditus
1078 2214 1087 2229 ,
1113 2188 1284 2233 posticasve
1300 2196 1438 2231 vertere;
1463 2190 1514 2223 vel
1540 2191 1656 2225 atrium
1673 2198 1815 2226 mutare:

85 2235 135 2270 vel
150 2235 302 2271 viridaria
322 2236 363 2270 ad
380 2235 475 2270 alium
490 2235 611 2270 modum
626 2242 819 2282 convertere,

34 2344 241 2421 Hafoenus
257 2345 296 2377 de
312 2345 411 2377 domo
428 2345 457 2377 δί
474 2345 611 2384 aedibus‚-
637 2353 773 2386 quaeque
789 2346 903 2378 aedium

134 2386 209 2423 sint,
232 2387 307 2418 item
326 2387 366 2418 de
382 2386 601 2418 instrumento.
635 2386 773 2428 sequitur
788 2388 902 2420 modus

35 2426 66 2458 ἂ
82 2425 150 2459 finis
168 2427 214 2459 his
231 2429 338 2459 utendi
357 2428 491 2460 fruendi.
511 2429 549 2459 de
566 2428 631 2459 hoc
648 2428 690 2459 ita
702 2427 856 2469 Ulpianus
874 2431 902 2460 ct.

36 2467 55 2498 1.
71 2477 114 2508 13.
128 2468 153 2510 §
169 2478 197 2510 7.
217 2468 304 2506 Seclfi
320 2471 422 2500 (edium
437 2468 744 2510 ususfruffssZuslegatus
754 2468 812 2509 sit,
824 2470 903 2502 Ner-

34 2517 75 2540 va
93 2507 174 2547 filius
199 2509 235 2543 δ’
261 2510 371 2541 lumina
393 2512 544 2541 immittere
560 2520 623 2541 eum
635 2510 709 2551 poffe
724 2512 784 2542 ait.-
807 2512 851 2545 sed
868 2510 905 2545 {3⁹

38 2549 138 2584 colores
154 2550 190 2584 ὅ)
202 2550 332 2591 ρίὲῖανας
349 2552 384 2585 &³
398 2561 539 2583 marmora
547 2554 671 2592 poterit,
687 2552 723 2586 ἐξ
733 2550 852 2593 figilla,
869 2551 905 2587 {5⁹

30 2589 60 2628 fi
75 2592 144 2631 qaid
167 2594 203 2622 ad
227 2594 326 2622 doinus
349 2598 491 2624 ornatum.
520 2594 567 2629 led
584 2602 673 2633 neque
689 2593 790 2624 etiaetas
807 2599 903 2624 trans-

33 2631 165 2669 formare
186 2633 232 2662 vel
255 2633 426 2673 conjungere
448 2640 501 2665 aut
513 2635 647 2673 separare
664 2635 690 2664 ei
701 2635 904 2674 permittetur:

39 2671 85 2702 vet
101 2673 198 2702 aditus
210 2671 366 2712 postioctsve
376 2681 503 2706 vertere.-
525 2675 572 2706 vel
585 2675 701 2716 refugia
718 2678 843 2716 aperire:
859 2675 905 2706 vel

38 2713 148 2743 atrium
163 2720 289 2745 mutare:
311 2714 359 2745 vet
382 2716 526 2746 viridaria
549 2717 587 2753 ad
603 2716 692 2747 alium
711 2718 825 2748 modum
841 2726 906 2747 con-

38 2758 157 2783 vertere.
188 2754 309 2784 excolere
325 2755 400 2785 enim
414 2758 488 2795 quod
507 2757 620 2787 invenit
636 2756 744 2797 potest,
766 2758 906 2798 qualitate

39 2794 142 2825 redium
159 2802 216 2824 non
231 2801 355 2826 minata.
382 2795 452 2826 Item
468 2796 593 2835 Nerva,
608 2807 670 2829 eum
688 2800 737 2829 cui
751 2800 853 2830 tedium
869 2808 904 2828 u-

33 2833 208 2875 susfruftus
223 2834 378 2876 legatztsfit
389 2859 398 2874 ,
413 2837 502 2867 altius
518 2838 612 2868 tollere
627 2848 685 2869 non
700 2839 792 2879 paffe,
803 2849 904 2880 quam-

39 2877 86 2906 vis
105 2876 216 2906 lumina
230 2885 287 2906 non
303 2876 504 2914 obscurentur:
526 2879 595 2918 quia
612 2878 718 2910 tenum
736 2884 827 2921 magis
843 2886 906 2910 tur-

41 2918 128 2948 batur
163 2916 249 2960 Quod
269 2915 358 2947 Labeo
374 2918 459 2948 etiam
473 2918 505 2947 in
519 2920 701 2958 proprietatis
718 2922 829 2952 domino
839 2923 906 2956 [[νὲ-

41 2958 93 2989 bit.
136 2957 214 2989 laem
233 2957 339 2988 Nerva
353 2966 403 2987 nec
419 2956 558 2998 obstruere
575 2969 638 2990 eum
649 2961 734 3000 paffe.
782 2962 845 2994 Hic
862 2962 906 2992 lo·

41 3008 98 3030 cus
115 2999 159 3030 est
176 2998 344 3038 impeditus
356 3021 365 3036 ,
388 2998 419 3029 &
444 3008 593 3038 quantum
618 3007 714 3031 teneo
731 3002 904 3040 memoria,

41 3040 184 3071 nondum
207 3040 397 3079 explicitus:
422 3039 535 3071 securis
561 3040 600 3072 de
624 3042 794 3074 verborum
819 3042 906 3074 sensu

38 3080 81 3110 'ac
98 3080 161 3112 fine
180 3081 422 3120 Interpretibus.
448 3090 478 3111 at
497 3090 547 3112 me
564 3089 677 3120 vexat,
694 3085 782 3123 quod
799 3083 904 3124 Ulpia-

41 3129 100 3152 nus
115 3122 174 3160 ait,
192 3121 332 3153 Nervam
349 3119 446 3152 filiurn
464 3122 570 3154 dicere
581 3122 784 3156 fructuarium
801 3124 907 3165 legato

45 3163 160 3235 aeuzigm
174 3162 352 3236 uIsufi-ussu,
368 3162 457 3205 polle
474 3164 590 3200 lumina
604 3165 796 3207 immittere,
811 3167 907 3200 etiam

30 3232 35 3237 ,
111 3211 164 3235 om.
205 3225 213 3237 .

848 2233 889 2275 δέ)
904 2237 975 2282 qaid
990 2237 1037 2270 his
1052 2237 1187 2270 omnihus
1203 2237 1396 2282 indigitetur.

946 2346 1073 2378 colores
1091 2346 1121 2378 ἀ
1138 2346 1273 2386 pisturas
1289 2347 1487 2379 &marmora
1505 2346 1534 2378 ἃ·
1546 2346 1639 2387 sigilla
1657 2348 1687 2379 δε
1703 2347 1722 2379 si
1742 2348 1819 2389 quid

946 2388 985 2418 ad
1001 2388 1115 2420 domus
1131 2395 1277 2419 ornatum
1293 2390 1447 2429 pertinet:
1471 2395 1502 2418 at
1522 2398 1586 2419 non
1606 2388 1693 2428 poss'e
1710 2389 1819 2422 diaetas

947 2428 1193 2468 transformare,
1218 2430 1269 2460 vel
1286 2430 1499 2470 conjungere,
1515 2430 1566 2460 vel
1583 2427 1737 2469 separare:
1767 2432 1818 2463 vel

947 2470 1048 2502 aditus
1071 2469 1252 2510 posticasve
1278 2478 1422 2501 vertere:
1448 2470 1497 2501 vel
1527 2469 1649 2510 refugia
1673 2472 1815 2512 aperire:v

948 2512 998 2542 vel
1014 2512 1129 2543 atrium
1147 2519 1285 2542 mutare:
1298 2511 1503 2542 velviridaria
1520 2512 1558 2542 ad
1575 2512 1670 2544 alium
1687 2514 1819 2546 modum

947 2561 1149 2584 convertere.
1186 2561 1243 2583 cur
1261 2553 1364 2590 enim,
1386 2553 1489 2591 priora
1509 2551 1617 2584 facere
1632 2554 1737 2594 potest
1753 2555 1819 2587 fru-

949 2593 1102 2632 ctuarius,
1119 2592 1282 2633 sequentia
1299 2602 1362 2624 non
1378 2592 1500 2633 potest:
1516 2593 1580 2631 pari
1597 2595 1756 2636 utrimque
1772 2607 1818 2628 ra-

948 2634 1066 2665 tione?
1088 2633 1190 2665 rursus
1213 2632 1234 2664 fi
1257 2634 1308 2664 illa
1331 2634 1428 2665 licent
1452 2634 1649 2669 frudlmarioz
1673 2646 1738 2677 quo
1760 2647 1817 2669 ore

948 2675 992 2705 ait
1010 2673 1165 2716 Ulpianus
1177 2698 1185 2711 ‚
1209 2684 1283 2705 eum
1299 2674 1387 2715 posse
1404 2676 1555 2708 excolere
1570 2679 1657 2717 quod
1676 2679 1818 2717 invenit,

949 2717 1100 2756 qualitate
1122 2715 1236 2750 aedium
1261 2725 1326 2748 non
1350 2725 1478 2748 mutata.
1509 2727 1616 2758 eoque
1640 2720 1747 2760 (quod
1773 2729 1816 2752 ex

949 2758 1065 2787 eodem
1090 2756 1188 2787 refert
1213 2755 1341 2798 Nerva)
1368 2767 1431 2789 non
1456 2757 1541 2798 posse
1563 2760 1655 2792 altius
1680 2762 1817 2799 tollere,

949 2798 1091 2835 quamvis
1107 2797 1224 2828 lumina
1240 2807 1304 2829 non
1324 2798 1551 2832 obscurentur:
1567 2800 1620 2832 sed
1637 2811 1741 2842 neque
1758 2803 1816 2832 ob-

948 2839 1067 2870 struere
1093 2837 1206 2877 poss'e‘.)
1230 2838 1476 2881 fluctuaviglrur
1499 2841 1567 2873 haec
1587 2841 1702 2874 Nervae
1719 2851 1815 2880 atque

949 2877 1079 2919 Ulpiani
1099 2878 1278 2924 disputatio.
1303 2890 1364 2923 nec
1381 2882 1422 2912 sat
1441 2881 1526 2922 sci03
1544 2893 1581 2915 an
1597 2893 1665 2915 eam
1682 2884 1744 2923 ipse
1759 2882 1814 2914 liin

949 2919 1192 2952 confirmaturus
1208 2921 1286 2953 latis.
1303 2923 1435 2954 tentabo
1453 2931 1556 2955 tamen
1568 2947 1576 2962 ,
1589 2926 1664 2965 quid
1676 2925 1815 2955 valeam:

950 2970 1014 2992 non
1036 2960 1340 3004 futurusdeterior,
1363 2964 1383 2996 fi
1404 2974 1466 2996 non
1485 2966 1646 2996 obtineam
1666 2966 1753 3004 quod
1769 2965 1816 2996 in-

949 3002 1066 3034 tendo:
1082 3002 1133 3034 sed
1153 3003 1283 3043 melior,
1304 3004 1325 3036 fi
1342 3005 1492 3046 assequar.
1523 3013 1670 3036 caeterum
1689 3014 1754 3044 quo
1770 3005 1816 3037 sa-

948 3044 1039 3074 cilius
1056 3045 1244 3084 expediatur
1258 3047 1359 3078 nodus
1370 3070 1378 3085 ,
1393 3056 1465 3078 ante
1483 3047 1569 3086 quod
1584 3045 1655 3076 fatti
1666 3046 1728 3084 est,
1747 3056 1817 3078 ver-

951 3084 1064 3117 borum
1080 3085 1293 3125 explicatione
1309 3087 1516 3128 investigabo.
1546 3086 1684 3118 Primum
1703 3088 1744 3118 ait
1762 3086 1817 3121 Ul-

951 3126 1077 3166 pianus,
1093 3125 1114 3158 fi
1131 3127 1182 3157 cui
1199 3128 1311 3160 aedium
1331 3128 1520 3159 ususfructus
1536 3127 1720 3167 legatusfit,
1737 3128 1816 3162 Ner-

951 3176 1024 3202 vam
1039 3167 1146 3242 filium<
1155 3176 1286 3210 putare,
1310 3167 1347 3205 ἐξ
1361 3170 1473 3201 {trutina
1489 3168 1638 3200 immittere
1654 3178 1717 3202 eam
1727 3170 1813 3243 juisse.

1125 3237 1129 3239 ,
1161 3219 1184 3242 Χ
1772 3221 1813 3242 ,li-
