2036 3495
123 102 189 141 482

615 175 942 229 NOT

1029 175 1294 226 ITI

1382 180 1428 226 A

422 305 1626 398 CAPITUM

593 452 944 518 HUJUS
1018 451 1443 502 OPERIS.

129 580 208 616 CAP.
226 576 252 613 I.
276 577 332 613 Ita
347 575 502 623 obtinmffe
511 576 718 624 plurimarum
733 576 872 622 gentium
892 575 1000 610 huma-

226 627 362 669 niorum,
389 623 430 666 &²
449 628 481 661 in
495 627 605 673 primis
622 625 815 665 Graecarum,
833 624 950 669 legibus
965 636 1002 660 ac

226 677 360 711 moribus
378 701 390 719 ,
416 683 449 710 ut
468 683 635 721 parentum
659 674 788 708 arbitrio
806 674 1000 719 permittere-

222 732 291 768 tur,
320 731 422 759 utrum
437 725 548 759 vellent
565 723 685 766 tollere,
703 734 744 757 an
761 730 925 769 exponere,
944 729 1000 757 aut

221 785 347 818 necare,
374 771 513 819 infantes
528 784 629 808 recens
645 780 743 807 natos.
927 772 1000 815 466

149 824 192 860 ΙΙ.
218 823 259 858 In
276 822 350 857 urbe
367 822 468 857 Roma
488 834 545 857 non
563 821 674 867 licuisse
683 821 864 867 parentibus
878 831 916 855 ex
933 820 999 866 lege

224 871 370 913 Romuli,
388 883 424 906 ac
442 871 526 906 XII.
542 870 745 912 Tabularum,
760 870 866 905 necare
876 877 929 903 aut
945 880 997 904 ex-

220 928 330 965 ponere
348 918 483 965 infantes
502 931 607 956 recens
624 927 731 962 natos,
757 919 897 963 inprimis
918 929 997 952 mas-

223 968 321 1009 culos,
349 968 390 1008 ὃ)
414 981 454 1004 ex
469 967 698 1015 sequioresexu
709 966 797 1013 filias
813 968 996 1013 primogeni-

223 1023 290 1059 tas,
302 1016 358 1063 nisi
378 1018 424 1052 illi
441 1017 579 1064 infantes
597 1029 617 1051 a
636 1018 746 1052 vicinis
757 1016 882 1061 quinque
892 1017 997 1061 proxi-

221 1066 281 1100 mis
290 1068 425 1113 judicati
439 1067 528 1113 essent
544 1064 717 1114 monstrosi,
735 1065 861 1107 debiles,
880 1071 933 1098 aut
950 1065 996 1097 in-

215 1113 325 1161 signes
335 1117 375 1151 ad
389 1114 634 1162 deformitatem:
650 1126 685 1148 ac
691 1112 724 1158 fi
740 1121 844 1148 contra
850 1111 997 1158 facerent

218 1172 379 1212 parentes,
407 1163 589 1212 constitutas
607 1164 673 1208 lege
688 1173 788 1207 poenas
796 1160 903 1208 fuiffi'·
940 1162 999 1196 Sed

223 1212 424 1260 insecutorum
435 1220 599 1259 temporum
615 1223 711 1246 mores
721 1221 787 1245 eam
801 1211 897 1256 legem
909 1221 997 1255 usque

222 1263 296 1298 adeo
312 1267 344 1296 in
358 1260 535 1308 potestatem
543 1259 637 1307 suam
655 1257 815 1305 redegiffi’,
836 1266 868 1292 ut
883 1268 995 1305 paren-

222 1312 303 1346 tibus
311 1309 460 1356 facerent
472 1311 547 1356 jus,
565 1310 672 1344 liberos
690 1318 792 1342 recens
803 1310 994 1352 natos,·qua-

220 1362 384 1405 iescumque
401 1357 513 1404 effi’nt,
539 1367 700 1403 exponere,
719 1364 774 1390 aut
788 1367 913 1392 necare.
922 1353 994 1400 fine

219 1415 299 1444 metu
315 1409 454 1443 criminis
466 1435 474 1450 ,
500 1417 602 1451 eosque
618 1415 715 1440 mores
737 1403 862 1449 valuiffe
881 1410 994 1448 tempo-

197 1459 303 1493 ‘ribus
328 1454 624 1501 Jurisconsultorum
651 1463 775 1498 quorum
798 1452 994 1497 fragmentis

216 1503 355 1550 censetur
373 1503 599 1538 Pandeaarum
614 1512 729 1547 corpus.
913 1501 993 1536 ibid.

118 1553 177 1592 III.
209 1554 268 1589 Eos
288 1562 384 1586 mores
405 1562 461 1585 non
490 1550 590 1584 videri
608 1550 771 1595 expunc‘i‘os
789 1549 991 1584 Senatuscon-

204 1600 291 1650 sulto
301 1600 470 1636 Planciano
481 1625 491 1640 ,
504 1610 594 1643 neque
607 1600 701 1632 altero
710 1597 786 1643 quod
797 1598 909 1632 dicitur
918 1605 993 1632 tem-

208 1660 285 1698 pore
302 1650 380 1684 Divi
393 1647 551 1683 Hadriani
560 1645 704 1692 fastum,
727 1658 818 1692 neque
836 1645 992 1693 Rescripto

214 1699 370 1736 Divorum
394 1696 542 1733 Fratrum
555 1722 564 1738 ‚
586 1707 677 1741 neque
701 1695 808 1729 Edicto
825 1695 991 1740 Praetoris‚

207 1758 302 1793 neque
330 1746 457 1782 remedio
474 1744 551 1791 quod
565 1745 676 1791 majori
693 1745 784 1779 trimo
801 1751 892 1778 extra
908 1745 988 1779 ordi-

209 1809 278 1833 nem
295 1796 480 1841 indulgetur.
914 1795 985 1836 468

208 1847 280 1890 Ea,
305 1842 346 1884 ὃ)
363 1843 502 1890 similia,
525 1842 659 1878 remedia
677 1840 776 1888 fuiffie
792 1843 898 1877 civilia
907 1855 919 1885 ‚·
945 1840 987 1882 δέ)

211 1895 254 1932 ad
276 1893 494 1929 vindicandum
515 1892 629 1927 crimen
654 1893 778 1925 minime
796 1891 986 1936 pei-tinuiffi’.

214 1943 309 1992 Ipsa,
331 1954 384 1978 nec
412 1942 494 1982 alia,
510 1940 572 1987 sub
590 1940 730 1986 Paganis
747 1939 988 1985 Imperatoribus

214 1991 353 2040 viguiffe.
381 1988 522 2037 Expositi
532 1988 699 2036 prcesertim
711 1988 810 2034 Impp.
821 1989 988 2023 Diocletia-

213 2053 269 2076 nus
281 2040 555 2081 &Maximianus
571 2040 589 2072 l.
606 2039 658 2072 16.
672 2037 703 2072 C.
714 2037 747 2071 de
766 2039 888 2082 nuptiis.
914 2039 984 2080 469

207 2091 315 2127 Etiam
325 2088 386 2135 suh
405 2088 584 2135 Christianis
601 2086 844 2132 [inperatoribus
857 2112 865 2126 ,
882 2083 923 2124 δέ)
935 2097 987 2120 no-

217 2136 424 2183 minatimsub
441 2135 636 2182 Constantino
649 2160 658 2176 ,
677 2133 736 2180 fui
762 2146 777 2167 e
793 2134 910 2168 licitam
928 2136 985 2168 im-

210 2187 410 2235 punitamque
426 2184 584 2230 infantum
602 2182 822 2229 expofitionem.
914 2193 986 2227 470

208 2237 326 2273 Primos
336 2236 492 2281 infantum
503 2231 713 2277 expositionem
727 2232 865 2277 prohibui
891 2243 906 2265 e
922 2232 985 2265 Im-

208 2292 368 2333 peratores
383 2309 392 2325 ‚
430 2282 705 2320 Valentinianum,
740 2280 918 2322 Valentem,
944 2277 986 2319 ὃ)

215 2333 405 2370 Gratianum
427 2331 449 2365 l.
474 2339 505 2364 2.
528 2330 559 2364 C.
579 2329 613 2363 de
638 2327 809 2374 infantibus
832 2327 983 2374 expositis.

213 2384 297 2433 Quae
313 2379 358 2426 sit
382 2391 418 2415 ea
441 2379 473 2413 in
487 2379 552 2424 lege
567 2375 752 2413 constituta
770 2377 982 2411 animadver-

213 2432 262 2467 fio
273 2459 281 2474 ,
308 2431 348 2465 ab
368 2425 528 2473 Accursio,
544 2428 671 2472 aliisque
688 2426 780 2460 donis
796 2427 888 2466 viris,
907 2424 986 2471 fru-

206 2480 279 2528 stra
294 2479 357 2522 peti
374 2489 410 2513 ex
429 2477 448 2512 l.
467 2474 539 2524 1.§.
558 2486 591 2519 4.
611 2477 656 2511 D.
684 2475 718 2509 de
735 2473 928 2520 agnoscendis
945 2471 987 2513 ὅ)

214 2528 331 2564 alendis
351 2527 473 2569 liberis,
503 2527 576 2560 item
594 2525 614 2559 l.
631 2533 663 2567 9,
684 2524 716 2557 C.
743 2524 776 2557 de
785 2525 891 2569 patria
902 2530 987 2569 pote-

205 2576 292 2625 state
310 2600 322 2619 ‚
346 2572 387 2614 ὅ)
404 2575 425 2609 Ι.
440 2585 474 2619 4.
493 2575 539 2611 D.
565 2574 600 2610 de
614 2569 859 2620 agnoscendis&
870 2571 987 2606 alendis

214 2625 329 2661 liberis.
915 2629 984 2664 471

116 2237 180 2277 VI.

1044 577 1125 613 VII.
1143 577 1185 611 In
1203 575 1381 621 exponendis
1399 573 1541 609 Veterum
1558 574 1758 609 monumentis
1762 569 1910 618 frequen-

1139 623 1256 672 tiffima
1282 624 1385 665 Viris,
1400 623 1503 662 ,etiam
1529 621 1758 670 eruditiffimis,
1784 620 1840 667 elle
1863 634 1915 656 ar-

1134 680 1283 721 gumenta
1298 685 1318 707 a
1332 670 1558 717 consequentia:
1573 670 1635 717 sed
1639 670 1758 718 fallaci
1784 669 1848 705 ima
1865 682 1912 705 es·

1127 722 1188 769 se,
1205 719 1247 761 δέ)
1261 722 1406 756 evitanda
1423 721 1470 754 his
1485 722 1537 766 qui
1554 721 1596 755 ad
1611 721 1728 755 laudem
1746 731 1826 754 verae
1843 731 1912 755 eru·

1139 771 1263 806 (litionis
1280 770 1457 817 adspirant,
1474 770 1620 815 exemplis
1629 770 1846 816 pulcherrimis
1860 769 1912 803 de·
1956 771 1961 773 ⁷

1138 818 1359 867 monstratum:
1378 817 1478 862 simul
1493 819 1632 864 expedita
1649 819 1803 864 quaedam,
1822 824 1914 863 atque

1136 871 1238 904 eadem
1255 869 1419 909 intricata,
1436 866 1531 911 Juris
1546 868 1658 902 Civilis
1677 868 1788 912 capita.
1839 876 1913 910 472

1039 917 1140 955 VIII.
1156 917 1247 952 Pauli
1263 918 1282 952 l.
1299 929 1331 960 4.
1353 917 1394 951 D.
1418 916 1453 949 de
1470 914 1662 961 agnoscendis
1681 913 1722 954 ὃ)
1739 916 1856 951 alendis
1873 916 1911 948 li-

1138 968 1214 1002 beris
1231 977 1325 1000 novus
1341 962 1382 1004 &²
1400 975 1490 998 verus
1505 965 1681 999 intellecius.
1838 972 1911 1007 475

1045 1017 1109 1053 ΙΧ.
1135 1014 1358 1050 constitutam
1375 1011 1704 1048 animadversionem
1721 1013 1807 1058 cujus
1824 1024 1909 1047 men-

1138 1066 1179 1099 tio
1191 1063 1233 1110 fit
1248 1064 1275 1099 d.
1295 1064 1315 1098 l.
1333 1073 1365 1097 2.
1388 1062 1418 1097 C.
1435 1061 1469 1095 de
1485 1060 1659 1106 infantibus
1673 1060 1831 1106 expofitis,
1852 1073 1911 1095 non

1136 1113 1255 1149 aliunde
1274 1111 1450 1157 petendam,
1477 1122 1567 1156 quam
1591 1121 1630 1145 ex
1646 1110 1666 1144 l.
1692 1112 1723 1145 8.
1745 1110 1777 1144 C.
1803 1110 1856 1144 Ad
1870 1110 1913 1144 le-

1133 1175 1204 1209 gem
1225 1161 1390 1195 Corneliam
1409 1161 1443 1195 de
1454 1158 1587 1204 ficariis.
1620 1159 1753 1203 Uterque
1771 1158 1851 1192 locus
1866 1158 1912 1191 di-

1138 1212 1268 1256 ligenter
1288 1206 1329 1247 ἐξ
1343 1209 1430 1253 plene
1450 1206 1602 1253 expositus
1615 1233 1628 1250 ,
1654 1208 1777 1252 rejec‘iis
1795 1207 1910 1252 Jacobz'

1139 1259 1256 1306 Cujacii
1272 1284 1281 1300 ,
1314 1256 1429 1302 Jacobi
1452 1257 1623 1299 Rcevardi,
1649 1255 1853 1301 aliorumque,
1879 1267 1911 1289 o-

1131 1308 1312 1353 pinionibus.
1828 1303 1911 1339 ibid.

1061 1356 1106 1393 X.
1134 1358 1185 1392 De
1209 1357 1367 1402 praeceptis
1385 1355 1490 1400 juris:
1519 1351 1560 1393 ἐξ
1581 1352 1737 1399 quosensu
1757 1352 1910 1399 Ulpianus

1134 1406 1154 1441 I.
1177 1415 1229 1439 10.
1247 1402 1275 1450 §.
1295 1414 1324 1439 1.
1345 1405 1387 1438 D.
1416 1403 1450 1437 de
1467 1402 1604 1449 Jastitia
1620 1400 1661 1442 ἐξ
1678 1402 1763 1447 Jure
1775 1402 1908 1444 dixerit,

1136 1453 1222 1500 Juris
1238 1461 1409 1497 praecepta
1423 1451 1497 1486 haec
1511 1450 1595 1494 esse,
1613 1449 1754 1485 honeste
1770 1450 1908 1494 vivere,

1135 1503 1275 1537 alterum
1294 1511 1361 1535 non
1375 1499 1515 1543 laedere,
1533 1499 1625 1534 suum
1646 1499 1769 1544 cuique
1784 1499 1907 1534 tribue·

1135 1563 1180 1586 re.
1234 1549 1274 1583 Et
1302 1549 1440 1594 quomodo
1464 1560 1501 1583 ea
1527 1548 1759 1594 distinguantur
1783 1559 1803 1580 a
1821 1547 1907 1594 legis

1133 1600 1258 1634 virtute
1274 1610 1363 1644 quam
1381 1596 1569 1643 Modestinus
1590 1597 1609 1631 l.
1622 1607 1654 1641 7.
1675 1597 1719 1632 D.
1740 1597 1773 1630 de
1791 1597 1908 1642 legibus

1130 1648 1177 1684 ait
1199 1646 1274 1693 qffe,
1302 1646 1492 1693 Imperare,
1521 1654 1658 1688 vetare,
1685 1645 1906 1690 permittere,

1131 1707 1262 1741 punire.
1832 1702 1903 1738 477

1029 1745 1091 1782 XI.
1120 1744 1295 1790 Aliquando
1313 1744 1450 1786 evenire,
1465 1741 1688 1789 mitescentibus
1692 1743 1845 1789 paulatim
1856 1744 1906 1777 ho-

1129 1796 1247 1830 minum
1259 1793 1416 1839 ingeniis‚·
1432 1800 1464 1826 ut
1478 1803 1540 1837 quae
1553 1799 1626 1826 ante
1634 1799 1722 1826 erant
1731 1793 1762 1826 in
1773 1801 1906 1838 pracep-

1126 1846 1184 1885 tis,
1205 1843 1310 1877 deinde
1325 1842 1367 1875 ad
1374 1841 1469 1886 Juris
1485 1840 1608 1887 regulas
1626 1839 1796 1887 transeant,
1823 1841 1905 1887 Ejus

1126 1894 1171 1928 rei
1186 1891 1356 1935 'exemplum
1371 1901 1516 1936 perquam
1534 1890 1657 1934 elegans
1673 1888 1729 1935 effi
1747 1890 1779 1923 in
1792 1888 1903 1935 exptfi-

1129 1943 1223 1981 tione,
1247 1938 1287 1979 &³
1304 1951 1389 1981 nece,
1410 1949 1512 1973 recens
1527 1939 1594 1972 nati
1607 1937 1762 1984 infantis:
1780 1939 1852 1972 item
1871 1939 1903 1972 in

1125 1989 1336 2036 procuratione
1357 1989 1489 2021 abortus.
1542 1987 1676 2036 aeQuando
1697 1987 1818 2031 coeperit
1840 1987 1902 2020 cri-

1127 2050 1193 2072 men
1221 2037 1355 2070 abortivi
1379 2036 1455 2081 quod
1474 2034 1582 2068 mulier
1605 2033 1668 2080 ipsa
1681 2034 1746 2079 fibi
1754 2032 1899 2079 faceret,

1123 2087 1238 2132 puniri.
1273 2085 1317 2118 Et
1332 2095 1371 2117 an
1390 2095 1409 2117 a
1426 2082 1589 2130 constituta
1604 2084 1631 2116 ei
1642 2092 1730 2128 poena
1747 2084 1827 2116 reete
1835 2081 1899 2128 fiat

1125 2140 1340 2179 argumentum
1364 2132 1406 2165 ad
1416 2140 1534 2176 poenam
1553 2130 1686 2174 infantis
1702 2130 1897 2176 expositioni,

1123 2189 1178 2216 aut
1195 2182 1275 2219 neci,
1299 2179 1452 2225 positam?
1478 2179 1548 2214 Non
1562 2180 1672 2215 videri.
1707 2180 1895 2214 Marcianus

1126 2228 1166 2269 ἐξ
1180 2229 1390 2276 Tryphoninus
1399 2228 1524 2274 expositi
1541 2229 1558 2261 l.
1569 2229 1676 2273 39.D.
1686 2229 1720 2263 de
1730 2225 1898 2273 poenis,&
1915 2235 1919 2239 ”

1125 2280 1145 2314 l.
1157 2288 1190 2321 4.
1214 2280 1254 2313 D.
1274 2278 1307 2312 de
1325 2277 1578 2311 extraordinariis
1591 2277 1776 2311 criminibus.
1802 2276 1901 2311 Aliud

1121 2327 1291 2372 exemplum
1310 2327 1341 2358 in
1349 2323 1597 2372 fideicommiffis.
1651 2325 1747 2360 Aliud
1764 2326 1795 2359 in
1809 2324 1894 2368 tesii-

1124 2376 1221 2410 monio
1230 2373 1370 2421 familiae
1388 2375 1527 2420 emptoris
1544 2371 1585 2413 &
1599 2375 1722 2409 heredis.
1765 2374 1846 2408 Item
1862 2373 1893 2407 in

1123 2422 1263 2469 beneficio
1283 2423 1396 2456 ordinis
1415 2423 1491 2468 quod
1505 2421 1725 2468 fidejuffiiribus
1745 2421 1892 2467 competit.

1123 2473 1261 2517 Denique
1285 2472 1315 2504 in
1327 2470 1579 2517 stipulationibus
1601 2469 1642 2510 ὅ)
1654 2468 1894 2517 promiffionihus

1118 2521 1244 2568 jocandi
1266 2519 1365 2554 animo
1378 2520 1492 2567 fabiis.
1543 2520 1696 2554 Notabilis
1720 2517 1893 2565 dffirentia

1124 2570 1205 2603 inter
1229 2568 1410 2603 Praetoriam
1437 2566 1478 2608 δέ)
1495 2567 1664 2614 Censcn‘iam
1684 2568 1894 2613 cognitionem.

1085 2635 1088 2638 ⁴
1127 2617 1262 2654 Varroni
1277 2617 1331 2651 lux
1347 2618 1408 2653 loco
1427 2618 1549 2664 egregio
1564 2614 1605 2656 &³
1622 2613 1749 2664 obscuro.
1822 2624 1892 2659 4T9

1680 3217 1882 3254 GERAR-
