2108 3479
584 109 901 147 Peoniimtiuit
951 110 1079 158 Joms

166 205 199 237 de
215 200 355 236 tutoribus
371 198 445 231 datis
461 199 497 230 ab
513 197 577 232 his.-
593 198 707 240 quibus
727 199 807 231 locis
825 199 902 232 nihil
916 197 1025 231 obscu-

166 248 248 285 rius,
273 244 324 276 ubi
340 240 507 281 disjuncta:
531 250 625 282 negat
641 244 725 273 enim
739 240 945 280 justinianus,
978 249 1026 272 tu-

166 295 267 320 torem
294 290 387 315 certae
406 282 449 313 rei
477 282 528 314 vel
553 282 652 313 causae
679 283 761 313 dari:
785 291 816 312 at
840 283 925 314 idem
945 282 1024 314 affir-

165 327 526 362 matHermogenianus.
551 333 569 355 e
585 325 748 355 conti-ario
764 323 825 354 illis
847 323 924 355 nihil
943 332 1025 355 tran-

166 368 308 411 quillius,
330 365 352 396 fi
370 365 553 411 conjuneta:
586 365 724 411 regulam
745 366 828 396 enim
852 365 947 411 habet
967 365 1026 396 lm-

163 417 308 452 perator3
330 407 591 452 consuetudinem
608 405 875 446 jurisconsultum
902 406 952 438 ied
971 415 1027 452 po-

160 449 321 483 steriorem
339 471 348 485 ,
381 447 434 479 sed
456 448 577 479 utilem.
619 447 696 479 Non
723 448 845 479 iolvci·e
864 447 949 486 hoc,
982 457 1027 479 in-

160 492 247 531 quis,
272 489 316 521 cst
333 489 473 527 nodum,
497 488 549 520 sed
568 489 747 530 implicare:
772 498 842 520 nam
867 498 939 520 cuin
957 498 1024 519 om·

159 533 212 564 nia
228 529 278 561 sua
296 530 411 561 fecerit
428 530 623 570 Imperator,
640 529 764 561 neceffe
780 529 842 568 est,
860 537 923 561 tam
941 529 1023 561 suam

159 572 268 604 fecisse
286 572 422 612 regulam
435 595 445 610 ,
469 581 563 612 quam
581 572 854 603 consuetudinem.
903 571 1023 603 Vei-iim

159 615 191 646 id
210 613 272 652 est,
295 613 362 653 (iic
382 614 464 644 enim
485 623 547 654 ego
566 613 673 653 puto)
695 622 750 644 cur
769 612 877 651 potius
894 613 1024 653 conjun-

157 656 259 696 genda
274 654 408 695 singula,
424 663 517 694 quam
534 654 676 686 universa
693 654 861 685 dividenda
873 677 881 691 ,
896 655 1023 685 videan-

158 705 226 728 tur:
251 705 356 736 neque
375 696 458 727 enim
484 703 605 727 temere
623 696 652 726 in
682 695 744 726 hoc
765 694 925 734 Justiniani
945 704 1022 736 ope-

157 747 192 769 re
219 737 376 776 captanda
398 736 443 768 est
464 736 596 774 suspicio
623 737 886 768 contradictionis
906 747 913 767 :
952 746 1022 776 qua:

155 778 177 811 fi
195 778 266 810 alibi
284 776 414 809 absurda
426 801 435 816 ,
459 787 610 818 praeterea
627 779 658 810 in
685 778 805 819 legibus
825 777 1021 818 periculosa,

157 819 225 850 est:
257 819 394 859 denique
424 821 454 850 in
482 819 650 860 propositis
672 819 838 859 speciebus
857 842 867 856 ,
895 828 960 850 non
979 820 1021 850 di-

155 870 242 899 cam,
266 861 370 899 potest
384 862 495 892 evitari
514 861 686 892 commode
704 883 713 896 ,
743 859 796 891 sed
817 859 879 891 fine
902 861 1020 891 calum-

156 903 206 934 nia
226 911 289 932 non
316 901 420 942 potest
441 901 531 932 statui
551 912 559 932 :
592 901 645 933 nili
665 902 734 942 quis
754 902 794 932 de
818 900 1021 941 Imperatoris

156 942 310 974 sententia
336 950 401 975 tum
432 944 527 974 etiam
558 943 766 974 dubitandum
798 942 906 974 censet
925 953 935 978 ‚·
968 943 1021 973 ubi

155 983 238 1023 ipse,
263 985 338 1024 quid
357 985 484 1023 sentiat,
508 985 654 1023 exponit.

143 1025 227 1067 seqq.
259 1025 301 1057 D.
327 1027 359 1057 de
389 1025 604 1067 testamentaria
635 1025 726 1057 tutela
757 1024 1021 1057 consuetudinem

851 1134 1063 1171 CAPUT

1133 111 1308 149 Civitis
1359 114 1447 151 Lii3.
1500 115 1524 151 Ι.
1914 128 1936 161 5

1069 201 1152 233 lianc
1174 212 1246 235 cuin
1262 204 1369 244 regula
1388 203 1573 245 conjungit3
1596 201 1648 233 scd
1667 203 1708 235 ita
1721 227 1730 243 ,
1762 210 1797 235 ut
1820 204 1937 245 rcgulae

1071 245 1134 274 vim
1158 254 1194 275 ac
1220 248 1411 285 pote-itatem
1432 249 1575 277 moribus
1603 243 1736 277 solutam
1757 245 1819 277 esse
1842 255 1936 286 appa-

1070 293 1145 316 reat.
1170 285 1211 316 iic
1226 286 1309 318 enim
1329 295 1369 317 ex
1397 284 1537 325 Ulpiano
1553 310 1562 326 ‚
1591 295 1632 317 ex
1656 286 1838 327 Pomponio
1854 310 1864 325 ,
1895 296 1937 318 ex

1069 326 1255 366 Marciano,
1279 327 1394 358 scribit.
1438 328 1589 360 ceriarum
1609 336 1704 358 rerum
1722 329 1768 359 vel
1782 330 1936 365 causarum

1069 366 1231 407 testamento
1257 375 1335 399 tutor
1360 368 1424 399 clari
1447 378 1504 400 non
1526 366 1614 410 potest
1631 393 1640 407 ‚
1670 379 1721 400 uec
1742 369 1870 400 deuictus
1892 380 1936 400 re·

1069 410 1119 439 bus
1136 432 1145 447 ‚
1179 408 1251 447 &fi
1269 412 1354 440 clatus
1366 410 1462 449 fuerit
1480 433 1489 448 ‚
1523 416 1583 441 tota
1608 412 1686 441 datio
1705 411 1777 441 nibil
1800 412 1936 448 valebit,

1068 451 1136 491 quia
1151 452 1293 490 perfinire,
1317 461 1373 482 uon
1388 453 1428 481 rei
1442 452 1489 482 vel
1504 452 1594 489 causae
1611 457 1688 482 tutor
1702 454 1800 483 [latur.
1844 452 1877 482 Si
1893 458 1936 482 ta-

1068 501 1131 522 men
1147 498 1226 522 tutor
1240 493 1323 523 cietur
1340 494 1381 523 rei
1398 493 1548 530 Africauae
1562 493 1609 523 vel
1626 495 1667 523 rei
1685 494 1853 534 Syriaticae,
1877 494 1936 523 uti-

1069 533 1102 562 lis
1118 534 1195 563 (latio
1211 532 1267 574 esi:
1294 535 1343 564 boe
1361 535 1435 563 euim
1446 534 1515 575 jure
1532 537 1654 565 utimur.
1698 535 1807 565 Simile
1826 543 1934 565 exem-

1067 574 1155 613 plum
1171 575 1311 606 occurrit
1327 575 1356 605 in
1372 574 1638 615 acceptilatione:
1658 585 1728 607 nam
1745 584 1935 616 quamquam

1067 615 1212 653 constet,
1236 617 1516 656 acceptilationem
1540 616 1602 647 elle
1626 616 1728 648 aecum
1754 617 1935 658 legitimum

1065 656 1084 687 l.
1104 666 1152 696 ῃ.
1184 656 1224 687 D.
1251 659 1284 687 de
1304 657 1410 699 regulis
1434 657 1528 699 juris,
1562 657 1690 689 civilem
1716 657 1906 689 solutionem
1923 681 1934 696 ,

1066 707 1132 728 non
1158 699 1331 729 naturalem
1350 699 1368 729 l.
1391 707 1455 739 107.
1480 697 1522 729 D.
1543 698 1795 739 desolationibus;
1826 706 1934 730 tamen

1066 737 1181 770 Graece
1208 739 1313 779 potest
1339 738 1425 778 fieri,
1457 740 1486 771 ἃ
1507 740 1622 771 tollere
1645 739 1830 770 honorarias
1855 739 1935 770 obli-

1064 789 1229 820 gationes,
1255 782 1282 811 ὥς
1301 779 1421 812 sei-vum
1437 789 1575 821 accepto
1593 781 1744 812 liberare:
1776 783 1849 820 quia
1869 781 1933 812 hoc

1061 822 1128 860 jure
1144 822 1280 859 utimur,
1304 829 1338 852 ut
1353 821 1433 861 juris
1450 822 1605 853 Gentium
1624 822 1659 853 fit
1682 822 1888 862 acceptilatio
1911 823 1932 854 l.

1077 870 1099 893 i.
1120 861 1149 902 ᾗ.
1167 863 1222 893 ult.
1250 862 1290 893 D.
1310 864 1342 893 de
1360 863 1581 903 acceptilatione.
1624 863 1775 895 Similiter
1794 873 1934 894 connec-

1065 905 1159 933 tenda
1176 903 1220 934 est
1242 903 1261 934 l.
1286 913 1333 945 23.
1360 904 1400 935 D.
1419 906 1451 934 cle
1465 904 1554 944 pactis
1576 914 1649 936 cum
1671 905 1690 936 l.
1707 915 1723 936 2
1751 928 1758 935 .
1781 904 1809 945 §.
1835 915 1861 935 2.
1889 904 1928 936 D.

1064 946 1121 974 eod.
1145 945 1190 975 tit.
1215 953 1255 975 ne
1278 946 1328 975 cui
1345 946 1436 977 dolus
1463 945 1531 978 suus
1548 955 1607 987 per
1632 955 1710 977 occa
1726 955 1833 977 ionem
1851 945 1932 986 Juris

700 984 796 1024 Atqui
815 985 845 1015 in
868 984 886 1014 l.
913 993 958 1015 12.
986 983 1023 1017 ὅ)
1065 984 1176 1016 Civilis
1193 985 1300 1024 proiit.
1315 986 1334 1017 l.
1354 996 1378 1018 i.
1397 986 1425 1028 §.
1451 996 1478 1019 i.
1502 987 1545 1021 D.
1569 989 1602 1019 de
1625 988 1682 1019 doli
1698 988 1768 1019 mali
1787 987 1822 1022 &⁹
1840 992 1932 1019 metus

1063 1027 1235 1067 exceptione.

1122 1136 1230 1171 III.

155 1243 187 1270 1.
225 1234 487 1282 „Qieiiiacliiioduriz
517 1233 722 1279 accipiendum
732 1231 779 1277 fit
794 1260 802 1275 ,
836 1233 913 1279 quod
925 1232 1104 1278 *saepiuscule
1130 1234 1245 1280 legitur
1268 1235 1350 1280 apud
1370 1234 1481 1282 nistros
1497 1263 1506 1278 ‚
1529 1234 1717 1279 servitutem
1732 1235 1842 1281 proedii
1872 1245 1929 1269 uon

219 1281 299 1328 piffi
310 1283 419 1328 prcedii
435 1280 640 1328 neceffitatem
657 1283 807 1317 excedere.

221 1330 334 1365 diorum
359 1330 550 1378 rusticorum.

604 1342 635 1374 ἢ.
649 1330 845 1377 'Illustratur
872 1332 998 1378 Ulpiani
1020 1331 1099 1366 lucus
1124 1330 1318 1378 perobscurus
1335 1334 1366 1366 iiz
1382 1333 1401 1366 l.
1425 1345 1452 1369 Ι.
1474 1332 1492 1379 §

860 1293 890 1316 2.
924 1283 1105 1327 Fxplicatur
1124 1283 1305 1327 Pomponius
1328 1285 1360 1317 iu
1394 1286 1414 1318 l.
1436 1294 1489 1328 24.
1511 1285 1555 1319 D.
1577 1285 1611 1318 de
1624 1284 1833 1330 servitutibus
1853 1294 1932 1328 prce-

1497 1361 1501 1365 .
1526 1336 1578 1367 16.
1606 1334 1648 1368 D.
1677 1335 1712 1368 de
1730 1344 1808 1378 aqua
1833 1333 1932 1377 quoti-

219 1379 314 1414 diana
329 1377 369 1419 ἐξ
386 1379 506 1426 aestiva.
557 1368 761 1422 4.⁸Aliorum
776 1381 812 1414 de
837 1392 869 1414 eo
881 1379 1045 1426 sententia
1060 1378 1254 1425 refelluntur.
1303 1391 1337 1424 5.
1366 1380 1514 1427 Africam
1537 1393 1629 1416 verus
1639 1380 1750 1428 seusus
1769 1385 1800 1415 in
1832 1382 1851 1415 I.
1873 1390 1929 1425 33.

224 1427 252 1475 §.
284 1439 312 1462 1.
340 1430 384 1464 D.
412 1429 447 1462 de
460 1427 668 1473 servitutibus
689 1429 873 1471 praediorum
900 1429 1094 1475 riulicorum.

363 1489 394 1521 7.
420 1477 605 1522 Explicatur
625 1477 778 1521 Ulpianus
804 1480 835 1510 in
854 1477 874 1512 l.
898 1488 928 1511 1.
947 1476 974 1524 §.
999 1488 1052 1511 11.
1082 1474 1123 1516 ἐξ
1130 1476 1196 1523 seq.
1227 1478 1268 1512 D.
1295 1479 1330 1513 de
1346 1490 1425 1523 aqua
1452 1480 1626 1525 quotidiana
1645 1477 1687 1519 {9⁹
1710 1479 1818 1525 aestiva
1838 1505 1846 1521 ,
1889 1474 1933 1517 ὅ)

800 1529 830 1562 8.
859 1525 1025 1560 Laudatur
1045 1525 1332 1572 Cujaci'isenteiztia
1351 1528 1419 1562 inl.
1438 1539 1473 1571 5.
1501 1527 1531 1574 §.
1555 1539 1584 1563 1.
1602 1529 1645 1562 D.
1670 1528 1704 1561 de
1724 1526 1933 1573 servitutibus

221 1489 241 1511 a
263 1489 309 1512 ua.

221 1488 405 1570 Iamponius
422 1527 452 1559 iu
469 1526 488 1561 l.
507 1537 538 1570 3.
558 1526 597 1561 D.
618 1520 679 1560 e'ozl.
698 1526 747 1559 tit.

215 1575 398 1621 praediorum
418 1570 610 1621 rusticorum.
661 1585 695 1617 9.
727 1573 874 1608 Teutana
898 1575 1049 1620 restitutio
1074 1573 1116 1614 ἐξ
1133 1574 1293 1621 explicatio
1316 1575 1410 1610 Pauli
1428 1577 1460 1610 in
1488 1577 1507 1611 l.
1533 1578 1564 1610 6.
1594 1577 1637 1611 D.
1663 1577 1732 1611 diet.
1764 1576 1809 1609 tit,

1147 1431 1179 1464 6.
1217 1429 1402 1475 Explicatur
1427 1431 1447 1465 l.
1472 1441 1526 1465 12.
1546 1431 1576 1465 C.
1603 1431 1638 1465 de
1652 1430 1857 1475 servitutibus
1890 1427 1933 1468 {5⁹

1868 1587 1926 1611 10.

218 1624 308 1668 Jura
320 1623 520 1668 praeliorum,
547 1621 678 1668 conceffiz
698 1622 828 1668 perfinis
844 1635 949 1658 earum
966 1625 1078 1669 caffa,
1116 1631 1220 1658 utrum
1245 1624 1378 1658 habeant
1401 1627 1500 1661 vicem
1523 1625 1717 1672 obligationis
1742 1622 1932 1671 personalis,

219 1683 260 1706 au
271 1670 437 1718 peifiiizalis
445 1670 640 1718 servitutis?
666 1671 742 1706 erc
746 1671 905 1717 sententia
921 1673 1089 1719 probatur:
1105 1670 1167 1716 sed
1181 1669 1223 1711 ὃ)
1239 1672 1291 1707 illa
1306 1674 1337 1707 in
1358 1671 1387 1720 §.
1412 1683 1468 1710 11.

152 1776 178 1798 1.
293 1769 356 1800 uod
383 1767 543 1808 superiore
575 1767 638 1799 dixi
674 1768 781 1808 capite
802 1789 812 1805 ‚
849 1767 1017 1800 servitutes

306 1810 497 1848 praedioruin
539 1810 712 1849 voluptatis
760 1809 1016 1850 anioenitatisque

311 1849 399 1880 causa
428 1859 492 1881 non
522 1849 675 1880 inutiliter
706 1849 881 1888 constitui3
910 1851 1016 1880 adhuc

146 1891 252 1922 minus
278 1891 405 1929 planum
431 1889 591 1921 videbitur
614 1889 866 1922 diffentientibus
889 1888 1015 1921 Docto-

147 1932 252 1963 ribus:
274 1931 327 1963 nifi
345 1931 397 1962 hic
423 1932 517 1972 paulo
541 1931 635 1963 fufius
654 1932 833 1972 explicetur
848 1939 939 1962 vetus
957 1933 1015 1962 du-

146 1973 281 2010 bicario,
307 1980 409 2004 utrum
432 1973 562 2004 servitus
588 1972 697 2012 praedii
720 1973 799 2003 ultra
816 1972 882 2012 ejus
903 1981 1014 2003 neces-

146 2013 269 2045 fluitem
291 2014 420 2045 extendi
442 2014 542 2054 possit.
578 2023 674 2045 nemo
693 2014 778 2045 enim
798 2014 935 2050 dixerit,
968 2013 1016 2044 ob¹

146 2055 362 2086 amoenitatem
395 2055 515 2096 pi-cedio
544 2055 604 2086 rite
639 2055 760 2094 imponi
799 2054 1010 2092 servitutem,

147 2105 218 2135 quae
235 2097 314 2127 ulti-a
332 2097 395 2136 ejus
414 2097 629 2128 iieceffitatem
655 2095 773 2136 porrigi
798 2096 928 2135 nequit:
958 2095 1011 2127 nili

143 2137 229 2168 idem
255 2138 362 2177 przedii
389 2138 605 2169 neceffitatein
632 2146 706 2168 cum
731 2137 918 2168 amoenirate
936 2146 1010 2168 con.

146 2177 340 2210 fundendam
364 2179 425 2211 effe
454 2179 636 2210 existimet:
670 2178 758 2218 quod
781 2188 846 2209 non
871 2180 1010 2210 videtur.

147 2219 209 2250 Sed
228 2221 301 2259 quid
321 2220 390 2251 est?
413 2221 582 2252 dividenda
598 2221 706 2261 regula
726 2229 742 2251 a
759 2219 1010 2258 coniuctudine,

148 2270 219 2301 quae
242 2263 360 2303 regulae
384 2262 558 2302 derogavit.
605 2261 724 2292 Placuit
741 2284 751 2298 ,
784 2261 895 2301 praedii
917 2260 1010 2292 servi·

147 2309 249 2333 tutem
274 2303 339 2343 ejus
367 2304 550 2335 neceffitate
575 2303 762 2333 terminari:
795 2303 825 2333 <Sc
856 2301 902 2333 est
929 2303 1008 2333 ratio

149 2341 361 2375 definitionis:
386 2346 456 2382 quia
475 2344 633 2375 servitutis
658 2344 741 2376 nulla
764 2343 808 2374 est
833 2342 963 2376 servitus
987 2345 1007 2375 l.

148 2393 175 2415 1.
192 2383 234 2414 D.
253 2386 285 2414 de
307 2386 359 2421 usu
386 2385 422 2419 ἐξ)
448 2385 592 2422 ulufruit.
607 2385 694 2425 legat.
720 2386 884 2425 denique,
915 2385 1008 2416 sei-vi-

146 2432 230 2455 tutes
251 2427 437 2466 praediorum
461 2426 606 2467 suntjui·a
621 2426 813 2466 praediorum
828 2449 837 2465 ‚
869 2436 933 2457 non
951 2426 1006 2457 ho-

146 2467 266 2498 minum
290 2468 309 2499 l.
326 2473 355 2498 o.
374 2467 409 2540 ᾖ)
425 2478 452 2499 2.
467 2467 503 2502 &⁹
518 2479 546 2508 ξς.
568 2467 608 2498 D.
633 2468 666 2498 Si
676 2468 809 2507 servitus
831 2468 1007 2498 vindicetur.

147 2507 167 2538 l.
185 2515 232 2539 20.
251 2508 280 2550 §.
298 2509 350 2539 uu.
412 2533 420 2540 .
438 2511 469 2540 cle
481 2509 677 2549 *servitutibus
695 2510 869 2548 praediorum
891 2507 1008 2548 rustico-

145 2559 228 2580 rum:
251 2552 281 2581 oc
299 2551 373 2581 ideo
392 2551 539 2582 dicuntur
556 2550 672 2590 praedia
691 2550 825 2590 qualiter
843 2549 873 2581 se
893 2551 1008 2580 liaben-

146 2590 208 2628 tia;
233 2591 262 2621 id
282 2591 344 2630 est,
376 2593 544 2632 qualitates
569 2591 711 2630 quaedam
732 2591 857 2630 praediis
877 2592 1010 2631 perinde

145 2631 358 2670 inhaerentes,
382 2633 426 2663 uti
444 2632 492 2664 his
511 2633 691 2669 salubritas,
715 2632 842 2666 bonitas
860 2656 870 2669 ,
901 2633 1009 2672 ampli·

146 2674 245 2711 tudo,
267 2674 422 2705 inhaerent
438 2675 456 2704 l.
474 2679 523 2709 86.
543 2674 585 2705 D.
605 2674 638 2705 de
653 2675 802 2703 verborum
817 2672 1008 2714 significatio-

147 2721 189 2741 ne.
213 2714 232 2744 l.
254 2724 297 2754 12.
319 2715 360 2746 D.
377 2716 625 2760 Quemadmodum
636 2715 794 2754 servitutes
817 2716 1006 2746 aiiiittuiztur.

147 2751 227 2784 Haec
252 2757 366 2798 regula.
403 2757 476 2797 ‘Sed
501 2756 641 2797 regulam
670 2756 816 2787 limitavit
839 2756 1007 2786 consuetu-

149 2793 219 2839 ‹iot‘
232 2799 386 2835 maxime,
410 2797 430 2829 fi
449 2798 480 2830 id
498 2799 584 2837 quod
601 2796 693 2828 fundi
717 2797 931 2829 necessitatem
955 2807 1009 2829 ex-

148 2834 268 2879 cedit,
298 2846 349 2868 aut
385 2838 472 2871 usum
505 2839 600 2871 habet
626 2838 816 2873 innoxium,
855 2846 908 2869 aut
937 2847 1008 2879 pac-

149 2882 187 2920 tis
217 2879 384 2920 conventis
420 2881 538 2911 nititur.
594 2878 647 2910 Est
684 2888 762 2910 vei-o
797 2879 862 2919 ejus
891 2889 1007 2920 excep-

148 2922 245 2946 tionis
269 2917 383 2958 duplex
404 2921 510 2952 ratio:
542 2930 601 2952 una
618 2944 626 2959 ‚
659 2921 745 2959 quod
769 2922 846 2951 nibil
873 2921 918 2951 est
945 2930 1007 2952 tam

146 2965 322 2997 congruum
347 2958 585 2993 fideihurnanae
602 2985 611 2999 ,
642 2970 736 3001 quam
767 2971 803 2992 ea
828 2972 897 3001 qua:
926 2962 1009 2993 inter

145 3006 200 3027 cos
219 2999 421 3037 placuerunt,
443 3001 573 3034 servari:
596 3004 712 3039 altera,
736 3003 822 3041 quod
839 3012 933 3034 nemo
950 3013 1007 3044 po-

146 3037 237 3069 stulat
255 3040 441 3071 invidiosum
457 3043 522 3081 jus,
546 3046 633 3082 quod
652 3043 704 3074 fibi
723 3044 924 3083 profuturum
942 3046 1005 3084 cst,

146 3080 174 3109 δι
198 3080 285 3111 alteri
312 3091 375 3112 non
394 3085 592 3114 nociturum:
614 3085 746 3124 utique,
770 3086 914 3124 malitiis,
940 3087 1003 3126 oui·

146 3120 203 3152 bus
227 3122 304 3154 nihil
328 3123 446 3154 laturus
468 3124 537 3163 quis
555 3125 599 3155 est
618 3149 627 3163 ‚
658 3125 711 3156 nili
728 3133 761 3156 ut
777 3127 865 3157 alteri
886 3127 1006 3159 officiat

145 3162 175 3191 «St
198 3162 320 3201 obstet,
345 3165 569 3205 indulgendum
586 3175 649 3197 non
673 3166 753 3205 effe,
790 3169 884 3199 etiam
907 3170 1003 3209 aequi-

146 3209 192 3234 tas
211 3203 337 3246 suadet3
360 3204 413 3237 etii
435 3207 504 3246 jure
518 3206 720 3240 deficiamur:
753 3216 787 3240 ut
813 3209 894 3241 infra
911 3211 1003 3243 latius

1050 1754 1212 1801 'ti-aditum
1227 1769 1333 1810 capite
1347 1769 1484 1810 septimo
1505 1781 1514 1808 ;
1546 1771 1576 1802 ἃ
1595 1771 1634 1802 ab
1651 1771 1794 1811 Ulpiano
1812 1770 1932 1802 indica-

1061 1817 1129 1856 tum
1157 1812 1189 1841 in
1215 1810 1234 1843 l.
1266 1820 1290 1842 1.
1312 1811 1341 1852 §.
1370 1812 1424 1844 ult.
1451 1812 1488 1847 δ”
1513 1812 1532 1844 l.
1555 1823 1585 1854 3.
1603 1819 1653 1853 pr.
1681 1812 1717 1847 &²
1735 1812 1763 1854 §.
1782 1822 1811 1844 2.
1836 1811 1880 1844 D.
1896 1813 1931 1843 de

1057 1859 1140 1881 rivis.
1866 1869 1869 1878 κ

1097 1900 1127 1922 2.
1150 1888 1224 1921 Nec
1245 1899 1400 1932 repugnat
1423 1892 1488 1924 hoc
1513 1893 1685 1935 Pomponii
1711 1894 1742 1926 in
1766 1896 1785 1926 l.
1812 1902 1861 1934 24.
1883 1892 1931 1926 D.

1057 1932 1090 1961 de
1095 1933 1290 1969 servitutibus
1304 1935 1476 1970 praediorum
1494 1934 1676 1974 rusticorum.

1096 1972 1148 2003 Ex
1174 1982 1231 2003 meo
1255 1974 1424 2013 aquaductu
1447 1975 1542 2006 Labeo
1557 1978 1660 2016 scribit
1678 1999 1686 2015 ‚
1717 1976 1832 2007 cuilibet
1852 1975 1930 2017 poffe

1115 2022 1158 2044 me
1175 2014 1272 2044 vicino
1291 2017 1470 2047 commodare.
1520 2017 1665 2049 Proculus
1682 2023 1782 2049 contra
1799 2041 1809 2057 ,
1842 2024 1875 2048 ut
1892 2027 1928 2048 ne

1115 2056 1146 2085 iit
1171 2064 1262 2086 meam
1280 2062 1394 2095 partem
1409 2058 1503 2097 fundi
1524 2058 1613 2091 aliam
1630 2082 1639 2097 ,
1669 2069 1756 2100 quain
1779 2061 1817 2090 ad
1839 2069 1928 2100 quam

1106 2098 1240 2135 servitus
1263 2097 1407 2138 aa'quifita
1431 2096 1471 2139 est
1491 2123 1501 2139 ,
1531 2102 1577 2132 uti
1606 2110 1639 2132 ea
1663 2099 1756 2141 poffit.
1804 2099 1926 2132 Proculi

1108 2138 1253 2176 sententia
1274 2140 1368 2169 verior
1383 2138 1431 2179 cst.

1054 2176 1108 2209 Est
1126 2179 1210 2209 enim
1234 2179 1417 2219 Pomponio
1438 2182 1544 2213 vei-ior
1560 2182 1730 2215 Proculus:
1762 2191 1833 2213 cum
1858 2191 1925 2214 non

1053 2220 1228 2250 intervenit
1243 2221 1387 2260 paetum,
1411 2230 1446 2253 ut
1461 2224 1555 2255 liceat
1579 2224 1667 2255 alteri
1692 2225 1926 2262 commodare,

1054 2261 1084 2292 ὃς
1099 2261 1226 2292 interim
1251 2261 1398 2294 servienti
1421 2264 1524 2295 fundo
1542 2273 1641 2296 nocet
1668 2275 1757 2306 aquae
1780 2274 1926 2296 commo-

1052 2303 1170 2333 datum.
1203 2311 1352 2335 caeterum
1376 2303 1397 2335 fi
1423 2305 1586 2337 innoxium
1603 2305 1639 2337 fit
1660 2307 1924 2345 commodatum,

1052 2344 1273 2389 autUalioquin
1300 2346 1425 2385 paetum
1453 2347 1493 2377 de
1517 2348 1758 2379 commodando
1780 2349 1923 2378 interve·

1053 2392 1153 2422 nerit;
1177 2385 1362 2425 Pomptino
1388 2388 1495 2419 verior
1515 2389 1641 2420 videtui·
1660 2388 1781 2420 Labeo.
1814 2390 1876 2428 ita,
1899 2388 1924 2420 fi

1052 2427 1091 2456 ad
1120 2426 1231 2456 subtile
1260 2428 1479 2460 examinentur
1499 2428 1637 2470 fingula;
1671 2430 1809 2461 Proculo
1833 2439 1924 2461 acce-

1052 2467 1098 2498 dit
1120 2467 1336 2508 Pomponius:
1362 2469 1404 2500 fin
1422 2471 1460 2500 ad
1477 2473 1659 2510 aequitatem
1678 2471 1708 2502 &
1726 2470 1832 2510 usum3
1856 2481 1922 2502 ina-

1051 2509 1099 2548 gis
1124 2508 1281 2540 Labeoni.
1325 2510 1464 2542 Indicavi
1499 2512 1669 2551 Pomponii
1697 2511 1815 2544 sensum
1844 2523 1921 2545 meo

1051 2550 1162 2581 modo.
1199 2549 1285 2581 suum
1309 2551 1430 2592 sequuti
1451 2552 1520 2583 sunt
1546 2552 1615 2584 Viri
1643 2552 1834 2593 Clarissimi,
1871 2554 1922 2594 Ja-

1052 2590 1153 2621 cobus
1180 2590 1328 2632 Cujaeius
1344 2616 1353 2631 ,
1384 2595 1421 2623 all
1444 2595 1472 2624 (i.
1501 2594 1520 2625 l.
1543 2604 1590 2634 24.
1617 2596 1650 2625 in
1674 2594 1772 2635 Posti).
1800 2602 1866 2626 tom.
1886 2606 1918 2635 4.

1046 2638 1126 2672 part.
1148 2641 1173 2663 1.
1199 2633 1227 2663 ot
1246 2633 1382 2672 jacobus
1399 2634 1566 2674 Labittiis,
1602 2636 1665 2674 Usu
1684 2642 1785 2678 quarto
1809 2636 1921 2668 Indicis

1051 2675 1088 2703 acl
1104 2673 1201 2704 Paizcl.
1219 2675 1272 2715 leg.
1289 2685 1318 2705 n.
1340 2686 1390 2716 35.
1410 2676 1505 2707 delusi
1517 2677 1687 2718 Pomponii
1707 2678 1919 2717 verbiS,Pro-

1051 2714 1134 2745 culus
1150 2721 1249 2746 contra
1268 2739 1277 2754 ,
1309 2717 1340 2748 ἃ,
1364 2718 1482 2748 Proculi
1488 2718 1635 2757 sententia
1658 2719 1754 2750 verior
1772 2717 1828 2758 est:
1852 2719 1920 2760 qui·

1052 2756 1109 2786 bus
1135 2755 1319 2788 Labeonem
1344 2758 1534 2799 reprehendi
1558 2760 1734 2791 credidere.
1775 2760 1838 2792 Sed
1863 2760 1917 2790 :ili-

1051 2805 1100 2828 ter
1117 2797 1147 2827 se
1166 2807 1214 2828 res
1231 2798 1337 2829 habet.
1356 2809 1425 2831 nani
1443 2800 1491 2831 'nae
1503 2801 1655 2841 loquendi
1672 2801 1820 2833 formulae
1832 2801 1917 2841 apud

1052 2839 1187 2870 Veteres
1203 2849 1268 2870 non
1288 2841 1398 2880 utique
1415 2840 1485 2872 sunt
1507 2843 1771 2883 reprehendentis
1793 2842 1918 2873 senten-

1051 2880 1126 2910 tiam
1158 2879 1291 2912 falsam:
1330 2882 1410 2921 saepe
1442 2882 1510 2913 sunt
1542 2884 1681 2915 nolentis
1712 2883 1829 2922 captari
1860 2893 1916 2913 ve-

1050 2931 1124 2952 ram.
1155 2922 1213 2960 id,
1245 2922 1316 2962 post
1342 2924 1410 2953 baec
1436 2925 1564 2955 tei-tium
1595 2926 1680 2956 edita
1704 2924 1824 2955 ostendi
1846 2923 1914 2954 libro

1050 2962 1208 3002 Deforma
1227 2966 1397 2995 emendandi
1422 2966 1478 2995 ‘ioli
1499 2966 1577 2997 mali.
1600 2976 1624 2996 c.
1648 2976 1670 2996 i.
1689 2966 1726 2995 (ld
1744 2964 1854 3003 fineen
1878 2975 1913 2996 u-

1049 3005 1100 3042 bi,
1131 3004 1265 3036 fi·vacat
1283 3030 1291 3043 ,
1325 3007 1407 3037 vide.
1451 3006 1581 3038 Interim
1607 3016 1670 3037 non
1697 3006 1811 3036 filebo:
1836 3006 1914 3046 (est

1049 3048 1132 3077 enim
1165 3045 1290 3078 firmum
1321 3057 1399 3078 mese
1430 3048 1701 3088 interpretationis
1735 3047 1912 3078 munimen-

1048 3088 1143 3127 tum)
1174 3089 1260 3126 quod
1285 3099 1301 3119 a
1322 3088 1474 3120 Labeone
1499 3090 1528 3120 in
1553 3088 1717 3128 proposito
1742 3088 1822 3119 adeo
1845 3099 1912 3120 non

1045 3128 1198 3160 abhorret
1217 3130 1412 3170 Pomponius
1430 3154 1439 3168 ,
1472 3138 1507 3160 ut
1524 3131 1586 3169 ejus
1610 3129 1794 3161 sententiam
1814 3133 1912 3162 mani·

1044 3170 1124 3201 feste
1150 3172 1264 3210 probet
1281 3173 1362 3211 apud
1389 3171 1528 3203 Paulum.
1548 3172 1565 3201 l.
1586 3181 1612 3202 2.
1631 3170 1672 3201 D.
1691 3173 1724 3200 tie
1747 3171 1831 3202 rivis.

1082 3222 1112 3253 3.
1136 3211 1198 3243 Sed
1224 3213 1252 3244 c&
1278 3213 1434 3284 Uipiaiiix
1458 3220 1624 3253 utramque
1649 3211 1820 3253 Pomponii
1846 3213 1911 3258 spe-

1458 3263 1476 3294 3
1826 3263 1907 3285 ciem
