2036 3495
347 102 405 138 AD
432 103 532 138 L113.·
553 101 686 139 XXIV.
712 101 771 137 '1‘1
783 112 816 137 T.
849 101 874 137 Ι.
903 101 954 136 De
973 102 1182 137 donationibus
1198 104 1279 139 inter
1296 106 1399 141 vii-um
1416 104 1458 148 ἐξ
1474 119 1609 146 uxorem.

79 191 158 233 juris
174 191 275 234 rigore.
320 191 404 222 Ante
415 198 513 231 >quam
531 191 655 237 veniam
681 190 719 222 ad
745 188 956 236 Orationem,

82 235 225 271 notabo,
246 233 332 272 Jun's
350 234 472 273 rigorem
495 234 535 264 ab
567 230 706 272 Ulpiano
732 231 785 262 hic
810 232 870 262 dici
896 239 955 270 pro

80 276 154 315 juris
170 275 291 315 regula:
313 282 408 313 quarn
427 284 467 304 eo
484 275 583 305 verbo
600 273 694 304 etiam
719 271 792 303 alibi
818 271 956 312 deiigna-

82 317 129 354 ri,
150 314 268 347 ostendi
289 314 334 346 hb.
355 323 380 346 1.
405 315 546 346 Probabit.
569 323 593 344 c.
613 323 625 345 1
663 313 692 344 &
722 312 954 358 Dehuschrufia

82 358 130 388 lib.
152 367 182 388 2.
197 366 221 387 c.
243 365 290 387 11.
317 355 393 388 Hoc
414 356 531 387 obiter.
573 353 671 386 Nunc
694 352 884 385 Orationem
910 362 953 401 yi-

83 400 222 430 deamus.
246 405 307 434 311,
340 396 392 428 Fas
419 395 487 436 effe,
510 405 575 426 eum
598 397 712 436 quidem
736 396 789 436 qai
810 396 951 433 donavit,

75 441 232 479 poerzt'zere:
254 439 381 469 herodem
395 447 461 468 vero
475 438 580 476 eripere
591 435 720 475 forsitan
740 439 879 475 ariversas
900 444 949 465 vo-

82 481 224 511 luntatem
240 479 397 519 supremam
413 478 474 519 ejus
495 479 548 518 qui
568 479 705 516 donavit,
729 479 837 507 durum
865 476 902 510 ὅ)
918 486 948 506 α-

80 532 186 552 varum
203 520 255 561 effe
307 519 398 550 Hanc
425 528 545 558 partem
572 520 682 559 prodit
709 517 862 557 Ulpianus
884 518 912 548 d.
929 517 949 547 l.

78 572 119 603 3²
148 562 174 603 §.
194 572 221 593 2.
246 559 350 592 adfert
367 562 393 590 (St
413 570 512 599 pauca
533 560 591 591 alia
615 559 781 590 Orationis
799 558 896 604 verba
919 557 948 598 §.

78 614 108 639 9.
133 607 168 638 tf?
182 603 212 645 §.
233 611 268 640 14
310 601 449 641 Apparet
462 610 567 633 autern
585 611 624 632 ex
643 601 724 638 illis,
741 601 949 646 donationem

74 645 160 675 inter
177 644 274 674 virum
292 645 319 673 &a
339 651 473 674 uxortm
490 642 603 674 factam
615 666 624 680 ,
643 643 803 673 donatoris
823 640 947 671 iilentio

77 685 276 716 confirmari:
293 682 321 720 fi
344 686 368 714 is
382 686 462 724 prior
476 686 541 715 vita
557 683 713 726 deceffierit
732 692 791 714 nec
821 684 860 712 de
886 681 948 712 hoc

72 734 247 766 quis-suam
273 725 416 763 dubitat,
447 725 620 756 traditione
644 734 661 755 a
685 733 761 769 vivo
784 722 876 753 facta.
908 731 946 754 an

76 767 160 799 idem
179 767 348 797 dicendum
364 765 419 802 fit,
442 765 463 797 fi
479 773 599 798 tantum
618 765 817 810 stipulatione
833 763 947 807 fitper-

75 808 179 845 fecta,
197 817 261 839 non
280 808 324 838 eit
343 817 404 838 una
421 807 619 839 eruditorum
636 807 799 838 sententia.
822 806 946 835 caulam

77 851 209 881 dilcidio
226 858 303 879 unus
320 849 455 888 praebuit
473 848 714 889 Ulpianus:alio
732 848 869 894 loquens
889 854 946 876 ore

77 893 109 922 in
127 892 145 921 i.
164 901 214 929 23.
235 890 298 920 alio
315 891 345 921 in
361 891 378 921 l.
395 900 443 930 32.
467 890 487 931 §
512 899 540 922 2.
557 890 594 925 ὅ*
611 890 638 932 §.
658 899 707 935 23.
730 895 807 919 item
825 886 945 927 ¹nl·33·

71 939 121 972 pr.
138 932 171 966 &-
189 931 210 972 §
237 932 288 961 aa*
312 932 357 961 L).
375 932 402 962 h.
416 938 433 961 ι,
464 932 576 963 Pacem
594 931 684 963 multi
701 935 864 961 tentarunt
879 927 945 974 fru-

77 974 146 1005 stra.
190 972 257 1012 lpse
272 974 328 1003 vix
343 972 471 1011 dubito,
494 972 569 1012 quin
586 972 769 1004 reducturus
786 969 944 1016 secumnn

76 1016 207 1055 gratiam
224 1013 277 1044 firn
305 1015 490 1054 ulpianum,
515 1012 676 1045 Orationis
694 1014 797 1043 verbis
814 1010 853 1042 ab
878 1019 945 1050 ejus

77 1065 186 1087 mcntt·
211 1055 241 1085 &
274 1054 428 1086 sententia
452 1054 612 1086 uistinstis.
665 1053 763 1095 Igitur
793 1052 880 1092 quod
904 1052 944 1083 ad

76 1097 174 1128 verbu
198 1097 328 1127 attinet:
351 1097 396 1127 est
413 1096 488 1128 mihi
506 1096 687 1137 probabile,
711 1096 757 1126 his
775 1092 943 1124 confirma-

78 1140 104 1170 ri
135 1138 264 1177 quidem
289 1139 475 1169 donationes
500 1138 673 1168 traditione
690 1134 945 1167 consummatas:

76 1180 158 1210 invra
174 1179 405 1219 stipulationem
429 1188 506 1210 vero
522 1178 736 1224 tublistentes,
747 1185 824 1224 *non
843 1184 943 1215 aeque.

77 1221 96 1251 li
117 1229 225 1256 vacat,
249 1220 277 1250 dt
295 1220 401 1258 lubet,
423 1228 583 1251 vertamus
607 1218 769 1251 Orationis
787 1217 892 1263 verba.
914 1225 944 1262 a·

75 1263 163 1302 jum,
185 1261 236 1292 Fas
254 1260 322 1301 effe,
345 1271 409 1291 eum
425 1263 477 1302 qui·
492 1262 631 1299 donavit,
654 1263 798 1301 paenitere.
829 1258 943 1307 intelli-

77 1313 161 1344 gitur
184 1310 289 1333 autem
312 1303 424 1342 (quod
450 1302 520 1343 post
542 1301 733 1337 ostendam)
763 1298 943 1339 poenituille

76 1352 140 1375 non
157 1343 251 1374 modo
269 1344 314 1381 is,
336 1344 388 1381 qui
403 1344 610 1374 donationem
627 1352 645 1373 a
661 1341 692 1373 se
708 1341 822 1373 factam
840 1340 942 1381 palam

75 1392 223 1421 revocar3
247 1392 357 1415 verum
374 1385 398 1414 is
414 1392 544 1422 quoque
561 1385 615 1424 qui
640 1382 781 1426 promifit
800 1383 940 1427 tradere-3

75 1426 126 1457 sed
146 1427 219 1456 dum
237 1423 334 1460 vixit.
358 1434 423 1455 non
442 1425 587 1462 tradidit,
611 1423 694 1465 quafi
719 1429 814 1454 tacita
841 1431 943 1463 poeni·

76 1465 184 1497 tentia.
233 1464 360 1496 Deinde
374 1472 462 1506 p'utat
478 1465 610 1504 Oratio,
632 1471 855 1511 durumtatque
872 1472 941 1494 ava—

76 1517 143 1538 rum
160 1506 240 1544 tile,
261 1508 348 1545 quod
367 1510 519 1537 donatum
537 1506 591 1543 fit,
614 1506 781 1551 donatario
807 1514 885 1544 eripi
902 1505 943 1535 ab

76 1548 196 1578 herede
212 1547 374 1578 donatoris
390 1547 520 1578 forfitan
544 1548 690 1578 advertus
713 1550 777 1586 ejus
801 1547 944 1591 volunta-

77 1595 154 1619 tem.
201 1587 287 1628 Eripi
316 1597 414 1628 porro
440 1589 517 1626 quid
535 1588 656 1627 potest3
679 1587 732 1619 nifi
758 1595 831 1632 ante
853 1587 944 1618 tradi-

78 1628 171 1660 tum?
204 1628 236 1660 Id
260 1628 302 1659 fic
332 1628 418 1659 recte
441 1628 691 1660 animadvertisse
715 1629 942 1675 Papinianum,

77 1670 155 1701 mihi
174 1670 345 1711 persuadeo
361 1693 371 1708 ,
396 1670 425 1700 ὅ(
442 1671 481 1700 ab
497 1668 636 1710 Ulpiano
661 1671 818 1710 indignari
837 1669 943 1700 verbis

78 1721 147 1749 quta
171 1711 298 1750 zippol'ui
326 1719 366 1741 ex
390 1715 454 1743 (1.1,
473 1721 511 1752 23
557 1712 740 1752 Papinianus
766 1709 838 1741 reae
857 1715 942 1757 puta-

76 1753 143 1787 bat,
169 1752 336 1783 (stationem
359 1752 444 1782 L'r‘vi
465 1752 565 1784 Severi
586 1756 623 1784 ad
646 1762 743 1783 reram
763 1753 943 1798 donationem

70 1795 234 1833 perri-iere:
265 1793 386 1833 denique
404 1792 431 1830 fi
458 1792 618 1834 stipulanti
639 1792 943 1840 spoponcizffitnxorni

75 1837 131 1867 loa·
142 1858 153 1871 ,
176 1837 368 1873 amputabat
385 1836 531 1866 conveniri
541 1834 616 1876 poffe
630 1836 756 1865 heredem
770 1838 886 1872 mariti,
908 1833 942 1877 li·

66 1867 117 1905 ‘cet
135 1882 259 1905 aurante
275 1875 426 1905 voluntate
446 1877 567 1907 maritus
582 1875 731 1915 decefferit.
755 1876 818 1907 Aut
835 1882 942 1906 omnia

77 1925 128 1948 me
147 1917 256 1946 fallunt
268 1939 279 1954 ,
303 1925 356 1946 aut
378 1915 431 1947 hic
447 1916 548 1948 sermo
565 1917 664 1948 haeret
681 1917 763 1948 circa
781 1916 876 1948 verba
898 1914 941 1945 O·

75 1958 224 1988 rarionis:
246 1966 348 1996 caque
365 1956 385 1988 fi
404 1956 608 1996 evolvamus,
632 1958 675 2002 ait
693 1959 869 2002 Ulpianus,
885 1956 940 2004 Ra-

75 2000 237 2038 pinianum
260 1996 381 2037 putaffe
401 1999 429 2028 ἃ
454 2000 557 2037 recte,
583 1999 772 2030 Orationem
797 1998 940 2041 ,0111156-

75 2048 163 2076 veri,
187 2048 256 2078 quae
271 2038 332 2069 fuit
346 2048 522 2072 communis
539 2040 634 2081 patris
652 2041 679 2070 ἃ
702 2039 777 2079 filii,
801 2046 838 2085 ut
855 2040 942 2079 lupra

74 2079 185 2111 monui
203 2101 215 2118 ‚
246 2088 367 2111 tanturn
390 2081 579 2112 confirmare
601 2090 704 2112 rerum
729 2082 940 2118 donationes,

76 2123 107 2152 id
126 2120 189 2159 est,
213 2122 404 2152 donationes
421 2122 591 2153 traditione
608 2125 854 2153 coniummatas:
869 2129 941 2152 nam

76 2164 117 2193 de
134 2161 179 2193 his
196 2161 384 2193 Orationem
406 2163 493 2202 loqui
519 2167 699 2195 dumtaxat:
728 2164 876 2210 ideoque¹
891 2171 941 2193 eas

75 2204 243 2234 donatario
272 2213 329 2242 per
358 2202 510 2237 heredem
535 2206 700 2236 donatoris
729 2205 942 2235 vindicatione

75 2244 188 2275 auferri
215 2245 298 2275 nulla
325 2245 450 2276 ratione
473 2254 642 2283 oportere:
674 2245 724 2277 sed
747 2246 836 2291 aliter
854 2243 915 2275 effe
931 2267 942 2282 ,

75 2286 95 2317 fi
115 2287 243 2316 maritus
261 2295 350 2316 uxori
375 2285 533 2325 stipulanti
556 2287 673 2327 aliquid
698 2286 856 2332 promisit,
882 2294 942 2316 nec

74 2326 218 2359 tradidit:
241 2336 311 2357 nam
338 2327 432 2358 talem
457 2328 666 2360 donationem
694 2327 849 2373 Oratione
876 2336 941 2357 non

72 2367 271 2399 confirmari:
293 2369 365 2407 quia
389 2369 429 2399 de
446 2379 482 2399 ea
506 2377 570 2400 non
590 2369 636 2400 est
658 2371 783 2401 locuta:
805 2370 942 2408 ideoque

75 2409 225 2440 heredem
243 2410 344 2440 mariti
363 2419 402 2440 eo
420 2411 490 2441 casu
506 2412 544 2441 ad
562 2412 607 2442 rei
624 2410 778 2451 promissae
801 2413 942 2455 traditio·

76 2457 148 2480 nem
166 2450 205 2480 ab
222 2460 320 2481 uxore
340 2452 442 2490 urgeri
458 2451 584 2482 aelinne
601 2461 641 2482 ex
650 2451 796 2492 stipulatu
813 2455 943 2496 mimine

75 2489 177 2529 poffe:
201 2490 273 2522 licet
297 2500 425 2523 maritus
441 2515 451 2530 ,
485 2501 550 2524 non
576 2500 726 2524 revocata
752 2493 942 2538 donatione,

78 2529 250 2561 decesserit.
292 2531 470 2571 Caeterum,
492 2535 578 2573 quod
595 2535 680 2566 recte
696 2535 827 2575 putabat
843 2533 941 2579 ‘Papi-

78 2571 188 2602 nianus
211 2580 250 2602 ex
265 2571 424 2606 Orationis
454 2575 558 2606 verbis
572 2598 581 2613 ,
606 2576 638 2607 id
662 2586 724 2606 non
742 2583 865 2622 putavit
884 2573 941 2607 Ul-

75 2619 186 2652 pianus
202 2612 428 2647 observandum
439 2640 447 2654 ‚
464 2615 659 2648 confiderata
678 2616 841 2648 Orationis
856 2625 939 2661 men-

80 2662 121 2683 te.
145 2662 257 2683 contra
275 2653 316 2691 is,
340 2660 424 2693 quod
450 2666 516 2688 erat
540 2657 726 2698 benignius,
750 2658 792 2690 fic
816 2666 941 2697 accepit

75 2692 260 2725 Orationem
273 2716 282 2732 ,
306 2696 387 2733 quasi
403 2698 503 2729 minus
518 2699 620 2737 dicat,
643 2700 673 2731 ἃ
690 2701 762 2740 plus
777 2699 940 2740 significet.

76 2738 163 2774 quod
184 2736 210 2766 ἃ
231 2736 304 2765 alibi
321 2746 468 2773 evenire,
491 2739 520 2769 in
538 2740 612 2771 loco
630 2741 770 2772 memini.
807 2741 943 2773 Rt'ceffit

75 2776 170 2816 igitur
186 2785 202 2806 a
221 2777 394 2811 Paniniano
410 2777 577 2817 Llpianus:
599 2782 767 2813 arbitratus
779 2804 788 2818 ,
812 2780 940 2812 Oratio-

73 2826 148 2848 nem
168 2816 318 2855 voluisse,
341 2819 500 2850 donatoris
517 2830 619 2853 morte
642 2823 824 2854 confirmari
847 2824 940 2854 dona-

75 2859 204 2896 tiones,
233 2867 295 2889 non
329 2860 427 2890 niodo
456 2863 622 2895 traditione
645 2865 813 2905 impietas,
853 2865 940 2903 quod

75 2900 288 2930 conveniebat
307 2900 371 2940 ejus
390 2902 492 2934 verbis
508 2902 636 2936 strictius
652 2914 811 2946 acceptis:
835 2907 886 2936 led
909 2915 939 2936 u-

74 2940 228 2979 niverlas,
251 2941 304 2972 etii
336 2949 455 2986 tamum
480 2942 678 2984 stipulatione
701 2946 870 2991 perfectasg
900 2955 938 2993 ῳ.

75 2984 197 3023 quitate
216 2985 246 3013 in
271 2982 417 3014 omnibus
434 2987 516 3015 idem
532 2985 691 3018 suadente.
736 2987 810 3019 Huc
831 2995 887 3018 ivit
904 2988 938 3019 11·

74 3024 105 3055 16
120 3026 147 3054 d.
164 3024 183 3054 l.
202 3033 250 3064 32·
273 3023 301 3065 §.
323 3032 347 3054 1.
369 3023 410 3055 fic
432 3024 583 3058 scribens:
607 3029 709 3059 Oratio
730 3035 827 3060 autem
851 3029 937 3067 Impe-

74 3066 178 3096 ratoris
195 3063 280 3104 nostri
299 3067 332 3095 ae
346 3065 549 3104 confirmanius
564 3070 764 3100 donationibus
779 3080 836 3100 non
852 3072 940 3102 lolam

74 3107 111 3137 ad
126 3116 157 3137 ea
171 3107 295 3146 pertinet
317 3116 383 3147 quae
404 3108 514 3138 nomine
534 3112 631 3140 uxoris
649 3122 666 3141 a
687 3113 750 3140 viro
774 3117 940 3151 comparata

74 3148 159 3184 sunt:
181 3149 226 3181 ted
242 3149 280 3178 ad
296 3157 389 3178 onnes
405 3150 568 3180 donationes
586 3153 659 3182 inter
678 3160 780 3183 virum
806 3151 842 3186 ὅ)
866 3163 936 3185 uxo-

70 3197 130 3219 rem
139 3187 257 3228 fatias:
278 3195 311 3220 ut
328 3188 364 3223 ὅ*
380 3194 436 3231 ipso
456 3190 524 3232 jure
537 3200 581 3223 res
590 3191 670 3233 fiam
693 3193 754 3233 ejus
778 3195 834 3226 cui·
847 3195 934 3227 dona-

1810 125 1875 156 405

1001 196 1036 220 τα
1046 191 1138 230 sunt:
1162 190 1198 226 δ’
1214 193 1347 235 obligatio
1356 194 1398 232 fit
1413 196 1518 228 civilis.
1559 196 1612 229 sic
1639 197 1709 229 ille:
1732 199 1762 230 ἃ
1788 204 1872 233 vere,

999 229 1191 269 Tamen,ut
1206 236 1326 266 certior
1340 236 1418 268 ess'et
1436 238 1503 269 haec
1520 238 1587 279 ejus
1604 237 1756 271 sententia
1773 250 1872 279 atque

998 273 1199 303 evidentior:
1229 275 1313 307 idem
1338 276 1429 309 itcrat
1453 278 1479 320 §.
1504 288 1554 320 23.
1584 281 1612 311 cl.
1640 281 1659 311 l.
1705 279 1778 312 Nec
1799 284 1870 322 quis

998 313 1073 344 milii
1092 313 1237 353 objiciat,
1261 317 1301 347 ab
1317 317 1454 357 Ulpiano
1465 320 1518 351 hic
1534 330 1598 352 non
1615 321 1663 363 agi
1679 323 1721 354 de
1737 324 1870 363 promis·

997 353 1084 385 fione
1101 354 1305 394 stipulatione
1320 357 1422 397 facta,
1445 369 1506 400 qua
1529 363 1569 392 de
1592 363 1725 402 praesens
1751 363 1788 395 lis
1813 365 1869 396 fit:

995 394 1048 425 sed
1072 396 1112 426 de
1128 396 1308 428 remiffione
1334 407 1392 439 per
1412 401 1693 440 acceptilationem
1716 403 1814 437 facta:
1837 404 1869 438 in

993 444 1095 473 eaque
1112 436 1174 468 ess'e
1191 438 1328 477 speciem
1346 442 1515 478 quamdam
1530 444 1709 476 traditionis
1726 456 1781 487 per
1797 446 1868 478 bre-

994 485 1068 507 vem
1097 486 1237 509 manum.
1260 479 1291 510 id
1316 482 1399 512 enim
1424 481 1480 513 etii
1506 483 1603 516 nolim
1627 485 1757 519 inficiari
1779 497 1869 519 mon-

992 517 1108 548 strante
1130 526 1253 551 ratione
1268 543 1277 558 ,
1300 521 1330 552 61
1358 523 1376 552 l.
1395 532 1443 564 43.
1460 522 1489 564 §.
1513 532 1538 555 1.
1559 525 1606 556 D.
1623 527 1656 557 de
1672 528 1737 568 jur.
1761 529 1818 560 dot.
1844 530 1881 560 1“’-»

991 565 1057 590 tem
1074 559 1094 590 i.
1113 568 1160 591 lo.
1183 562 1230 591 l).
1247 563 1280 592 de
1296 563 1466 595 conaiaion.
1485 565 1560 604 caus
1580 567 1640 597 dat.
1658 570 1734 608 caus.>
1753 578 1810 601 non
1820 570 1867 610 μ’·

991 605 1049 630 cut.
1075 607 1181 632 tamen
1203 610 1255 632 me
1280 612 1344 634 non
1370 606 1563 637 conturbat:
1587 605 1727 647 Ulpiano
1746 611 1776 641 in
1801 610 1865 642 fine

990 640 1053 682 d.§
1080 650 1129 682 23.
1152 642 1194 673 iic
1217 644 1383 676 manifeste
1401 647 1635 686 proclamante:
1659 649 1700 680 Et
1721 652 1864 692 generali-

991 687 1034 712 ter
1057 684 1200 722 universae
1222 686 1387 717 donationes
1407 697 1480 728 quas
1503 689 1635 729 impediri
1660 691 1806 731 diximus,
1829 703 1866 725 ex

992 722 1133 754 Oratione
1157 725 1305 757 valebunt.
1347 727 1379 759 Si
1403 729 1489 759 recte
1505 730 1535 760 ἃ
1562 739 1653 762 vere:
1675 733 1731 771 (ut
1755 732 1801 764 fas
1818 734 1864 766 est

990 764 1097 802 credi)
1121 774 1183 796 tarn
1204 767 1356 799 valebunt
1372 770 1590 810 promiffiones
1607 781 1647 803 ex
1664 773 1755 805 causa
1770 774 1866 806 dona·

990 805 1111 843 tionis,
1135 817 1227 846 quarn
1253 809 1457 841 traditiones:
1487 812 1559 852 quia
1581 822 1647 845 non
1673 816 1772 855 magis
1799 816 1862 856 hae,

988 854 1083 885 quarn
1102 846 1181 885 illae,
1207 848 1366 881 Oratione
1384 851 1451 883 sum
1472 853 1649 893 prohibitae.
1675 855 1693 886 l.
1710 866 1739 897 3.
1765 856 1793 898 ἓ.
1815 866 1866 890 10.

989 888 1037 918 J).
1059 887 1088 918 h.
1104 893 1126 918 t.
1168 888 1290 921 Eodem
1313 892 1411 927 modo
1430 893 1567 934 disputat
1591 896 1743 936 Ulpianus
1767 899 1788 929 ι.
1813 908 1866 940 33.

983 935 1030 968 pr.
1047 927 1084 962 ὅ)
1098 928 1126 970 §.
1143 930 1195 960 ult.
1220 932 1264 962 D.
1287 933 1314 963 d.
1329 938 1350 963 ι.
1375 935 1483 973 priore
1499 936 1573 966 loco
1593 939 1862 978 proponitur-mu-

989 968 1045 1001 lier
1063 969 1206 1042 stlpuma
1224 971 1286 1003 effe
1305 982 1457 1006 annuum:
1480 976 1656 1016 posteriore
1672 979 1862 1013 diciturma-

987 1010 1065 1043 ritus
1101 1012 1187 1044 imile
1212 1023 1350 1046 annuum
1380 1015 1550 1056 stipulatusv
1574 1027 1695 1052 certum
1722 1019 1862 1062 Ulpiano

987 1052 1032 1083 est
1046 1075 1055 1091 ,
1079 1052 1110 1084 id
1127 1063 1143 1084 a
1157 1063 1272 1086 neutro
1291 1055 1377 1096 posse
1394 1059 1480 1097 peti,
1511 1060 1677 1093 constante
1700 1064 1863 1101 matrimo-

988 1092 1062 1132 nio,
1085 1094 1246 1135 prohibita
1263 1097 1344 1128 inter
1367 1108 1423 1130 eos
1440 1100 1624 1132 donatione.
1649 1103 1699 1135 sed
1726 1103 1747 1136 fi
1771 1106 1864 1136 mari-

988 1142 1060 1173 tus,
1085 1145 1233 1168 manente
1253 1138 1475 1180 matrimonio,
1499 1139 1685 1183 decess'erit,
1708 1145 1771 1185 jam
1797 1147 1860 1186 air,

988 1175 1076 1216 posse
1098 1179 1180 1216 dici,
1215 1178 1245 1209 id
1263 1180 1328 1219 est,
1365 1182 1453 1221 poffe
1477 1183 1606 1215 defendi
1622 1206 1633 1224 ,
1667 1185 1732 1218 fine
1757 1188 1858 1219 dubio

988 1225 1102 1249 contra
1119 1218 1325 1259 Papinianum
1343 1222 1600 1263 ,stipulationem
1618 1227 1800 1260 confirmari
1818 1238 1859 1261 ex

985 1258 1287 1292 Senatusconsulto:
1309 1263 1340 1293 id
1356 1263 1498 1301 est,eam
1516 1266 1860 1310 donationem,quarn-

987 1300 1034 1330 vis
1050 1298 1114 1331 sola
1129 1301 1327 1335 constantem
1344 1304 1567 1346 stipulatione,
1592 1318 1631 1339 ex
1648 1308 1805 1343 sententia
1815 1310 1859 1342 O·

986 1340 1135 1381 rationis,
1163 1343 1297 1375 decreto
1320 1345 1453 1378 Senatus
1476 1349 1668 1388 approbat-te.
1718 1351 1791 1392 Qua
1816 1363 1861 1384 ra-

987 1382 1100 1414 tione?
1124 1384 1186 1422 ait,
1202 1388 1275 1424 quia
1290 1387 1321 1417 in
1339 1396 1445 1419 annuo
1462 1398 1593 1430 quoque
1610 1392 1746 1424 vei-titur
1761 1394 1858 1426 dona-

987 1423 1053 1462 ti03
1077 1433 1111 1454 ea
1127 1434 1205 1456 vero
1228 1435 1261 1456 ut
1278 1427 1486 1466 prohibeatur
1512 1433 1617 1470 priore
1642 1431 1804 1467 Orationis
1827 1436 1859 1467 fi·

987 1473 1027 1495 ve
1043 1464 1309 1499 Senatusconsuiti
1327 1470 1450 1509 capite:
1473 1471 1635 1504 donatoris
1651 1483 1756 1507 morte
1771 1476 1801 1508 ὅ(
1823 1477 1859 1509 fi-

986 1505 1088 1536 lentio
1105 1516 1147 1537 ex
1164 1506 1304 1539 secundo
1321 1510 1538 1544 confirmatur.
1583 1513 1683 1555 Quod
1699 1525 1739 1548 ex
1756 1517 1861 1558 Ulpias

987 1555 1028 1577 no
1045 1548 1109 1578 dixi
1126 1549 1166 1579 de
1182 1548 1355 1581 donatione
1376 1551 1578 1592 stipulatione
1596 1555 1699 1596 13613,
1724 1557 1788 1588 hoc
1806 1559 1860 1599 Ju-

987 1587 1135 1620 stinianus
1158 1588 1298 1622 Novella
1327 1595 1396 1624 162.
1425 1603 1450 1623 c.
1480 1603 1503 1625 1.
1527 1596 1685 1628 observari
1710 1599 1801 1639 jubet
1826 1601 1858 1633 in

987 1630 1162 1661 donatione
1180 1631 1268 1662 nudo
1286 1632 1380 1672 pacto
1395 1632 1497 1666 facia:
1522 1638 1551 1667 in
1568 1646 1661 1677 quam
1680 1638 1787 1672 similis
1812 1641 1861 1673 in-

987 1671 1116 1702 cidebat
1132 1671 1307 1712 dubitatio,
1332 1682 1396 1706 non
1416 1675 1545 1716 sequuta
1563 1679 1750 1712 traditione:
1772 1682 1859 1722 post-

985 1720 1077 1785 qugtm
1094 1712 1121 1784 (sei
1141 1714 1279 1754 placuit,
1302 1715 1508 1751 donationem
1530 1719 1620 1760 poffe
1644 1722 1742 1753 etiam
1767 1725 1856 1756 nudo

1009 1762 1025 1784 a
1060 1764 1080 1784 o
1107 1763 1176 1786 ieri.

984 1761 1005 1792 p
1027 1794 1186 1827 Prolixior
1201 1795 1263 1827 fuit
1280 1797 1421 1838 superior
1436 1798 1625 1840 disputatio:
1648 1802 1699 1837 sed
1716 1805 1769 1837 ubi
1794 1804 1858 1840 hae-

984 1835 1074 1867 rebat
1090 1837 1284 1874 deprehensa
1301 1840 1471 1880 subtilitas3
1488 1843 1626 1876 curatius
1643 1846 1858 1881 demonstran·

984 1876 1057 1908 dum
1087 1876 1168 1917 fuit,
1198 1880 1389 1914 donationes
1419 1884 1670 1925 qualescumque
1700 1887 1858 1924 Oratione

984 1917 1161 1958 prohibitas
1173 1942 1182 1957 ,
1199 1921 1363 1954 donatoris
1379 1931 1484 1956 morte
1501 1925 1531 1956 ἀ
1547 1925 1672 1959 silentio
1690 1929 1859 1964 confirma·

984 1958 1018 1990 ri.
1070 1957 1228 1992 Obtinere
1254 1971 1361 1995 autem
1391 1964 1421 1996 id
1443 1966 1572 1999 demum
1599 1970 1701 2002 voluit
1724 1970 1858 2013 Oratio,

984 1999 1005 2030 fi
1025 2000 1159 2032 donator
1170 2003 1256 2042 prior
1273 2004 1455 2038 decesserit:
1472 2009 1573 2040 namsi
1591 2010 1619 2041 ei
1639 2011 1688 2043 cui
1704 2012 1858 2047 donatum

984 2039 1039 2079 sit,
1062 2050 1137 2073 ante
1153 2052 1239 2075 mors
1256 2047 1448 2087 contigerit,
1473 2058 1587 2081 contra
1605 2053 1704 2083 voluit
1723 2052 1858 2095 Oratio,

985 2082 1189 2115 donationem
1221 2086 1333 2118 nullius
1367 2091 1521 2121 momenti
1544 2091 1616 2123 ess'e.
1649 2092 1680 2124 id
1707 2095 1858 2129 observat

985 2122 1139 2164 Ulpianus
1154 2127 1182 2156 d.
1201 2126 1221 2156 l.
1238 2137 1288 2167 32.
1314 2127 1342 2169 §.
1362 2138 1407 2169 14.
1431 2131 1459 2162 ἂ
1478 2132 1625 2164 traditum
1645 2143 1661 2164 a
1679 2133 1857 2169 Diocletia-

985 2174 1028 2195 no
1046 2165 1075 2196 81
1091 2165 1290 2199 Maximiano
1305 2170 1325 2201 l.
1348 2175 1393 2204 18.
1413 2172 1446 2202 C.
1463 2172 1491 2203 h.
1513 2179 1534 2204 t.
1579 2173 1657 2205 Inde
1672 2177 1854 2220 (metitum,

984 2205 1004 2237 fi
1029 2206 1123 2237 ambo
1145 2207 1333 2241 decess'erint
1363 2212 1527 2253 naufragio
1549 2213 1656 2254 forte,
1681 2219 1731 2248 vel
1749 2220 1857 2261 ruina,

986 2247 1036 2278 vel
1060 2248 1229 2289 incendio,
1253 2252 1326 2290 quid
1347 2253 1516 2285 dicamus?
1539 2256 1568 2286 ὅ(
1586 2255 1605 2287 fi
1632 2257 1760 2297 quidem
1783 2270 1855 2302 pos-

984 2287 1021 2319 fit
1037 2298 1204 2329 apparere,
1228 2293 1298 2332 quis
1315 2302 1388 2325 ante
1407 2295 1546 2334 spiritum
1564 2296 1688 2337 posuit3
1706 2304 1855 2341 expedita

985 2329 1030 2360 est
1046 2330 1192 2369 quaestioz
1215 2332 1256 2364 (in
1275 2343 1350 2364 vero
1367 2344 1431 2366 non
1448 2345 1616 2377 apparear3
1641 2340 1776 2375 difficilis
1798 2344 1854 2378 est.

985 2371 1082 2411 magis
1105 2380 1210 2404 autem
1230 2382 1318 2414 purat
1342 2374 1493 2414 Ulpianus
1518 2379 1546 2409 d.
1564 2379 1583 2410 l.
1600 2389 1649 2420 32-
1675 2381 1703 2423 ὃ.
1723 2392 1772 2423 14.
1796 2386 1853 2417 do.

986 2414 1147 2445 nationem
1165 2414 1314 2453 valuiss'e3
1332 2415 1361 2446 ὅ(
1378 2415 1424 2448 his
1443 2427 1484 2448 ex
1503 2419 1608 2451 verbis
1625 2420 1788 2458 Orationis
1800 2428 1855 2459 de-

984 2452 1107 2493 fendit,
1131 2455 1165 2485 Si
1174 2457 1253 2494 prior
1273 2457 1338 2487 vita
1362 2458 1518 2498 decefferiz,
1547 2463 1601 2502 qui
1615 2464 1752 2497 donatum
1777 2477 1855 2499 acce-

979 2495 1043 2535 pit:
1066 2504 1130 2527 non
1146 2496 1271 2527 xidetur
1285 2506 1390 2529 autern
1407 2522 1416 2537 ,
1442 2500 1562 2541 inquit,
1592 2505 1679 2544 prior
1702 2506 1767 2539 vita
1800 2511 1853 2541 de-

985 2535 1123 2575 ceffiffe,
1144 2538 1197 2576 qui
1215 2538 1366 2570 donatum
1385 2544 1528 2582 accepit,
1551 2552 1623 2576 cum
1639 2545 1727 2579 fimui
1744 2550 1853 2582 deces-

984 2576 1088 2609 serint.
1134 2578 1272 2610 Proinde
1289 2580 1419 2612 ulterius
1446 2582 1559 2622 infert,
1583 2586 1749 2620 rectiffime
1772 2593 1849 2630 dici,

983 2626 1131 2658 utrasque
1155 2620 1345 2652 donationes
1370 2623 1475 2655 valere
1492 2647 1501 2663 ,
1532 2625 1552 2657 fi
1582 2626 1669 2660 sorte
1697 2629 1850 2670 invicem,

982 2659 1207 2692 donationibus
1222 2661 1332 2701 factis,
1358 2662 1442 2696 limul
1463 2666 1667 2701 decess'erint:
1690 2673 1758 2710 quia
1777 2682 1852 2704 neu-

986 2708 1034 2731 ter
1050 2702 1138 2733 alteri
1159 2703 1388 2745 supervixerim
1412 2706 1485 2738 licet
1502 2708 1542 2739 de
1567 2712 1848 2744 commorientibus

985 2740 1098 2773 Oratio
1114 2752 1180 2774 non
1198 2743 1335 2776 senserit.
1380 2746 1441 2778 Sed
1458 2756 1530 2781 cum
1555 2760 1667 2782 neuter
1690 2754 1778 2784 alteri
1803 2753 1847 2785 su=

984 2784 1174 2823 pervixerit‚
1198 2785 1389 2819 donationes
1412 2797 1527 2821 mutuae
1544 2793 1701 2822 valebunt.
1725 2793 1755 2823 id
1774 2795 1852 2826 ulte-

983 2824 1046 2855 rius
1065 2823 1106 2855 sic
1121 2826 1246 2865 probat.
1272 2834 1342 2860 nam
1362 2829 1390 2860 t&
1409 2831 1490 2862 circa
1507 2833 1617 2873 mortis
1642 2833 1729 2875 causa
1754 2834 1849 2867 dona-

982 2866 1086 2896 tiones
1101 2874 1243 2906 mutuas‚
1266 2869 1297 2900 id
1316 2878 1382 2901 erat
1407 2872 1602 2911 consequens
1626 2873 1750 2916 dicere,
1775 2885 1849 2908 neu-

982 2907 1020 2936 tri
1039 2908 1142 2938 datam
1160 2909 1415 2943 condictionem:
1438 2913 1614 2953 locupletes
1639 2914 1736 2953 igitur
1757 2916 1847 2949 here·

982 2947 1281 2983 des-donationibus
1296 2952 1486 2993 relinquent.
1599 2994 1605 2999 ⁵
1829 2967 1831 2971 ·

1021 2987 1131 3022 Morte
1146 2990 1240 3031 igitur
1257 2994 1416 3026 donatoris
1434 2994 1574 3025 firmatur
1596 3000 1680 3027 inter
1695 3000 1847 3041 conJuges

983 3030 1127 3062 donatio:
1150 3032 1170 3063 fi
1197 3043 1269 3066 eum
1292 3044 1355 3066 non
1379 3034 1560 3075 poenituerit
1588 3033 1680 3067 stictae
1705 3039 1848 3073 donatio-

981 3071 1049 3110 nis,
1073 3074 1206 3115 conjuge
1221 3075 1271 3106 cui
1290 3077 1440 3107 donatum
1466 3074 1520 3113 fit,
1544 3076 1648 3107 adhuc
1674 3078 1846 3119 superstite,

983 3121 1053 3144 cum
1071 3123 1174 3147 autern
1193 3117 1313 3156 duplex
1332 3125 1417 3147 mors
1443 3115 1495 3153 fit,
1518 3118 1575 3148 alia
1599 3122 1765 3161 naturalis,
1790 3124 1848 3155 alia

980 3154 1102 3194 civilis,
1123 3165 1159 3188 ut
1178 3156 1325 3194 servitus,
1351 3157 1380 3186 ὅ(
1395 3156 1592 3196 deportatio:
1614 3168 1714 3194 utram
1732 3163 1847 3197 111111ῐί-

977 3195 1104 3237 gimus?
1128 3195 1423 3269 naturalemEsane,
1441 3196 1470 3236 fi
1498 3200 1618 3231 donator
1629 3203 1849 3267 [πται-[ναξ

1338 3246 1376 3269 ee
1399 3247 1418 3277 [³
1807 3257 1818 3276 c
