2036 3495
344 195 416 266 G
460 198 517 263 E
561 196 631 262 R
671 199 738 261 A
781 192 851 259 R
892 189 963 260 D
1004 192 1026 258 I
1143 193 1211 260 N
1254 194 1323 260 O
1367 194 1436 261 O
1477 193 1547 262 D
1586 184 1659 261 T

543 385 592 433 In
629 376 826 450 priorem
864 384 1197 432 Commentarii
1233 384 1483 436 editionem

292 570 340 631 P
481 568 544 630 R
685 570 763 627 AE
905 557 954 629 F¹
1092 562 1154 625 A
1294 571 1351 629 T
1489 566 1515 629 Ῑ
1657 569 1730 630 O.

123 762 251 812 &5342
260 761 388 811 &33442‘783
402 762 454 798 ’.ΓΞ
466 763 487 797 Ι
508 761 674 806 complures
691 760 824 795 homines
838 756 881 798 E?
900 758 1052 805 dignitate
1068 756 1110 798 ἐπ”
1125 758 1263 796 doctrina
1284 761 1406 804 eximii,
1433 760 1521 797 credo
1533 787 1543 802 ,
1567 769 1709 798 amantes
1731 762 1810 806 mei,
1825 760 1908 809 [αρε

124 805 171 859 ‘3²4³
341 805 388 857 ἐξ*
415 824 434 844 a
459 823 504 846 me
529 808 791 856 efflagitaverint‚
820 815 854 842 ut
887 808 928 842 ad
949 809 997 843 D.
1024 806 1224 853 Justiniani,
1249 809 1459 857 Sacratzffimi
1481 810 1636 856 Principis
1651 836 1662 853 ‚
1695 810 1828 858 Digesta
1841 809 1910 856 five

121 850 170 919 ἓξ
233 845 282 902 E
351 851 388 908 ⁸12*
415 861 584 895 Pandettas
602 858 696 904 Juris
710 857 879 899 enucleati,
908 868 945 891 ex
963 858 1043 892 omni
1061 865 1161 891 vetere
1184 856 1270 903 Jure
1288 859 1422 902 collecti,
1450 858 1578 903 aliquem
1598 871 1660 894 meo
1684 861 1804 905 ingenio
1829 871 1913 894 com-

121 909 170 967 {53
338 887 387 965 ’ἒξ-φ
412 918 549 955 ponerem
568 907 844 942 commentarium:
871 912 973 940 tamen
988 911 1020 938 ut
1025 903 1187 951 facerem,
1214 918 1379 952 numquam
1397 919 1417 941 a
1437 917 1484 941 me
1503 907 1682 952 impetrari,
1707 906 1810 954 paffus
1812 907 1887 953 sum
1900 915 1916 941 2

121 961 250 1011 Qffiiss
259 958 385 1007 3233&
411 955 555 1000 causatus
567 983 576 998 ,
602 953 656 1001 effe
674 967 739 990 rem
755 954 863 1000 magni
878 951 919 993 ὅ)
936 954 1033 1003 animi
1051 950 1092 992 ἐξ
1102 955 1220 999 operis;
1246 954 1411 998 desiderare
1429 966 1502 990 vero
1526 955 1719 991 eruditionem
1742 956 1914 1002 copiqsam3

414 1014 479 1041 tum
490 1005 640 1052 judicium
653 1007 714 1049 par
733 1004 892 1045 materiae,
921 1003 1029 1037 Artem
1048 1001 1265 1049 ampliffimani
1283 1004 1370 1038 libris
1390 1004 1611 1050 quinquaginta
1629 1005 1797 1051 complexa.
1851 1006 1914 1040 Ve-

122 1072 191 1097 rum
208 1058 285 1105 quod
298 1058 472 1104 deprecatus
481 1053 559 1101 fui,
585 1054 708 1099 integra
729 1060 840 1087 aetate:
864 1052 941 1098 quod
956 1051 1084 1094 mirere,
1104 1050 1196 1098 flexa
1221 1053 1384 1099 aggredior
1395 1062 1487 1099 prope
1500 1053 1596 1094 ultro,
1621 1053 1779 1100 postquam
1800 1053 1914 1098 consti-

122 1117 242 1145 pueram
242 1106 355 1153 facere
365 1103 521 1151 scribendi
531 1101 641 1149 finem.
693 1102 853 1137 Nimirum
876 1111 896 1134 a
905 1100 1068 1146 juventute
1087 1098 1225 1145 affuetus
1243 1112 1312 1136 vero
1326 1102 1442 1142 labori,
1468 1112 1525 1135 non
1539 1101 1590 1135 diu
1597 1101 1760 1149 sustinui,
1776 1100 1916 1148 senestu-

123 1163 204 1202 tem,
231 1165 291 1202 qua
307 1182 316 1198 ,
342 1155 406 1190 Dei
427 1150 585 1197 beneficio,
602 1146 700 1197 fruor
711 1148 829 1196 felice,
856 1145 898 1188 &²
915 1153 1014 1184 vacua'
1027 1148 1067 1182 ab
1084 1151 1149 1195 ejus
1172 1150 1387 1193 incommodis,
1424 1151 1539 1196 ignavo
1559 1152 1617 1184 otio
1639 1149 1829 1195 transigere,
1845 1149 1919 1197 spe-

122 1209 168 1243 cie
185 1205 301 1253 quietis.
327 1211 406 1238 certe
422 1201 535 1243 metui,
561 1200 747 1234 committere
759 1210 771 1240 ;
797 1208 833 1232 ne
847 1206 1009 1244 pergerem
1025 1223 1034 1238 ‚
1059 1206 1114 1243 pro
1124 1200 1260 1243 portione
1277 1200 1308 1234 in
1327 1210 1482 1234 commune
1496 1197 1653 1244 conferre3
1681 1199 1825 1244 quidquid
1840 1209 1918 1244 qua-

122 1258 145 1291 li
162 1255 245 1302 quali
265 1252 403 1288 leelionis
423 1249 665 1284 meditationisve
682 1259 755 1282 mcae
769 1245 823 1291 usu
836 1244 924 1293 poffit
939 1246 980 1280 ad
993 1246 1161 1291 aliquorum
1176 1249 1362 1283 commodum
1373 1246 1558 1292 fruetumve
1572 1248 1734 1293 pertinere.
1787 1247 1838 1292 Ea
1853 1249 1918 1294 igi-

124 1313 176 1340 tur
194 1310 294 1338 motus
308 1298 517 1342 verecundia,
543 1297 619 1344 qttod
642 1306 776 1342 ceperam
794 1295 966 1339 confilium,
992 1302 1093 1328 muto:
1110 1293 1240 1340 sumens
1253 1297 1478 1331 commentandi
1504 1296 1626 1330 initium
1652 1307 1672 1330 a
1698 1297 1800 1342 prima
1817 1296 1922 1343 Dige-

116 1349 320 1398 storumfiv'e
335 1348 560 1385 Panileetarum
574 1350 681 1392 parte,
707 1352 834 1390 quatuor
854 1344 940 1377 libris
953 1342 1180 1389 comprehensa:
1207 1356 1278 1379 mox
1296 1351 1419 1380 caeteros
1436 1355 1565 1390 quoque,
1585 1343 1618 1390 si
1638 1345 1721 1379 Deus
1734 1343 1839 1390 fimet,
1864 1357 1920 1380 ex-

120 1403 294 1449 pliciturus.
345 1397 396 1433 Sic
413 1402 481 1431 vero
498 1405 545 1430 me
567 1396 598 1429 in
612 1393 844 1440 praesentiarum
858 1390 1004 1438 composui
1015 1402 1026 1434 3
1052 1403 1088 1426 ne
1103 1392 1252 1439 ingreffus
1269 1394 1400 1440 vulgare
1413 1397 1473 1438 iter
1485 1420 1494 1436 ,
1520 1393 1639 1428 demum
1662 1393 1765 1428 aliena
1773 1391 1920 1439 sequerer

123 1450 259 1497 vestigia
273 1459 283 1488 ,·
299 1445 360 1493 sed
375 1444 493 1490 aliquid
510 1442 666 1490 industriae
683 1443 733 1477 vel
747 1452 821 1476 meoe
847 1441 1045 1475 vindicarem.
1097 1440 1192 1476 Hunc
1215 1443 1247 1476 in
1265 1441 1366 1488 finem
1389 1443 1485 1488 attigi
1507 1442 1651 1488 pleraque
1672 1441 1815 1477 Veterum
1832 1442 1920 1478 Fra.

120 1504 366 1545 gomma-’atque
380 1501 413 1527 ut
422 1491 498 1537 sunt
515 1502 573 1525 non
596 1491 687 1524 unius
705 1491 865 1535 temporis,
877 1500 969 1535 neque
986 1489 1076 1523 unius
1084 1488 1198 1534 scitae,
1211 1502 1301 1536 neque
1317 1491 1407 1525 unius
1423 1491 1566 1537 generis,
1577 1491 1708 1537 amplius
1723 1491 1805 1525 nullo
1818 1489 1918 1536 pofitat

123 1547 242 1587 ordine,
264 1541 422 1587 aliquando
430 1538 580 1586 fugitiva
591 1537 690 1585 ,slepe
708 1536 858 1583 abrupta,
875 1541 969 1572 etiam
990 1538 1106 1572 vitiata
1121 1546 1210 1585 atque
1226 1539 1412 1585 interpolata
1422 1566 1431 1582 ‚
1440 1537 1552 1586 paffim
1566 1536 1690 1585 olffcura
1705 1550 1741 1573 ac
1751 1536 1920 1585 perplexa}

126 1597 173 1629 ita
193 1594 253 1627 illis
271 1591 361 1625 aliter
379 1597 467 1634 atque
487 1589 578 1622 aliter
597 1585 751 1633 consului‚·
773 1592 862 1632 prout
880 1586 1009 1634 historia
1022 1590 1183 1632 temporis,
1207 1596 1262 1622 aut
1275 1586 1449 1634 progreffiis
1467 1588 1562 1632 Juris
1573 1612 1584 1630 ‚
1610 1588 1703 1622 etiam
1723 1588 1791 1634 usus
1806 1587 1920 1623 Latini

114 1642 285 1691 sermonis,
298 1636 339 1678 ὃ)
355 1636 591 1684 Inscriptionum
610 1636 712 1682 legum
715 1634 913 1681 singularum
929 1636 1140 1680 opportunitas
1148 1635 1382 1682 fidesque,tum
1401 1635 1574 1682 constantia
1591 1636 1787 1670 vacillatiove
1808 1647 1918 1671 manu-

112 1691 301 1738 scriptorum
317 1688 503 1732 editorumve
520 1686 683 1727 librorum,
701 1691 756 1719 aut
774 1684 906 1728 alioquin
922 1681 1103 1730 prudens&
1119 1683 1283 1729 neeeffizria
1301 1686 1468 1720 emendatio
1480 1684 1718 1730 interpuneliove
1729 1686 1778 1727 ‚in
1792 1685 1919 1731 primis-

124 1752 179 1788 que
180 1739 267 1786 faeti
266 1736 381 1784 species
391 1761 403 1779 ,
402 1734 581 1782 suaderent.
601 1733 741 1779 Idemque
755 1740 807 1767 aut
819 1730 923 1777 fimile
940 1734 1023 1767 circa
1040 1733 1265 1778 Imperatorum
1283 1729 1497 1780 Rescripta&
1515 1732 1748 1780 Constitutiones
1763 1734 1795 1768 in
1814 1733 1922 1770 Codice

124 1788 296 1836 observavi.
328 1781 411 1820 Nam
425 1784 463 1819 *de
479 1782 584 1818 Edicit
599 1783 736 1829 perpetui
757 1780 948 1828 restitutione
966 1789 1055 1827 atque
1078 1782 1343 1828 interpretatione,
1371 1784 1458 1829 quus
1471 1783 1657 1828 praecipuam
1679 1783 1772 1816 habui
1790 1792 1922 1826 curam,

123 1845 291 1881 caeteraque
307 1843 397 1880 quarn
411 1840 556 1879 praeterea
573 1832 656 1866 tenui
674 1831 746 1873 via,
774 1830 854 1863 nihil
874 1830 969 1864 addo:
1004 1830 1190 1873 arbitratus,
1224 1831 1331 1866 melius
1347 1832 1561 1877 apparituram
1578 1829 1669 1877 ipsius
1695 1825 1817 1866 lec-tione
1838 1832 1924 1877 Ope-

124 1888 189 1928 ris,
218 1883 259 1925 δέ)
273 1884 388 1919 duabus
404 1880 691 1928 Diffcrtationibus:
719 1890 781 1913 una
799 1878 849 1913 De
863 1879 949 1913 civili
963 1879 1148 1924 prudentia,
1170 1879 1272 1914 altera
1289 1880 1339 1915 De
1352 1878 1451 1924 causis
1468 1887 1617 1926 corrupte
1635 1873 1918 1926 Jurisprudentiae:

125 1947 198 1983 quas
217 1935 313 1968 editas
330 1934 411 1968 inter
422 1938 534 1966 coetera
549 1940 617 1964 mea
636 1929 737 1974 Opera
756 1927 802 1962 hic
814 1935 871 1972 pro
888 1927 1077 1973 Praefatione
1093 1928 1198 1963 haberi
1209 1927 1334 1975 postulo.
1360 1928 1458 1971 ,Illud
1470 1940 1527 1963 non
1546 1926 1714 1976 difflmulo,
1741 1928 1815 1974 quod
1831 1929 1920 1962 Com·

126 1984 269 2018 montorii
283 1983 371 2028 hujus
387 1977 624 2025 compositionem
642 1985 732 2011 tanta
738 1975 898 2023 festinavi
912 1972 1095 2022 diligentia3
1121 1985 1153 2011 ut
1175 1978 1260 2012 intra
1300 1984 1393 2024 eptem
1415 1975 1528 2024 menfhs
1554 1977 1760 2011 inchoaverim
1783 1976 1920 2019 absolve-

126 2034 243 2078 rimque
251 2031 325 2077 fere
339 2031 419 2065 horis
431 2026 592 2073 subcistvis
604 2053 612 2066 ,
640 2025 720 2060 nullo
737 2025 874 2058 muneris
892 2026 951 2059 mei
971 2026 1091 2060 damno.
1129 2024 1309 2071 Maluiffem
1327 2026 1460 2072 equidem
1481 2025 1551 2072 plus
1571 2025 1741 2071 impendere
1759 2025 1921 2070 temporis:

127 2093 182 2127 quo
200 2080 302 2124 magis
319 2076 529 2123 maturufflnt
546 2073 701 2121 universa.
721 2072 767 2118 fic
773 2071 908 2118 fortaſje
925 2075 1017 2108 etiarn
1034 2074 1170 2119 aliquam
1186 2073 1359 2120 accepisti-m
1379 2075 1473 2109 lucem
1491 2078 1531 2108 ex
1548 2073 1804 2119 Jurisprudentia
1821 2074 1920 2108 Ante-

127 2128 334 2176 Justinianea
361 2128 430 2161 Viri
450 2123 634 2171 Clariffimi,
663 2123 789 2157 Antonii
807 2121 1015 2168 Schultingii,
1045 2123 1170 2168 Collega
1194 2120 1236 2162 δὲ)
1262 2124 1392 2169 Cognati
1416 2123 1504 2157 mei:
1537 2123 1569 2156 in
1591 2132 1648 2167 qua
1676 2121 1821 2156 Veterum
1841 2121 1923 2156 Fra-

126 2185 253 2225 gmenta
272 2203 280 2218 ,
305 2184 395 2210 extra
413 2175 507 2219 Juris
525 2173 719 2219 Justinianei
739 2172 868 2216 Corpus,
895 2179 1041 2217 extraque
1057 2171 1192 2206 Codiccm
1211 2169 1444 2216 Theodosianum
1462 2172 1621 2213 errantia,
1648 2168 1760 2217 infigni
1776 2171 1922 2205 eruditio-

128 2230 166 2261 ne
185 2226 401 2271 diligentiaque
417 2224 503 2258 brevi
525 2223 610 2256 dabit
625 2220 792 2267 illustrata.
821 2217 1079 2266 insuperlicug'ffet
1103 2220 1195 2260 mihi,
1221 2221 1268 2254 uti
1289 2221 1386 2254 variis
1404 2220 1580 2254 lectionibus
1601 2230 1675 2264 quas
1697 2230 1734 2253 ex
1758 2217 1923 2266 noviffirna

130 2276 285 2310 collatione
308 2273 421 2307 Codicis
441 2271 624 2309 Florem-tini,
650 2270 836 2314 aliorumque
854 2269 1074 2314 exemplarium
1093 2265 1386 2315 manuscriptorum,
1411 2269 1450 2302 ab
1468 2267 1603 2302 Henrico
1620 2267 1850 2311 mekmano,
1864 2267 1919 2302 Vi-

129 2336 162 2359 ro
181 2325 275 2359 Dofto
300 2320 340 2360 {99
358 2319 518 2367 Ingenirfit
530 2345 546 2362 ,v
565 2320 714 2364 quondam
731 2318 894 2357 Auditore,
920 2321 998 2352 nunc
1014 2317 1121 2352 Amico
1137 2329 1199 2352 meo
1211 2345 1219 2359 ,
1246 2318 1374 2363 quodam
1390 2328 1456 2352 cum
1479 2314 1622 2360 desiderio
1638 2314 1790 2361 exspectat
1810 2316 1918 2350 litera·

131 2381 178 2407 tus
197 2373 287 2407 orbis.
340 2370 401 2405 Sea*
418 2370 550 2415 cupienti
568 2367 641 2401 mihi
649 2392 659 2409 ‚
687 2367 779 2401 etiam
802 2367 833 2400 in
848 2366 1047 2412 sequentibus
1066 2365 1266 2412 Digestorum
1278 2364 1337 2412 seu
1361 2366 1587 2400 Pandeftarum
1606 2366 1746 2409 partibus
1769 2365 1920 2410 adjuvare

132 2422 227 2464 Juris
245 2417 417 2466 Studiosos‚
434 2417 525 2464 forte
542 2417 647 2451 dilatio
669 2413 806 2460 nocufflt
822 2413 892 2461 casu
912 2416 1123 2450 mortalitatis.
1175 2415 1320 2450 Iudicavi
1336 2416 1395 2449 iter
1418 2412 1459 2453 ἐξ
1480 2414 1635 2449 rationem
1641 2411 1777 2459 suscepti
1801 2414 1920 2458 Operis·

133 2464 241 2514 quaeris
265 2469 406 2502 exitum?
431 2468 502 2502 Non
524 2465 567 2512 el}
585 2476 682 2499 mcum
694 2491 703 2506 ‚
728 2464 854 2498 laudare
873 2474 960 2498 mea:
980 2461 1062 2509 ficut
1077 2475 1128 2498 nec
1145 2464 1239 2498 haheo
1258 2465 1445 2508 vituperare‘
1464 2463 1566 2496 licebit
1582 2469 1684 2495 tamen
1702 2457 1852 2506 mihifine
1868 2472 1920 2495 ar-

131 2518 275 2562 rogantia
290 2515 444 2561 confiteri,
465 2515 602 2561 plurima
620 2513 674 2559 effi
699 2525 719 2546 a
743 2524 789 2548 me
806 2523 862 2547 non
882 2513 981 2547 (licam
1005 2513 1120 2547 clarius
1140 2519 1194 2558 aut
1208 2513 1348 2557 p'enius‚
1381 2522 1472 2557 quam
1503 2510 1669 2552 haetenus,
1693 2509 1810 2543 tradita
1832 2518 1922 2555 atque

133 2563 285 2610 exposita:
302 2564 360 2610 sed
374 2567 493 2600 noviter
512 2565 637 2597 inventa
652 2563 826 2604 detectam,
854 2569 924 2595 ante
942 2573 998 2595 non
1020 2560 1258 2608 animadversa3
1284 2572 1351 2595 curn
1375 2558 1467 2605 effent
1494 2557 1650 2604 observari
1676 2555 1717 2597 E?
1741 2558 1840 2604 detegi
1862 2569 1920 2593 non

134 2615 275 2659 indigna.
329 2614 474 2647 Maxime
491 2619 590 2646 autem
614 2608 783 2645 allaboravi
792 2637 800 2651 ,
826 2618 860 2644 ut
875 2610 1129 2655 Jurisprudentia
1147 2621 1211 2654 quae
1221 2609 1369 2655 plerisque
1384 2608 1514 2643 occurrit
1529 2616 1639 2652 parum
1656 2618 1792 2650 amoena,
1818 2607 1924 2652 magis

136 2662 234 2708 tristis
252 2670 339 2705 atque
356 2662 498 2707 austera,
525 2659 671 2706 poslremo
688 2667 802 2704 quanta
818 2666 929 2703 quanta
946 2658 989 2705 est
1001 2686 1010 2699 ,
1037 2659 1082 2691 nil
1098 2657 1157 2702 nisi
1175 2669 1259 2692 vana
1277 2665 1366 2703 atque
1389 2657 1491 2691 inanis
1503 2654 1682 2702 subtilitas,
1708 2656 1842 2701 deinceps
1859 2655 1920 2702 legi

133 2709 222 2759 poffit
236 2735 246 2752 ,
272 2717 425 2753 tamquam
441 2710 564 2755 pulchra
584 2706 625 2747 δέ’
642 2709 759 2752 elegans
776 2707 902 2754 historia
918 2719 1019 2741 rerum
1038 2707 1176 2741 civilium
1188 2733 1196 2747 ,
1207 2705 1304 2751 stmul
1321 2703 1490 2751 officiorum
1509 2705 1697 2750 publicorum
1708 2705 1922 2750 privatorum-

135 2772 189 2807 que
209 2758 316 2804 Populi
335 2758 485 2798 Romani,
514 2770 533 2791 a
550 2758 666 2791 ratione
685 2757 839 2798 naturali,
865 2756 1002 2802 cultuque
1014 2754 1196 2801 sapientia,
1224 2756 1349 2790 minime
1364 2754 1484 2796 aliena3
1510 2751 1552 2793 &²
1564 2761 1670 2788 contra
1692 2754 1734 2788 ad
1744 2751 1922 2800 vitcefhcie-

135 2816 229 2843 tatem
247 2818 304 2853 qua
321 2817 424 2840 carere
441 2807 540 2850 nequit
555 2805 682 2840 mortale
696 2815 813 2849 genus,
834 2806 908 2850 jure
931 2816 967 2838 ac
984 2805 1121 2851 legibus,
1147 2814 1203 2851 pro
1224 2805 1316 2839 varia
1341 2814 1463 2843 rerum,
1498 2810 1681 2848 temporum,
1707 2814 1842 2838 morum.
1869 2810 1920 2848 op·

132 2857 341 2942 sgrtuniltyam
372 2853 531 2899 regendam
554 2852 873 2900 accormnodatiffima.
927 2853 1016 2890 Vale.
1067 2853 1112 2889 D.
1143 2853 1293 2899 Lugduni
1325 2853 1357 2888 in
1392 2853 1527 2888 Batavis
1559 2849 1760 2889 MDCCXV.
1787 2849 1919 2888 Kalend,-

171 2917 248 2942 ecem
272 2930 280 2939 .

1713 3331 1919 3369 GERAR-
