2036 3495
128 156 201 193 404
721 141 754 176 G
780 153 800 177 iz
828 151 849 176 a
876 149 895 174 A
921 149 945 174 R
971 148 995 174 n
1021 149 1034 174 1

123 237 270 278 senueris.
306 233 447 275 Species.
485 230 637 263 Claudius
654 229 692 260 ad
713 238 808 269 quein
824 229 1013 270 rescriptum

132 277 196 317 est,
211 276 422 309 hereditatem
437 272 475 304 ad
493 271 523 303 se
539 271 755 311 pertinentem
770 271 900 302 vendit:
916 280 954 301 ea
971 271 1014 302 le-

130 329 191 360 ge,
214 325 249 349 ut
274 323 438 357 emptores
462 313 656 345 satisfaciant
673 311 818 343 defuneti
844 311 1013 343 creditori-

133 362 201 391 bus.
228 358 258 389 hi
275 357 453 388 creditores
470 355 611 386 actiones
630 352 696 385 suas
714 361 850 386 movent
868 352 1015 385 adversus

132 408 322 441 emptores:
352 398 406 437 qui
430 405 483 427 eas
507 404 543 427 ut
565 404 631 427 non
658 403 816 436 cogantur
840 394 1013 436 suscipere,

133 442 222 483 quod
239 448 304 472 non
323 439 393 471 sunt
409 438 545 471 heredes
558 461 568 476 ,
586 446 692 477 neque
710 446 783 468 cum
801 436 1015 468 creditoribus

132 487 386 519 contraxerunt,
410 487 518 512 tamen
543 478 658 519 sponte
676 477 856 519 suscipiunt.
889 487 966 510 mox
982 478 1016 509 ii-

131 525 205 556 dem
222 522 402 554 creditores
418 521 615 561 (incertum.
632 528 694 560 qua
711 519 821 560 causa)
840 519 1016 551 confistunt

131 563 281 596 adversus
292 563 463 596 Claudium
474 574 482 596 :
494 571 590 604 quem
601 562 730 593 vendita
741 561 919 593 hereditate
930 570 1015 593 man-

130 606 196 639 siffe
212 605 366 638 heredem
378 629 387 645 ,
410 605 552 644 ideoque
569 603 674 635 teneri
691 603 871 635 actionibus
887 602 1013 634 heredi-

131 648 236 687 tariis,
260 648 368 689 negari
391 647 515 688 nequit.
547 645 577 677 in
605 645 670 676 hoc
695 654 800 676 rerum
820 643 901 675 statu
921 651 1014 684 rogat

128 689 347 730 Imperatores
366 688 538 726 Claudius;
561 696 598 718 an
618 686 713 727 posfit
730 685 760 718 se
780 684 928 718 adversus
947 695 1014 717 cre·

130 732 253 763 ditores
272 731 353 763 tueri
377 729 574 770 exceptione
593 728 695 769 pasti,
718 737 784 759 non
808 727 940 768 quidem
959 736 1012 759 ex·

129 773 242 814 preffi3
264 772 408 811 (nullum
426 772 512 803 enim
529 770 726 810 intervenit)
751 769 804 801 sed
822 769 939 801 taciti?
963 767 1012 801 Illi

128 814 325 852 rescribunt,
348 823 443 852 eum,
467 812 489 845 fi
508 812 643 853 probet,
667 812 845 844 creditores
870 810 1014 843 actiones

129 855 196 888 suas
206 855 340 888 movili'e
349 864 463 887 contra
478 861 662 894 emptores,
678 862 797 894 easque
808 853 846 884 ab
858 852 906 884 bis
923 852 1014 894 spon-

128 905 220 930 tanea
237 898 405 929 voluntate
421 895 485 928 effe
502 894 682 936 susceptas;
707 895 905 936 exceptione
924 894 1014 925 taciti

125 940 211 979 padi
229 949 294 971 non
310 939 466 971 inutiliter
483 936 627 970 defendi.
674 936 749 979 Qua
765 935 919 968 ratione?
941 944 1014 977 pro-

126 981 236 1012 babili.
253 981 347 1012 cedo.
365 980 409 1011 ita
423 979 478 1012 fit:
495 987 531 1011 ut
547 988 613 1011 non
628 979 770 1010 debeant
786 985 950 1019 emptores
970 978 1014 1009 in-

128 1023 187 1054 viti
213 1022 382 1054 conveniri
399 1031 416 1053 a
440 1020 584 1054 defuncti
602 1020 836 1052 creditoribus:
862 1026 1014 1050 tenentur

128 1072 235 1096 tamen
261 1064 333 1106 lege
359 1064 501 1095 venditae
520 1062 727 1100 hereditatis,
751 1061 955 1093 venditorem
974 1061 1014 1092 ab

121 1106 188 1138 illis
205 1106 354 1138 liberare.
379 1106 456 1146 quin
473 1104 628 1137 cessantes
645 1103 773 1145 poss'unt
791 1113 807 1134 a
824 1103 1013 1140 venditore,

126 1154 165 1179 ut
181 1156 255 1179 eum
273 1147 432 1184 liberent,
456 1146 530 1188 cogi
549 1145 677 1178 actione
692 1145 815 1177 venditi
834 1143 854 1175 l.
873 1154 900 1176 2.
921 1143 954 1175 C.
980 1144 1015 1174 de

126 1190 281 1221 hereditate
290 1188 458 1220 vetattione
473 1189 606 1220 vendita.
631 1187 709 1228 quid
719 1187 750 1218 ni
762 1186 931 1218 videantur
946 1194 1014 1217 cre-

129 1231 254 1263 ditores
272 1238 504 1272 emptoresque
530 1227 726 1261 instituendo
750 1226 1014 1268 suscipiendoque

128 1272 273 1304 actiones
298 1271 506 1303 hereditarias
531 1271 616 1302 inter
640 1269 672 1302 se
697 1268 885 1311 approbasse
907 1268 1014 1310 legem

128 1314 270 1354 venditae
296 1313 504 1352 hereditatis,
528 1312 673 1352 alioquin
699 1312 785 1343 inter
809 1310 1014 1342 venditorem

128 1363 363 1397 emptoresque
387 1355 594 1386 obtinentem
610 1353 628 1385 ’ἓ
653 1354 784 1385 demus:
806 1351 933 1392 inquiet
958 1351 1014 1382 ali-

127 1397 199 1438 quis
211 1397 287 1428 hoc.
305 1396 383 1437 quid
399 1395 466 1427 hoc
480 1395 520 1427 ad
538 1394 735 1427 Claudium?
750 1402 823 1425 nam
837 1392 1014 1433 Imperato-

125 1448 177 1470 res
194 1439 223 1470 ei
239 1438 427 1470 concedunt
444 1436 678 1476 exceptionem
693 1435 783 1467 taciti
800 1434 882 1474 pacti
898 1434 1014 1465 adver-

126 1478 176 1512 sus
192 1482 392 1517 creditores,
414 1478 493 1510 licet
513 1477 593 1508 nihil
610 1476 678 1517 ipse
693 1486 767 1508 cum
784 1475 834 1508 his
851 1475 961 1516 paetus
976 1473 1014 1507 fit

125 1521 232 1562 palam
243 1528 297 1552 aut
308 1520 417 1551 tacite.
438 1518 567 1549 interim
583 1518 654 1559 quis
669 1518 816 1559 ignorat,
832 1516 960 1558 patftum
976 1516 1016 1548 ab

125 1563 190 1595 alio
200 1561 337 1600 fastum,
356 1560 563 1601 quantumvis
577 1560 611 1592 iu
623 1569 711 1598 rem,
728 1559 780 1590 alii
795 1567 862 1590 non
879 1558 1014 1600 prodes-

124 1603 185 1636 1e‘?
210 1602 274 1635 Sed
292 1602 478 1634 videamus:
501 1610 543 1633 ne
561 1600 614 1632 hic
629 1600 719 1633 usum
734 1600 900 1637 inveniat,
923 1599 1015 1640 quod

124 1645 199 1677 alibi
218 1645 262 1676 ait
282 1643 421 1683 Paulus,
446 1642 478 1675 in
495 1652 563 1674 rem
586 1642 679 1683 paCta
697 1640 845 1684 prodess'e
862 1640 1014 1674 omnibus

124 1695 264 1729 quorum
281 1685 517 1727 obligationem
531 1683 713 1716 diffolutam
729 1682 792 1715 esse
807 1683 873 1724 eius
890 1682 944 1724 qui
960 1692 1013 1724 pa-

124 1728 324 1765 ciscebatur,
340 1726 491 1759 interfuit
506 1726 527 1758 l.
547 1735 598 1759 21.
616 1725 646 1768 §.
657 1724 716 1766 fin.
732 1724 777 1757 D.
793 1725 826 1757 de
839 1723 946 1766 pastis.
970 1725 1015 1756 ita

123 1770 255 1805 alterius
264 1768 394 1811 pactum
409 1768 500 1800 alteri
515 1777 582 1800 non
598 1767 697 1809 proiit
713 1766 950 1808 principaliter:
966 1772 1013 1798 ta-

122 1821 199 1847 men
224 1812 268 1844 nil
292 1818 402 1850 vetat,
425 1819 491 1851 quo
516 1809 621 1842 minus
645 1810 676 1841 ei
699 1808 798 1850 profit
823 1817 882 1849 per
903 1807 1013 1840 conse-

123 1854 308 1929 Euentiam:
324 1854 427 1885 modo
435 1861 477 1884 ne
490 1851 665 1893 paciscenti
681 1850 813 1892 quidem
829 1849 992 1891 prodesset
1003 1872 1014 1888 ,

169 1896 237 1937 eius
259 1894 472 1927 commodum
495 1894 536 1925 ad
560 1893 696 1924 alterum
718 1901 784 1924 non
811 1892 1012 1933 pertineret:

125 1946 239 1976 certo,
257 1936 478 1969 neceffitatem
494 1934 604 1966 facere
618 1935 690 1975 jus;
713 1934 767 1965 ubi
786 1943 853 1965 non
872 1933 950 1965 licet
966 1932 1013 1964 fa-

125 1988 201 2011 cere
217 1980 320 2011 aliter.
343 1988 394 2010 res
410 1976 564 2018 exemplo
580 1976 638 2008 fiet
652 1977 779 2008 clarior.
804 1977 852 2007 An
869 1976 938 2015 quis
957 1984 1013 2006 rie-

125 2019 204 2061 scit‚
225 2018 363 2054 diversas
379 2018 443 2052 effe
458 2018 609 2061 personas
626 2018 786 2050 debitoris
805 2018 836 2050 δι
854 2015 1014 2057 fidejuffo-

859 2121 1030 2158 CAru

1082 137 1314 174 Noonr

1055 227 1125 259 ris?
1149 227 1237 268 atqui
1257 228 1310 259 ubi
1328 227 1457 259 debitor
1474 227 1506 259 in
1523 235 1590 258 rem
1609 227 1798 268 paciscitur,
1815 229 1867 262 Ne
1885 231 1939 264 de-

1055 270 1189 307 beatur,
1206 268 1236 300 id
1256 269 1382 309 pastum
1407 278 1472 300 non
1489 268 1631 301 debitori
1648 270 1777 308 prodest
1794 278 1936 312 tantum,

1056 310 1110 342 sed
1133 309 1304 351 fidejussori
1331 319 1462 351 quoque
1484 312 1513 342 d.
1531 311 1550 342 l.
1569 320 1619 342 21.
1639 311 1668 352 §.
1682 311 1738 351 fin.
1768 320 1939 352 propterea

1057 352 1145 393 quod
1169 361 1209 383 ne
1228 353 1368 384 debitori
1389 352 1518 393 quidem
1537 352 1720 393 prodess'et,
1742 352 1764 384 fi
1781 362 1846 385 non
1866 363 1939 394 pro-

1058 392 1161 425 desset
1183 393 1352 434 fidejussori
1372 406 1380 427 :
1413 394 1563 426 habituro
1585 393 1733 425 adversus
1756 394 1938 429 debitorem

1059 435 1197 466 mandati
1225 436 1385 468 actionem
1402 435 1456 467 nisi
1481 435 1546 476 ejus
1560 436 1657 476 pacto
1674 436 1823 467 adversus
1839 438 1939 469 credi.

1059 484 1165 508 torem
1181 477 1384 517 adjuvaretur
1398 478 1417 509 l.
1430 481 1479 517 46.
1498 477 1540 508 D.
1559 479 1592 508 de
1601 477 1826 519 fidejufforz'bus.
1852 478 1940 513 ldem

1057 518 1090 549 in
1106 518 1274 559 proposito
1292 520 1432 551 dicamus
1444 543 1452 558 ‚
1471 519 1600 551 vendita
1618 519 1808 551 hereditate.
1827 520 1859 551 in
1877 529 1938 560 qua

1058 568 1149 600 aeque
1165 560 1297 591 diversae
1321 560 1392 592 sunt
1407 559 1570 601 personae,
1594 560 1747 592 venditor
1763 560 1794 593 ὅς
1814 556 1940 602 empto·-

1058 611 1118 634 res.
1138 610 1176 632 ac
1190 600 1212 632 fi
1223 602 1305 632 inter
1321 610 1485 642 emptores
1498 603 1526 634 ἃ
1536 602 1715 634 creditores
1727 602 1939 635 hereditarios

1056 643 1095 674 fit
1110 642 1240 684 panum
1252 641 1490 687 tacitum,Non
1509 645 1644 685 amplius
1658 644 1742 685 peti:
1759 653 1825 676 non
1842 643 1879 676 fit
1890 653 1942 686 pa*

1057 684 1143 716 {tum
1161 685 1378 725 principaliter
1393 694 1466 716 cum
1485 687 1676 725 venditore-3
1693 695 1754 718 nec
1771 687 1800 718 ei
1820 687 1939 727 princi«

1057 726 1172 771 paliter
1187 725 1327 767 prodest.
1344 735 1496 758 caeterum
1513 737 1578 759 nori
1596 727 1727 767 prodest
1739 728 1940 768 emptoribus

1057 778 1074 799 a
1089 768 1204 808 quibus
1223 766 1269 799 est
1286 766 1422 807 fadum,
1447 768 1503 800 nisi
1528 769 1625 810 profit
1643 770 1741 801 etiam
1759 769 1940 802 venditori:

1057 810 1221 848 redituro,
1240 808 1261 840 fi
1277 818 1294 840 a
1312 809 1527 841 creditoribus
1542 812 1776 850 conveniatur,
1792 811 1940 846 adversus

1058 858 1222 892 emptores
1240 859 1296 891 pei·
1313 851 1472 883 astionem
1489 860 1530 883 ex
1544 853 1697 884 vendito.
1713 852 1809 894 igitur
1823 862 1889 884 non
1907 853 1942 884 fi-

1058 894 1106 924 nit
1127 893 1210 924 ratio
1229 893 1338 924 tuendi
1362 891 1459 924 fidem
1483 893 1587 933 pasti3
1612 904 1652 925 ne
1675 895 1829 935 exceptio
1850 894 1940 926 taciti

1056 934 1139 975 pasti
1156 935 1317 966 venditori
1329 943 1461 975 quoque
1471 935 1617 967 adversus
1631 936 1811 967 creditores
1827 935 1938 977 profit.

1056 975 1163 1008 Finita
1178 976 1247 1007 sunt
1257 976 1380 1016 aliqua,
1398 977 1542 1008 nonduin
1558 978 1665 1009 omnia
1682 976 1797 1017 speciei
1814 986 1935 1018 propo-

1058 1017 1122 1050 fitae
1141 1018 1360 1049 incommoda.
1384 1017 1488 1049 adhuc
1506 1020 1592 1050 enim
1612 1018 1712 1059 ipsum
1729 1019 1816 1060 quod
1832 1019 1873 1050 de
1891 1028 1944 1051 ex·

1058 1060 1212 1100 ceptione
1229 1060 1316 1090 taciti
1341 1059 1422 1100 pacti
1443 1060 1530 1099 dixi,
1556 1060 1671 1101 recipit
1687 1061 1942 1094 dubitationem:

1057 1111 1099 1132 eo
1115 1101 1204 1142 quod
1223 1101 1423 1142 Pomponius
1438 1102 1457 1132 l.
1474 1111 1523 1142 23.
1542 1101 1584 1134 D.
1609 1102 1866 1140 desolationibus,
1892 1103 1944 1133 So-

1057 1142 1185 1180 lutione,
1202 1142 1326 1183 inquit,
1341 1143 1388 1173 vel
1399 1143 1549 1184 judicium
1560 1150 1612 1184 pro
1628 1145 1708 1175 nobis
1724 1145 1886 1184 accipiendo
1905 1143 1941 1179 ἃ

1057 1185 1150 1217 inviti
1161 1184 1375 1226 &ignorantes
1390 1185 1508 1215 liberari
1518 1185 1676 1226 postumus.
1702 1185 1765 1217 Sed
1781 1186 1846 1217 hoc
1861 1184 1942 1217 scru-

1058 1226 1135 1268 pulo
1154 1225 1220 1266 ipse
1237 1235 1298 1257 nos
1318 1225 1467 1257 liberabit
1486 1226 1702 1267 Pomponius3
1728 1227 1747 1259 fi
1767 1228 1943 1267 prudenter

1058 1267 1246 1308 accipiatur.
1270 1276 1336 1299 non
1353 1268 1438 1299 enim
1455 1267 1519 1307 ait,
1537 1267 1626 1309 poss'e
1641 1277 1700 1300 nos
1718 1269 1861 1307 liberari,
1879 1269 1942 1301 alio

1057 1308 1203 1341 solvente
1220 1308 1366 1340 debitum
1382 1307 1522 1340 nostrum
1533 1332 1542 1348 ,
1558 1318 1613 1340 aut
1628 1310 1690 1340 alio
1706 1309 1894 1350 suscipiente
1910 1320 1941 1342 a·

1057 1350 1181 1382 triones
1198 1349 1330 1383 nostras.
1361 1350 1422 1386 ait,
1447 1349 1535 1391 posse
1552 1360 1612 1382 nos
1628 1351 1754 1383 liberari
1766 1375 1776 1390 ,
1800 1352 1864 1383 alio
1882 1361 1943 1393 pro

1057 1391 1152 1423 nobis
1168 1391 1332 1432 solvente,
1351 1392 1402 1424 vel
1417 1392 1570 1432 judicium
1588 1402 1646 1433 pro
1663 1393 1758 1424 nobis
1777 1392 1943 1434 suscipien-

1058 1440 1101 1464 te.
1124 1433 1157 1464 id
1180 1431 1231 1464 fit:
1256 1433 1309 1464 ubi
1330 1434 1409 1465 alius
1436 1433 1582 1466 debitum
1599 1433 1694 1465 solvit
1712 1434 1821 1466 nostro
1838 1435 1943 1466 nomi-

1056 1483 1118 1521 ne,
1134 1474 1187 1506 vel
1200 1474 1357 1514 judicium
1373 1474 1500 1516 suscipit
1515 1474 1624 1508 nostro
1639 1473 1780 1507 nomine.
1800 1485 1867 1508 non
1884 1475 1940 1509 fit:

1059 1516 1113 1547 ubi
1127 1524 1257 1557 emptor
1273 1516 1461 1549 hereditatis
1477 1515 1604 1558 suscipit
1621 1517 1764 1548 astiones
1781 1517 1942 1549 heredita·

1057 1558 1130 1589 rias.
1147 1566 1212 1589 non
1229 1558 1313 1589 enim
1330 1558 1355 1590 is
1370 1559 1575 1590 venditorem
1591 1558 1737 1599 respicit,
1749 1558 1802 1590 sed
1817 1558 1859 1590 se.
1878 1568 1940 1590 nec

1054 1599 1210 1639 judicium
1222 1598 1348 1640 suscipit
1358 1599 1536 1631 venditoris
1547 1601 1697 1639 nomine3
1714 1599 1766 1631 sed
1778 1598 1851 1632 suo:
1869 1601 1941 1640 quia

1056 1639 1202 1680 promisit
1218 1663 1230 1678 ‚
1261 1649 1334 1672 eum
1359 1641 1495 1672 liberare
1520 1640 1700 1673 actionibus
1724 1641 1940 1674 hereditariis.

1056 1681 1134 1713 huic
1149 1681 1195 1713 rei
1210 1681 1383 1714 indicium:
1399 1683 1487 1723 quod
1501 1681 1523 1714 fi
1538 1692 1604 1714 non
1620 1682 1747 1724 suscipit
1762 1684 1943 1715 venditoris

1058 1722 1300 1763 defenfionem3
1321 1724 1351 1755 ei
1369 1731 1497 1756 tenetur
1511 1723 1639 1756 afflone
1656 1725 1790 1756 venditi.
1816 1724 1846 1756 ὅ(
1864 1734 1945 1757 con-

1057 1772 1124 1804 tra,
1140 1764 1162 1797 fi
1178 1774 1248 1797 eam
1263 1764 1409 1807 suscipit,
1425 1766 1524 1806 magis
1537 1767 1621 1807 gerit
1635 1765 1741 1805 suurn,
1757 1775 1851 1807 quam
1866 1776 1944 1798 ven·

1057 1807 1172 1839 ditoris
1189 1807 1356 1849 negotium
1373 1808 1394 1839 l.
1411 1817 1440 1846 4.
1454 1807 1491 1842 ἐξ
1506 1807 1526 1839 l.
1543 1817 1572 1844 9.
1595 1808 1628 1839 C.
1644 1810 1677 1839 de
1685 1809 1942 1849 procuratoribus:

1057 1849 1200 1889 ideoque
1219 1858 1292 1881 eum
1309 1857 1374 1881 non
1392 1849 1506 1882 liberat
1524 1848 1593 1890 ipso
1608 1850 1698 1891 jure3
1714 1847 1767 1881 sed
1782 1854 1838 1889 (nt
1855 1850 1943 1890 ajunt

1057 1890 1276 1931 Imperatores
1287 1891 1315 1922 d.
1326 1891 1345 1922 l.
1358 1891 1408 1930 2.)
1423 1891 1621 1931 exceptione
1638 1891 1726 1923 taciti
1742 1891 1834 1931 pacti.
1852 1890 1942 1932 quod

1057 1932 1088 1963 &
1113 1931 1306 1978 Rapinianus
1332 1933 1352 1966 l.
1367 1943 1419 1973 95.
1445 1932 1474 1974 §.
1493 1942 1538 1964 10.
1554 1932 1597 1964 D.
1622 1935 1656 1965 ale
1677 1933 1887 1972 fhlutionibus,
1909 1932 1942 1963 &-

1057 1972 1215 2014 Ulpianus
1242 1974 1263 2006 ἰ.
1291 1979 1341 2009 28.
1364 1975 1406 2005 D.
1439 1974 1585 2005 Mandati
1605 1975 1653 2006 vel
1676 1980 1796 2015 contra,
1818 1975 1850 2007 in
1873 1973 1941 2005 aliis

1057 2014 1226 2057 speciebus
1244 2015 1453 2049 observarunt
1470 2017 1656 2049 commode.

1054 2131 1078 2156 τ
1135 2121 1211 2157 ΙΙΙ.

179 2202 350 2239 Praetorem
366 2203 399 2236 in
417 2201 470 2236 hoc
486 2201 598 2236 Editio
609 2199 673 2248 sub
690 2199 895 2246 appellatione
907 2199 994 2245 1)αὲἶί
1012 2199 1154 2234 conventi
1172 2204 1238 2232 tam
1263 2199 1503 2233 transactionem
1524 2198 1696 2243 complesti,
1726 2209 1818 2243 quain
1843 2198 1892 2231 do-

307 2252 483 2285 nationem:
508 2251 541 2285 id
557 2249 622 2297 est,
646 2251 820 2295 pactionem
837 2245 880 2288 &⁹
893 2248 1122 2283 conventionem
1140 2251 1172 2282 in
1180 2245 1296 2293 specie.
1332 2245 1373 2287 ὅ)
1388 2248 1460 2293 quid
1476 2248 1523 2281 his
1532 2246 1760 2293 significetur?

127 2355 289 2427 Verum
309 2354 410 2386 redeo
426 2353 465 2385 ad
482 2351 642 2385 Edictum.
678 2352 802 2384 Praetor
816 2354 922 2391 enim,
939 2361 1014 2384 cum

213 2398 276 2435 ait,
295 2395 391 2428 Pacta
406 2400 550 2426 conventa
559 2395 703 2434 servabo,
719 2404 785 2425 non
800 2392 863 2426 fuit
879 2403 1014 2426 conten-

128 2446 179 2471 tus
197 2437 352 2470 divifione
374 2436 463 2469 taciti
487 2436 517 2468 &
542 2435 678 2476 expreffi
696 2435 779 2475 pacti
797 2444 893 2476 quarn
911 2445 1013 2476 expo·

128 2479 195 2514 sui:
215 2478 268 2511 sed
286 2479 341 2511 sub
360 2479 408 2511 his
427 2478 534 2510 verbis
550 2478 659 2510 adhuc
676 2478 754 2510 duas
770 2478 846 2509 alias
864 2487 1013 2519 compre·

128 2521 245 2553 hendit
259 2519 402 2553 formas:
426 2529 489 2551 una
502 2519 548 2551 est
567 2520 600 2552 in
619 2518 726 2560 specie
744 2519 872 2560 pactum
890 2520 920 2551 &
936 2528 1015 2551 con·

127 2571 280 2595 ventum:
304 2563 402 2594 altera
418 2560 590 2593 transactio
607 2569 753 2592 vocatur.
781 2568 951 2602 utramque
970 2561 1015 2592 in·

128 2606 217 2638 dicat
235 2603 436 2635 Consultatio
452 2602 583 2635 Veteris
600 2601 821 2643 Juriscousulti
841 2611 937 2643 quam
956 2601 1015 2634 suis

129 2645 433 2679 Consultationibus
459 2644 609 2684 praemiiit
628 2644 770 2685 Jacobus
794 2643 952 2684 Cujacius.
982 2645 1016 2676 in

129 2698 168 2720 ea
185 2688 302 2719 citatur
319 2685 433 2718 Paulus
449 2686 498 2717 lib.
517 2695 545 2718 1.
567 2685 625 2717 Tit.
657 2685 706 2717 De
722 2685 817 2726 paritis
837 2685 873 2720 &¹
891 2695 1014 2717 conven-

128 2731 255 2762 tionibus
268 2727 315 2759 vel
331 2726 595 2760 transatttonibus:
611 2728 689 2760 item
706 2737 747 2759 ex
763 2727 913 2768 Corpore
930 2726 1013 2759 Her-

128 2769 325 2812 mogeniano
352 2767 489 2807 Titulus,
515 2768 562 2800 De
582 2768 677 2809 pactis
701 2768 739 2803 ὅ)
755 2767 1012 2801 transactionibus.

127 2812 203 2846 Esse
222 2818 378 2853 praeterea
396 2809 494 2840 video
510 2810 541 2841 in
558 2809 684 2842 Codice
702 2809 937 2842 Theodofiano
956 2808 1014 2842 Ti·

129 2856 252 2892 tulum‚
269 2851 317 2884 De
326 2850 425 2893 patris
441 2849 478 2885 ὅ)
495 2851 751 2884 transactionibus.
778 2862 815 2884 ea
832 2861 914 2884 vero
933 2851 1014 2893 quid

130 2893 353 2930 denunciant?
377 2891 432 2924 niti
456 2892 544 2933 quod
565 2893 710 2934 pactum,
737 2894 768 2926 δε
792 2901 1013 2933 conventum,

127 2939 162 2971 in
179 2936 296 2969 Edicto
314 2934 360 2967 est
375 2942 495 2977 genus:
516 2933 604 2978 cujus
622 2935 692 2966 duae
717 2934 788 2967 sunt
812 2943 936 2977 partes:
960 2935 1014 2967 vel

128 2979 260 3021 pastum
277 2977 308 3009 δι
325 2981 525 3009 conventum
541 2983 573 3006 in
597 2974 704 3015 specie
720 2977 802 3015 tale,
826 2978 877 3009 vel
897 2985 1014 3009 transa-

129 3021 206 3054 etio.
231 3019 367 3059 amplius
383 3016 542 3057 suspicor,
558 3016 636 3048 olim
653 3026 750 3049 unum
763 3018 855 3050 fuiffe
864 3018 1014 3050 Titulum

129 3063 183 3104 qui
202 3065 233 3095 in
256 3059 397 3103 Digestis
413 3058 444 3091 ὅ(
461 3057 586 3090 Codice
602 3058 719 3089 deinde
736 3068 752 3089 a
770 3059 949 3098 Justiniano
966 3061 1012 3092 di-

129 3105 211 3136 visus
228 3103 275 3136 est
292 3103 325 3134 in
342 3103 434 3135 duos.
460 3107 557 3140 atque
574 3108 612 3131 ea
629 3100 730 3140 gratia
746 3100 777 3130 in
795 3099 936 3141 Digestis
957 3101 1013 3133 sub

128 3145 266 3184 Tituio,
292 3143 346 3176 De
369 3141 657 3179 transactionibus,
683 3140 805 3172 nullum
829 3150 920 3174 extat
937 3142 1012 3175 Edi-

131 3188 238 3226 stum3
259 3185 339 3218 ficut
354 3194 416 3216 nec
433 3193 516 3225 opus
531 3182 593 3225 fuit
609 3190 738 3214 extare:
762 3182 883 3223 quippe
899 3192 972 3216 cum
988 3185 1013 3216 is

130 3229 264 3263 Titulus
282 3227 319 3259 sit
335 3236 406 3267 pars
423 3225 528 3258 Edisti
546 3225 587 3257 de
604 3223 704 3265 paCtis
721 3225 903 3256 conventis.

170 3270 291 3313 Igitur,
313 3277 392 3310 age,
411 3267 632 3301 examinemus
650 3272 818 3308 utramque
833 3265 920 3307 patli
936 3274 1014 3299 con-

1062 2352 1151 2383 venti
1176 2350 1332 2384 formam:
1356 2350 1444 2383 fimul
1461 2357 1607 2381 tenorem
1627 2349 1646 2380 l.
1668 2359 1692 2382 1.
1712 2349 1754 2382 D.
1777 2351 1811 2381 de
1827 2355 1938 2381 transa-

1058 2393 1218 2425 itionibus.-
1241 2393 1273 2424 i‘n
1290 2402 1352 2433 qua
1369 2394 1474 2424 nostra
1488 2400 1562 2433 eget
1580 2390 1736 2431 Ulpianus
1755 2391 1938 2434 diligentia,

1061 2436 1207 2466 nondum
1225 2434 1396 2475 expositis,
1414 2444 1448 2465 ut
1466 2441 1619 2473 oportet,
1636 2435 1702 2474 ejus
1719 2433 1836 2465 verbis.
1861 2431 1939 2463 Ver-

1057 2477 1098 2508 ba
1115 2475 1258 2517 Ulpiani.
1289 2475 1355 2520 Qui
1370 2474 1524 2516 transigit,
1542 2473 1625 2515 quasi
1639 2478 1672 2506 clo
1690 2485 1720 2506 re
1735 2475 1823 2506 dubia
1839 2474 1874 2509 &³
1890 2473 1938 2504 lite

1057 2520 1188 2556 incerta,
1211 2527 1302 2559 neque
1315 2517 1408 2557 finita
1427 2516 1575 2558 transigit.
1607 2519 1658 2558 qui
1675 2526 1743 2548 vero
1761 2517 1937 2557 paciscitur,

1057 2561 1222 2591 donationis
1238 2559 1329 2599 causa
1344 2568 1404 2589 rem
1425 2565 1532 2589 certam
1549 2557 1586 2592 ἐξ
1603 2559 1801 2590 indubitatam
1817 2556 1937 2588 liberali-

1060 2606 1119 2632 tate
1134 2601 1268 2633 remittit.
1308 2600 1356 2632 lta
1374 2599 1547 2631 Florentiae
1565 2600 1764 2641 interpungit
1781 2597 1939 2631 Taurclli-

1059 2651 1114 2680 us,
1138 2643 1234 2675 etiam
1255 2642 1452 2674 Haloander.
1477 2650 1538 2673 nec
1555 2642 1646 2673 aliter
1667 2641 1774 2683 legisse
1792 2641 1940 2672 videntur

1059 2683 1187 2723 Graeci,
1210 2682 1327 2722 Basilio.
1345 2683 1392 2714 lib.
1411 2693 1463 2714 xr.
1491 2685 1538 2714 tit.
1559 2693 1587 2715 2.
1606 2691 1674 2716 tom.
1695 2692 1719 2714 1.
1735 2690 1804 2724 pag.
1824 2691 1894 2722 770.
1915 2679 1938 2712 ss

1057 2736 1154 2758 vere:
1171 2728 1224 2757 vix
1240 2725 1346 2767 potest
1359 2724 1513 2765 Ulpianus
1529 2724 1592 2756 fine
1607 2726 1726 2756 rubore
1742 2723 1881 2755 excusari
1898 2722 1937 2752 ab

1056 2770 1166 2808 inepta
1185 2768 1326 2807 ejusdem
1343 2767 1387 2798 rei
1409 2766 1625 2807 repetitione:
1641 2767 1725 2798 idem
1746 2763 1939 2806 fignificante

1057 2808 1124 2841 hoc
1140 2809 1305 2840 donationis
1323 2808 1410 2848 causa
1429 2810 1458 2839 (St
1478 2808 1661 2839 liberalitate.
1707 2806 1752 2839 Ut
1781 2815 1884 2839 tamen
1908 2804 1939 2836 ei

1057 2850 1220 2883 constaret
1235 2851 1316 2882 ratio
1326 2873 1336 2889 ‚
1351 2849 1443 2881 subiit
1458 2849 1660 2882 Franciscum
1673 2848 1861 2881 Duarenum
1871 2869 1881 2885 ‚
1896 2845 1937 2878 V.

1057 2892 1119 2925 CL.
1137 2891 1349 2934 distinguere:
1367 2890 1431 2936 Qui
1443 2901 1510 2923 vero
1521 2891 1683 2932 paciscitur
1695 2890 1859 2922 donationis
1873 2896 1940 2919 cau-

1047 2934 1105 2975 sa,
1129 2944 1188 2965 rem
1210 2940 1319 2965 certam
1337 2933 1374 2968 Β
1395 2934 1593 2965 indubitatam
1618 2932 1790 2964 liberalitate
1803 2930 1939 2961 remittit.

1057 2975 1243 3017 Ingeniose:
1261 2983 1295 3007 ut
1306 2983 1340 3007 ut
1355 2975 1464 3016 placet
1472 2975 1619 3007 Domino
1632 2974 1772 3011 Vinnio,
1788 2971 1834 3003 Do
1845 2977 1940 3001 trans·

1056 3017 1219 3050 ustionibus
1235 3028 1261 3049 c.
1281 3026 1307 3049 1.
1326 3017 1355 3058 §.
1373 3020 1412 3056 6,
1430 3026 1468 3048 ea
1485 3017 1517 3049 in
1533 3016 1726 3049 definitione
1741 3022 1802 3045 nec
1819 3012 1860 3057 sic
1875 3010 1939 3042 ess'e

1057 3058 1101 3091 sat
1117 3060 1260 3091 rationis.
1287 3059 1353 3100 iple
1374 3058 1524 3097 quidem,
1539 3067 1606 3090 non
1623 3056 1770 3093 inficior,
1786 3052 1941 3099 vitiobhu-

1056 3110 1158 3133 manae
1175 3102 1340 3132 memoriae
1358 3101 1531 3140 aliquando
1548 3100 1632 3132 idem
1651 3096 1712 3128 effe
1730 3105 1746 3126 a
1766 3093 1939 3125 Veteribus

1056 3142 1105 3175 bis
1121 3143 1286 3183 icriptum.
1302 3143 1380 3182 quin
1396 3142 1550 3180 memini,
1566 3150 1618 3172 me
1631 3138 1679 3169 lib.
1689 3147 1717 3177 3.
1735 3134 1937 3181 Probabiliurn

1055 3194 1080 3215 c.
1096 3193 1143 3216 10.
1170 3184 1260 3223 hujus
1277 3184 1393 3216 erroris
1407 3183 1480 3215 alibi
1496 3181 1690 3213 convincere
1704 3177 1733 3208 &
1748 3175 1939 3223 Tryphoni:

1055 3234 1131 3257 num
1156 3226 1185 3257 ἀ
1212 3225 1400 3265 Ulpianum.
1435 3232 1469 3255 at
1487 3225 1520 3254 in
1537 3218 1704 3262 proposito
1724 3219 1840 3259 religio
1861 3216 1938 3249 milit

1054 3265 1119 3305 cst,
1134 3265 1316 3307 adspernari
1327 3265 1469 3298 Duareni
1479 3260 1769 3303 interpunctionem
1782 3257 1939 3330 εὸῡίωὲἱὶ-

1864 3309 1882 3331 v
1921 3313 1932 3321 .
