2108 3479
582 129 750 176 vslTA
798 122 1605 172 v.‘C.GERARD1NoouT;

208 226 298 261 ³tium
319 221 360 257 ad
382 210 507 270 justam
534 203 766 252 defensionem
787 203 978 247 armorum!
1005 208 1058 243 At
1078 219 1164 244 vero
1186 206 1454 253 perpendamus,
1480 219 1639 255 quaenam·
1666 207 1737 244 fata
1759 207 1821 244 fint
1843 205 1988 255 pleium-

217 284 301 319 que,
327 270 351 306 fi
381 281 449 306 non
470 268 617 312 semper,
637 259 812 308 “ejusmodi
831 257 1148 296 concertationum:
1175 266 1278 302 quam
1303 255 1406 300 facile
1425 256 1463 290 lis
1494 269 1538 292 ex
1564 257 1620 292 lite
1644 257 1785 300 seratur,
1819 259 1856 293 ὅ(
1881 259 1992 294 nullus

212 299 350 357 sutu’rus
377 318 421 353 fit
441 315 518 352 finis
548 307 721 359 pugnandi
738 335 749 351 ,
784 306 842 342 ubi
865 306 941 353 quis
964 305 1064 340 semel
1087 305 1262 350 inceperit.
1327 303 1375 339 Sit
1399 304 1622 340 Adversarius
1652 316 1811 352 pugnax,
1853 317 1909 342 aut
1931 308 1995 354 qui„

216 368 275 405 fibi
322 366 410 412 quod
433 371 543 399 rarum
567 370 635 395 non
657 355 707 391 est
724 383 736 398 ,,
762 354 866 390 ’valde
890 353 1076 389 blandiatur
1100 353 1134 389 in
1157 356 1219 395 elas,
1250 354 1354 399 quarn
1375 351 1425 388 est
1455 353 1554 389 semel
1580 353 1775 400 amplexus,
1811 356 1990 392 sententia-2

214 395 341 452 ‘frusira
359 413 438 449 huic
461 416 616 465 opponas
639 403 793 441 Achillea
813 405 1012 449 argumenta
1029 427 1040 444 ‚
1074 411 1132 437 aut
1154 401 1268 437 saltem
1290 401 1439 437 ‘rationes
1470 403 1572 450 longe
1605 402 1646 438 iis
1669 403 1869 447 validiores,
1909 415 1992 451 qua-

218 473 294 500 rum
318 473 438 497 amore
457 458 525 505 ipse
551 462 670 501 captufs
702 451 771 488 est:
806 451 878 487 Vim
901 461 1018 487 earum
1037 477 1047 492 ‚
1078 449 1145 486 etsi
1166 449 1313 494 sentiat,
1351 455 1520 497 perpetuo
1544 451 1679 487 eludere
1711 452 1916 495 conabitur3
1954 451 1994 490 ὅτ.

212 522 322 560 quam
345 511 378 546 im
406 508 468 544 suis
497 512 593 553 putat
616 501 684 537 effe
706 500 773 536 alte
795 499 910 535 animo
937 498 1109 546 infigens,
1137 497 1272 545 effugiis
1303 499 1610 546 qualibuscumque·
1635 510 1820 546 numquam
1844 501 1997 537 carebit:

218 561 326 598 immo
351 564 568 604 argumenta,
599 551 676 598 jam,
699 549 739 585 ab
765 548 874 584 altero
894 547 1061 590 refutata,
1102 547 1173 583 aliis
1198 547 1312 583 verbis
1334 559 1396 594 per
1419 549 1581 595 ambages
1604 549 1788 595 repetendo
1805 577 1815 593 ,
1852 549 1885 585 se
1915 549 1997 585 satis

218 609 306 646 belle
329 606 400 643 rem
424 599 554 652 geffiffe
575 597 790 637 existimabit,-
842 597 880 632 Si·
901 606 1059 644 urgeatur
1082 607 1208 645 porro,
1230 595 1264 631 in
1283 595 1348 632 iras
1367 597 1605 642 excandescet,
1632 598 1666 634 ni
1682 601 1793 634 tamen
1806 598 1878 645 jam
1897 607 1997 634 antea

218 658 288 694 huc
305 654 454 702 delapsus
470 652 525 687 fit:
553 649 590 686 δι
612 658 713 696 quam
725 643 863 682 difficile
875 648 957 681 tu'nc
973 645 1036 692 erit
1051 642 1148 680 alteri
1171 644 1324 691 seipsum
1341 645 1533 689 continere,
1561 657 1605 682 ne
1626 646 1718 682 malo
1733 646 1896 690 exemplo
1920 656 1996 681 mo-

220 714 366 747 veatur,
393 697 655 738 mitiffimalicet
671 695 739 739 ipse
757 693 872 730 indole
889 693 953 730 fit?
979 694 1031 730 Ut
1048 693 1193 739 denique
1217 693 1252 728 in
1279 704 1338 737 ea,
1365 705 1444 740 quae·
1463 703 1561 731 extra
1584 696 1681 731 oleas·
1701 695 1793 738 sunt,
1820 694 1859 730 ἃ.
1885 694 1997 742 perso-

220 765 299 791 nam
318 751 449 799 potius,
477 758 578 796 quam
607 742 757 780 caussam·
773 741 927 789 feriunt,
950 742 1079 779 desinat
1090 742 1295 787 disputatio,
1330 751 1402 778 rem
1428 744 1788 791 magisimplicatura,
1815 753 1915 790 quam
1938 754 1998 779 ex-

221 802 398 848 plicatura.
449 798 523 833 Alia
538 794 609 829 fuist*
621 791 759 828 Nostro
769 803 863 827 mens
875 820 890 835 „
912 791 979 827 alia·
999 791 1177 838 sapientia:
1203 802 1310 837 eaque
1334 791 1483 837 semper,
1519 802 1622 838 puto,
1659 804 1732 828 non·
1752 791 1894 827 minima
1922 803 1998 840 pars

208 851 282 885 ‘erit
308 849 441 885 laudum
457 844 519 891 ipsi
535 841 743 884 debita-rum,
772 839 809 875 &
827 841 868 875 ab
884 841 1060 883 omnibus,
1088 839 1216 887 quires
1238 850 1281 875 ex
1298 851 1382 875 vero
1405 839 1593 886 aestimant,
1615 852 1686 877 non
1713 841 2000 888 denegandarum.

220 898 348 935 Merito
366 895 514 931 malebat
527 892 610 933 ille,
631 890 691 924 nbi
707 889 793 925 nilmil·
813 889 946 926 videret
960 890 993 925 in
1009 886 1286 925 Diffentientium
1305 890 1527 935 argumentis,
1554 902 1622 938 quo
1640 891 1694 926 sua
1717 889 1999 937 infringerentur,

220 946 258 982 δι
274 946 347 982 satis
372 942 513 990 putabat
528 940 561 977 se
579 937 695 975 disiss‘e
717 949 759 974 ut.
769 938 981 985 comparatio
1001 936 1093 974 refire
1113 936 1230 980 fieret,
1251 936 1419 983 judicium
1442 948 1555 974 totum
1574 938 1836 985 intelligentibus
1854 937 1892 974 δε
1914 938 2003 985 peri-

219 995 264 1030 tis
280 989 480 1029 Lestoribus
494 988 716 1036 permittere,
741 997 842 1034 quam
858 988 893 1023 in
907 997 1043 1023 arenam
1060 984 1278 1028 descendere,
1305 996 1384 1021 cum
1412 986 1565 1031 peniculo
1587 998 1630 1023 ne
1649 987 1725 1034 post
1751 988 1889 1034 longum
1912 986 2002 1022 forte

221 1053 394 1079 certamen
408 1039 497 1076 haud
513 1035 796 1084 plus-profestum
811 1034 919 1080 foret,
946 1046 1048 1082 quam
1066 1034 1091 1070 s1
1114 1044 1280 1081 perpetuo
1304 1033 1445 1070 siluisset.
1499 1032 1605 1085 Quod
1625 1035 1648 1071 fi
1668 1036 1846 1082 aliquando
1871 1034 2003 1070 consul-

221 1101 297 1126 tum
318 1090 481 1130 iudicavit
499 1085 622 1133 aliquid
639 1095 826 1132 reponere,
854 1085 888 1121 id
905 1095 1007 1132 quam
1023 1083 1228 1130 pauciffimis
1243 1083 1356 1118 verbis
1372 1082 1476 1127 Fecit,
1503 1083 1610 1131 iisque
1629 1082 1802 1119 modestiae
1820 1083 1858 1119 δε
1883 1083 2002 1119 huma-

219 1131 334 1176 nitatis
357 1137 474 1183 plenis.
525 1129 564 1171 in
588 1133 647 1169 lite
666 1143 799 1168 tantum
825 1144 905 1169 cum
929 1132 1144 1178 Ampliffimo
1167 1131 1400 1179 Bynkershoekio
1417 1159 1428 1175 ‚
1460 1133 1502 1168 de
1525 1143 1592 1179 qua
1613 1132 1729 1178 supra,
1757 1131 1890 1178 vulgari
1917 1132 2006 1168 vitio

221 1185 486 1235 ingravescentis
504 1182 635 1226 aetatis,
658 1182 782 1228 aliquid
798 1182 940 1218 humani
958 1182 1029 1228 pati
1047 1181 1111 1217 hac
1130 1180 1164 1216 in
1182 1190 1275 1227 parte
1294 1179 1384 1216 visus
1398 1180 1457 1216 est.
1509 1181 1604 1216 Nam
1633 1179 1831 1227 ceteroquin
1855 1180 1949 1216 omni
1971 1191 2007 1216 a·

223 1236 387 1273 cerbitate
405 1235 591 1270 verborum
615 1231 651 1266 in
673 1238 830 1267 mortuos
853 1242 985 1278 quoque
1009 1229 1122 1265 sedulo
1145 1228 1329 1273 abstinuit:
1374 1228 1482 1264 immo
1504 1241 1583 1265 cum
1611 1228 1813 1276 praefatione
1839 1228 2003 1272 honoris,

216 1286 325 1322 ‘etiarn
349 1283 406 1319 ubi
423 1281 610 1323 refelleret,
628 1291 692 1316 eos
711 1280 893 1327 indicabat.
944 1279 1031 1325 Non
1054 1278 1128 1321 ille,
1156 1276 1216 1314 etsi
1236 1275 1370 1324 paffim,
1397 1287 1435 1314 ut
1460 1278 1677 1324 audaciores,
1703 1277 1861 1324 rejiceret
1890 1277 2007 1324 conje-

220 1333 332 1370 auras
349 1330 510 1379 quasdam
536 1324 782 1364 FRANCISCi
813 1323 1150 1370 HOTOMANNI,
1183 1326 1333 1373 exempli
1354 1326 1485 1374 gratia,
1519 1336 1577 1363 aut
1599 1325 1818 1361 ANTONII
1845 1325 2006 1370 FABRI,

218 1382 299 1419 ideo
314 1378 532 1416 contumeliis
553 1387 613 1414 eos
626 1376 884 1423 proscindebat,
911 1385 950 1411 ut
963 1374 1121 1411 fecerunt
1134 1374 1308 1418 nonnulli,
1337 1376 1442 1423 quiin
1459 1374 1540 1412 tales
1562 1375 1687 1411 scilicet
1711 1374 1771 1410 fibi
1791 1375 1905 1410 omnia
1927 1374 2006 1410 lice-

221 1443 263 1467 re
275 1438 435 1477 putarent
450 1456 460 1472 ,
488 1437 660 1474 tamquam
682 1437 750 1462 non
764 1425 841 1462 satis
864 1424 1008 1460 comiter
1024 1424 1174 1459 colentes
1197 1422 1405 1470 majestatem
1427 1423 1728 1471 Jurisprudentiae‚
1756 1433 1813 1459 aut
1836 1423 2007 1459 Veterum

221 1480 309 1526 Juris
326 1476 545 1518 Antistirum,
573 1474 609 1511 ἃ
627 1474 717 1521 quasl
735 1485 810 1510 reos
825 1471 1076 1520 perduellionis.
1125 1472 1181 1507 Ad
1196 1472 1361 1508 summam
1376 1500 1387 1517 ,
1415 1484 1460 1509 ne
1475 1472 1577 1508 fufius
1593 1471 1723 1520 singula
1741 1472 1941 1519 persequar,
1968 1482 2010 1508 ea

222 1528 287 1564 fuit
301 1525 431 1563 Noster
448 1524 589 1567 indole,
611 1522 647 1559 ἃ
666 1521 783 1566 infita,
810 1522 847 1558 <Sc
868 1521 983 1558 studiis
1002 1521 1207 1557 Litterarum
1223 1521 1376 1565 exculta,
1403 1532 1480 1568 quae
1502 1521 1591 1557 haud
1610 1531 1685 1557 raro
1710 1521 1745 1556 in
1765 1520 1935 1557 contraria
1957 1520 2009 1557 fe-

224 1586 301 1613 runt
319 1575 402 1611 vitio
427 1573 604 1609 hominum
629 1571 857 1608 abutentium:
885 1579 922 1605 ut
945 1569 1037 1605 intus
1057 1569 1094 1605 δε
1118 1568 1201 1605 foris
1225 1570 1256 1605 se
1279 1579 1446 1616 perpetuo
1465 1569 1681 1615 tranquillum
1707 1569 1921 1613 servaverit,
1949 1567 2010 1605 fibi

224 1625 293 1668 ixa,
317 1623 354 1659 <St
370 1622 442 1658 aliis
464 1628 548 1664 >cum
576 1619 694 1668 quibus
718 1620 800 1656 vitae
825 1617 1034 1655 commercia
1055 1621 1171 1662 erant,
1198 1619 1432 1655 commodum.
1484 1618 1606 1666 Testes
1623 1617 1775 1664 adpelle,
1802 1618 2011 1666 quicumque

224 1673 336 1709 adhuc
350 1666 557 1718 superstines:
586 1679 697 1705 certus
713 1669 814 1716 longe
828 1668 924 1713 plura
939 1666 1106 1710 dieiuros,
1134 1676 1170 1702 ut
1185 1667 1241 1713 qui
1258 1667 1361 1715 longe
1377 1667 1473 1715 plura
1487 1667 1570 1704 scire
1595 1666 1743 1716 poffunt.

272 1721 392 1756 Nem-o
407 1719 569 1766 uinquam·
590 1717 702 1753 minus
723 1716 858 1753 indulsit
873 1716 980 1752 nimio
997 1715 1032 1751 in
1047 1715 1229 1761 opiniones
1251 1715 1325 1752 suas
1349 1716 1515 1753 adfectui:
1543 1724 1648 1752 nemo
1669 1715 1801 1752 facilius
1824 1714 1918 1759 tulit,
1952 1723 2011 1752 eas

224 1771 267 1807 ab
283 1769 352 1806 aliis
376 1778 447 1804 non
468 1766 614 1815 probari:
671 1766 855 1802 Exhiberet
875 1765 907 1801 ei
928 1764 1042 1811 aliquis
1066 1764 1257 1807 Studio-sus,
1284 1775 1342 1800 aut
1366 1765 1570 1801 Candidatus
1592 1765 1704 1812 Juris,
1735 1764 2012 1811 Disputationem

223 1817 508 1856 examinandam:
534 1814 652 1860 siquid
673 1814 721 1849 ibi
740 1813 948 1860 reperiebat,
975 1811 1019 1847 de
1033 1823 1103 1858 quo
1119 1812 1190 1857 ipse
1207 1813 1300 1848 aliter
1322 1815 1422 1859 plane
1442 1814 1594 1857 sentiret,
1623 1814 1677 1848 vel
1695 1813 1911 1857 primus,vel
1934 1811 2013 1858 post

222 1867 306 1903 alios
323 1878 343 1901 a
360 1865 467 1911 vulgo
480 1861 680 1898 recedentes
696 1860 766 1907 ipse
788 1859 931 1896 Autrori
948 1859 1153 1895 adolescenti
1169 1860 1357 1904 indicabat,
1370 1870 1445 1908 quae
1463 1862 1552 1896 forte
1568 1858 1751 1907 ignorass'et
1773 1869 1830 1897 aut
1846 1861 2014 1909 neglexis-

226 1915 293 1957 set,
319 1914 356 1949 in
369 1918 442 1949 'r'em
455 1911 527 1958 ejus
545 1908 726 1944 facientia:
751 1916 884 1943 tantum
905 1906 997 1942 abest
1010 1912 1046 1942 ut
1061 1915 1242 1953 propterea
1261 1907 1316 1943 vel
1334 1909 1513 1944 minimum
1530 1908 1769 1945 offenderetur.

275 1962 362 1998 Non
379 1960 445 2004 illi,
462 1963 510 2002 ,ut
531 1957 702 2004 plurimis,
728 1956 804 1992 satis
820 1955 991 1992 faciebant
1014 1954 1142 2002 quaevis
1170 1958 1390 2002 argumenta,
1417 1958 1474 1992 'vel
1495 1957 1679 2001 leviffima,
1707 1957 1748 1993 ad
1775 1957 1885 2005 Leges
1909 1958 2012 1995 inter-

226 2011 430 2060 pretandas,
456 2007 494 2044 ἃ
516 2017 653 2053 quoquo
669 2004 795 2048 modo,
821 2004 927 2040 invita
942 2003 1072 2040 ratione
1087 2001 1126 2038 ἃ
1142 2011 1214 2039 arte
1227 2030 1237 2047 ,
1271 2004 1357 2040 inter
1378 2005 1411 2040 se
1429 2004 1668 2042 conciliandas.
1721 2005 1887 2055 Quando,
1915 2007 2012 2043 adhi-

226 2061 304 2098 bitis
321 2059 457 2106 optitnis
475 2054 734 2101 Interpretibus,
761 2053 798 2090 δι
813 2053 955 2100 propria
979 2051 1083 2087 animi
1109 2052 1349 2096 meditatione,
1377 2053 1460 2089 nihil
1483 2054 1692 2100 reperiebat,
1725 2055 1816 2101 quod
1839 2055 2012 2101 probabile

228 2109 422 2150 videretur,
449 2105 490 2141 ad
506 2104 616 2150 ἐτοχῆν
631 2131 640 2147 ,
667 2113 840 2150 tamquam
856 2102 898 2137 ad
919 2101 1047 2137 sacram
1062 2096 1267 2145 anchoram,
1295 2101 1384 2137 haud
1400 2102 1527 2138 invitus
1543 2101 1784 2150 confugiebat,
1811 2102 1848 2139 δε
1864 2105 1954 2140 bona
1968 2104 2010 2139 fi-

228 2158 273 2194 de
290 2155 515 2203 ignorantiam
532 2154 623 2189 suam
642 2150 893 2197 profitebatur„
926 2149 1094 2196 Exempla
1113 2148 1230 2196 passim
1250 2151 1284 2186 in
1299 2150 1468 2197 Operibus
1487 2151 1559 2197 ejus
1575 2150 1718 2188 exstant.
1743 2151 1855 2187 Immo
1880 2152 1944 2187 hac
1962 2153 2007 2189 de

229 2205 338 2242 cauffa
355 2205 522 2250 integrum
540 2201 696 2236 Titulum
714 2200 747 2236 iu
771 2197 1054 2242 PANDECTIS,
1080 2199 1130 2234 De
1151 2199 1337 2236 Condifflone
1363 2199 1562 2243 Triticiaria,
1589 2200 1658 2236 sine
1684 2200 1749 2237 ulla
1772 2200 2006 2247 explicatione

228 2252 427 2290 transmisit:
457 2263 515 2286 non
529 2249 686 2297 adsuetus,
712 2258 748 2284 ut
761 2248 806 2284 ibi
822 2247 1018 2294 profitetur,
1045 2247 1121 2283 alios
1138 2248 1259 2290 docere,
1284 2248 1360 2294 quod
1373 2247 1434 2296 ipſse
1448 2260 1505 2284 non
1523 2250 1678 2296 intelligat
1703 2277 1711 2286 .
1740 2277 1748 2285 .
1774 2277 1783 2286 .
1810 2277 1818 2285 .
1845 2261 1897 2285 nec
1914 2249 2012 2297 effen-

229 2304 302 2346 der,
328 2301 440 2344 addit,
465 2299 645 2335 verecundia
660 2297 840 2340 abstinentis
854 2297 988 2343 exemplo
1007 2297 1125 2343 publice
1147 2298 1256 2332 noxio:
1281 2298 1382 2344 utique
1398 2309 1456 2333 non
1473 2297 1617 2344 effaetum
1635 2298 1735 2340 aliud,
1766 2297 1825 2344 nifi
1844 2306 1878 2333 ut
1901 2299 1948 2334 hic
1969 2296 2012 2338 δ’

229 2353 304 2387 alibi
325 2351 480 2397 incognita
493 2358 547 2395 pro
567 2349 697 2393 cognitis
708 2348 876 2393 jaHentur.
929 2344 1085 2380 Viciffirn
1110 2345 1168 2380 ubi
1187 2357 1232 2382 ex
1258 2346 1384 2393 regulis
1408 2345 1500 2382 reste
1518 2346 1759 2393 interpretandi
1785 2346 1960 2383 constabat
1980 2360 2002 2383 e

228 2401 275 2436 de
289 2399 379 2435 sensu
400 2399 500 2443 Legis
516 2396 712 2442 cujusdam,
740 2395 777 2431 ἃ
800 2406 973 2441 quousque
988 2393 1076 2430 illius
1093 2402 1189 2430 mens
1206 2404 1358 2441 pateret,
1386 2404 1445 2431 aut
1458 2395 1544 2431 intra
1558 2406 1660 2442 quem
1684 2395 1825 2430 modurn
1858 2395 2012 2438 contine}

226 2458 338 2484 retur:
365 2446 424 2482 etsi
443 2446 565 2491 aliquid
579 2444 646 2479 illic
668 2442 764 2479 statui
790 2443 937 2486 videret,
966 2443 1021 2478 vel
1049 2442 1219 2490 aequitati,
1247 2444 1303 2480 vel
1330 2443 1403 2479 aliis
1426 2443 1575 2491 Legibus
1604 2456 1672 2480 non
1694 2444 1805 2479 minus
1831 2442 1927 2481 claris
1958 2444 2012 2480 &-

228 2496 414 2544 perspicuis
429 2521 439 2537 ‚
466 2504 674 2541 repugnans:
702 2493 744 2528 de
765 2492 832 2526 hoc
856 2492 996 2527 minime
1009 2490 1167 2528 sollicitus
1184 2501 1277 2536 erat,
1304 2503 1370 2528 nec
1383 2493 1534 2529 animum
1550 2493 1643 2528 suum
1660 2494 1856 2540 torquebat,
1883 2503 1919 2528 ut
1937 2493 2009 2528 vim

229 2545 356 2581 faceret
379 2543 493 2579 verbis
510 2542 754 2588 mitigationem
780 2550 837 2576 aut
854 2539 1127 2583 conciliationem
1151 2541 1404 2588 respuentibus,
1431 2540 1490 2584 ἃ,
1518 2541 1731 2578 divinatione
1758 2542 1901 2588 quadam
1917 2570 1926 2585 ‚
1951 2543 2009 2587 Ju-

226 2591 462 2640 'rispruzdentiae
479 2600 535 2626 aut
551 2588 823 2624 Architeetorum
840 2589 927 2635 Juris
944 2589 1066 2624 honori
1081 2590 1278 2626 consuleret.
1328 2590 1414 2626 Non
1435 2601 1551 2625 meum
1566 2590 1615 2626 est
1641 2589 1836 2637 negotium:
1863 2591 2010 2625 viderint

227 2640 480 2689 Jurisconsulti,
509 2638 634 2674 viderit
652 2638 874 2681 Tribonianus,
900 2638 1050 2673 viderint
1068 2637 1295 2685 Imperatores
1312 2650 1320 2674 :
1347 2651 1413 2686 ego
1434 2637 1631 2686 Interpretis
1646 2648 1776 2675 tantum
1801 2638 1914 2674 officio
1934 2638 2010 2674 sun·

227 2702 301 2739 gor.
355 2690 404 2723 Ita
419 2689 472 2723 ille
493 2686 531 2723 ἃ
546 2687 634 2731 apud
656 2687 807 2722 animum
820 2686 914 2721 suum
930 2687 1128 2732 reputabat,
1154 2686 1193 2723 δι
1208 2687 1422 2734 praedicabat.

275 2738 348 2774 Otii
369 2735 467 2773 sui&
490 2736 652 2782 temporis
671 2736 816 2780 prudens
835 2735 896 2770 fuit
910 2735 1121 2781 dispensator.
1172 2737 1412 2784 Cognitionem
1438 2735 1477 2772 δε
1495 2736 1682 2773 do&rinam
1715 2735 1853 2772 solidam
1879 2736 2011 2781 semper

228 2787 420 2835 quaerebat:
448 2784 573 2832 singula
595 2785 746 2831 penitus,
775 2794 935 2829 quantum
957 2784 1079 2820 licebat
1100 2811 1110 2826 ‚
1147 2786 1336 2832 perspicere
1362 2785 1400 2822 &
1427 2785 1617 2833 intelligere
1642 2786 1795 2827 amabat,
1827 2784 2010 2830 omniaque

229 2836 283 2872 sua
307 2835 413 2871 studia
428 2833 468 2869 ad
483 2845 543 2876 ea,
570 2833 688 2879 quibus
706 2832 876 2878 praecipue
894 2832 1045 2868 animum
1063 2832 1258 2877 addixerat,
1285 2834 1410 2870 referre
1427 2834 1561 2871 solebat.
1608 2834 1693 2869 Non
1715 2834 1828 2881 itaque
1847 2833 2009 2880 multipli-

230 2896 306 2920 cem
323 2882 650 2931 quamplurimorum
672 2881 885 2925 Scriptorum
915 2880 1099 2918 lectionem
1123 2881 1338 2926 adfeetabat‚
1375 2883 1502 2919 nedum
1523 2881 1732 2919 ostentabat:
1771 2893 1833 2929 per
1850 2892 1951 2930 quam
1971 2881 2005 2916 in

229 2933 341 2968 varias
357 2942 468 2979 partes
482 2940 646 2977 perpetuo
662 2929 794 2965 animus
809 2929 1001 2974 distrarstus,
1026 2932 1139 2966 minus
1162 2932 1336 2968 adtentum
1362 2932 1394 2967 se
1411 2933 1558 2978 praebet,
1591 2931 1630 2967 ὅ(
1651 2931 1772 2967 leviter
1793 2940 1922 2967 tantum
1948 2938 2007 2964 aut

229 2981 368 3016 confuse
382 2990 559 3026 perceptas
576 2991 627 3014 res
644 2978 841 3024 plerumque
865 2987 965 3013 tenet.
1019 2979 1145 3026 Neque
1168 2981 1318 3026 cujusvis
1340 2980 1472 3028 generis
1497 2980 1626 3023 Libris,
1654 2980 1752 3016 bonis
1771 3008 1781 3023 ,
1808 2980 1923 3020 malis,
1950 2986 2007 3013 aut

229 3030 288 3072 qui
312 3029 513 3076 repetitione
538 3039 628 3063 mera
648 3038 758 3062 rerum
776 3025 1078 3075 milliesqdifflzarum
1094 3027 1168 3064 fere
1188 3029 1344 3065 constant
1358 3056 1368 3072 ,
1398 3028 1548 3076 legendis
1564 3038 1621 3064 aut
1638 3027 1850 3076 inspiciendis
1866 3037 2008 3072 operam

227 3077 337 3112 dabat.
388 3078 567 3124 OptimOS,
596 3075 761 3117 utiliores,
803 3075 862 3110 fibi
896 3075 1053 3121 seligebat
1070 3103 1082 3122 ,Ι
1116 3076 1153 3112 δι
1179 3077 1242 3113 hos
1267 3078 1443 3125 diligenter
1462 3077 1692 3124 pervolvebat
1722 3087 1764 3113 ac
1790 3074 2007 3110 scrutabatur.

229 3126 354 3160 Fontes
374 3125 460 3170 ipsos
486 3124 758 3171 jurisprudentiae
774 3124 963 3165 Romanae,
991 3123 1028 3158 δι
1049 3119 1194 3161 Veteres
1222 3132 1456 3173 quoscumque
1472 3125 1639 3162 AuEtores
1664 3126 1705 3161 ad
1726 3124 1801 3171 ejus
1823 3124 2010 3171 intel-ligen-

229 3173 310 3208 tiam
334 3172 456 3220 aliquid
478 3174 706 3217 conferentes,
735 3172 1100 3218 noeturnadiurnaque
1118 3184 1219 3209 manu
1243 3175 1394 3218 versare,
1432 3174 1500 3209 hoc
1527 3186 1634 3221 opus,
1662 3173 1717 3209 h-ic
1742 3173 1837 3209 labor
1862 3171 1946 3208 illius
1975 3184 2010 3207 e-

230 3232 299 3258 rat:
327 3222 378 3257 his
396 3218 505 3258 alebat
520 3222 715 3269 ingenium,
741 3220 779 3258 δι
793 3219 989 3258 industriam
1010 3223 1211 3259 exercebat:
1238 3223 1317 3259 inde
1332 3235 1374 3261 ea
1390 3222 1584 3268 hauriebat,
1610 3232 1685 3270 quae
1699 3222 1879 3259 materiam
1903 3230 1952 3256 tot
1976 3232 2010 3255 e-

1936 3280 2010 3315 gr:-
