2036 3495
324 105 357 145 Α
368 121 390 146 D
416 111 465 146 LI
477 118 507 145 3³
535 105 612 144 ΧΠ·
648 103 749 141 TIT·
776 103 820 140 11³
855 105 906 142 De
918 102 1124 154 jurejurando
1135 134 1145 152 ›
1159 106 1231 154 five
1253 103 1427 146 voluntari&
1437 137 1446 154 ,
1475 93 1544 150 &563

46 200 82 243 qjss
96 225 104 241 ‚
122 198 231 243 jurcrffe
244 209 301 232 non
322 202 454 234 videtur:
479 198 514 234 δέ’
529 199 589 230 iti-⁹0
605 204 643 226 ex
661 194 920 236 ²¹⁷2Wg⁷0³ffil⁸m²²²²

46 251 87 276 ter,
98 244 261 285 jurandum
277 239 326 283 eft.
842 279 848 284 ,

89 284 186 327 lgitnr
203 292 236 315 nt
252 293 308 316 reo
324 282 419 322 profit
432 281 643 324 jusjurandum
655 298 665 317 ‚
688 286 822 316 oportet
838 286 919 327 jura-

46 332 115 358 tum
134 325 214 364 effe,
239 326 425 356 conditione
445 325 557 356 delata.
604 322 629 352 A
647 318 740 358 quo?
763 318 832 366 silet
851 320 920 368 hdl-

49 368 144 400 filum.
171 366 268 398 solum
285 367 381 405 dicit,
405 366 438 397 Si
459 365 619 397 midizione
641 361 738 392 delata
752 367 919 407 yzcravverzc:

49 418 110 441 nec
129 418 146 440 a
171 417 236 448 quo
258 408 360 439 delata
377 407 430 446 fit,
456 405 594 447 inquirit.
617 402 687 450 *Sed
716 403 792 434 mihi
812 403 919 448 ledet,

70 450 135 482 uod
158 449 243 480 deest
276 447 374 480 Edicti
405 449 536 486 verbis,
565 447 641 486 juris
678 451 920 490 comparatione

60 492 192 533 upplere
214 489 296 530 quasi
319 499 359 520 ex
376 489 477 521 Editti
495 497 613 520 mente.
639 486 715 517 huic
731 493 921 532 interpreta-

47 533 126 566 tioni
146 531 404 563 fundamentum:
428 532 513 571 quod
528 529 776 574 jusJuranduma
796 528 920 558 Veteri-

44 577 104 608 bus
121 573 235 605 dicitur
251 575 366 604 cedere
380 581 438 613 pro
457 572 550 612 paCto
563 594 572 609 ,
591 580 648 611 pro
666 570 842 615 solution-e,
860 577 919 609 pro

44 615 165 660 Judicio
186 615 206 645 l.
222 623 271 655 35.
290 614 319 655 §.
344 623 368 645 1.
389 614 429 644 D.
444 615 471 644 h.
489 620 509 644 t.
532 622 592 643 noc
612 612 731 652 patitur
752 609 917 656 rational·-

46 666 149 690 terum
169 665 224 696 per
242 656 374 686 alterum
403 655 450 686 his
475 655 505 686 ἀ
521 654 670 685 similibus
689 653 771 684 lazdi.
798 660 835 697 an
862 660 918 691 igr-

46 707 98 733 tur
114 697 208 736 finnt,
231 696 372 736 injuriam
395 695 460 728 fieri
484 694 710 736 jurejurando?
742 693 861 725 Melius
882 701 915 722 o·

45 742 203 774 minantur
219 737 441 769 Diocletianus
458 738 488 769 ἃ
506 737 722 769 Maximianus
747 735 767 766 l.
784 744 810 774 7.
832 734 869 779 .C·
885 734 918 764 cie

47 783 127 814 rebus
150 780 264 810 creditis
299 779 509 820 Eutychianae
534 779 658 810 cuidam
682 776 724 809 fic
748 775 918 808 rescriben-

47 831 115 855 tes:
137 821 203 853 Nec
214 821 300 860 filius
317 844 327 861 ,
349 831 399 852 nec
414 823 567 863 quisquam
583 820 675 857 alius,
693 828 743 849 nec
759 817 917 858 litigando,

48 873 99 897 nec
116 864 283 904 paciscendo
296 886 305 901 ,
321 864 373 903 sed
397 873 486 904 neque
500 862 714 903 jusjurandum
730 858 919 906 citra-volun-

48 912 134 938 tatem
158 906 275 935 dominoe
302 906 344 935 rei
369 905 537 945 deferendo,
557 903 758 944 proejudz'cium
784 900 919 947 ezsafere

42 945 143 990 potest.
168 944 277 988 Quid,
302 945 323 977 fi
343 948 424 986 paris
446 946 604 986 aequitatis
629 943 682 983 fit;
705 952 745 988 ne
769 951 837 988 quis⁴
856 940 920 980 ipse

48 996 166 1021 noceat
188 988 263 1026 libi,
288 986 342 1019 nisi
366 989 454 1028 quod
477 986 560 1028 agit,
585 985 659 1017 sciat
684 985 714 1016 δι
739 981 920 1030 1ntelligat?

48 1031 101 1062 Sic
117 1039 159 1060 co
181 1030 370 1067 devenitur3
394 1038 429 1060 ut
452 1038 533 1069 opus
558 1027 611 1066 fit,
635 1026 810 1059 delaturum
826 1033 920 1070 JutJu-

49 1073 180 1104 randum
200 1081 263 1102 non
282 1072 380 1102 modo
397 1070 458 1103 litis
475 1069 639 1102 dominum
657 1068 739 1106 esse,
757 1067 809 1098 sed
826 1074 921 1097 etiam

51 1115 169 1145 habere
186 1113 234 1153 jus
251 1122 299 1144 res
319 1112 385 1144 suas
401 1111 647 1143 administrandi.
692 1109 742 1141 Ab
760 1109 817 1139 hae
835 1106 924 1153 causa

51 1155 166 1187 Paulus
188 1156 215 1186 α.
241 1153 258 1184 l.
278 1163 326 1195 35.
350 1153 377 1195 §.
396 1163 420 1185 1.
445 1154 472 1184 l)⁴
492 1159 513 1184 t.
541 1159 654 1194 negat,
678 1151 865 1192 prodigum,
888 1148 923 1179 lr-

52 1204 107 1227 cet
129 1195 165 1227 fit
192 1205 297 1227 rerum
314 1194 434 1226 suarum
453 1194 616 1232 dominus,
637 1193 851 1239 jusjurandum
870 1191 923 1221 de-

52 1237 234 1274 ferentem,
250 1237 438 1268 audiendum
457 1235 620 1276 essezquia
639 1233 804 1265 interdifta
823 1241 850 1263 ei
870 1232 925 1262 bo·

52 1288 165 1312 norum
191 1277 479 1316 administratione,
514 1277 594 1307 ultra
622 1285 686 1306 non
712 1281 838 1316 putatur
861 1272 924 1303 effe

54 1322 92 1352 ad
109 1319 317 1352 deferendum
334 1318 546 1359 jusjurandum
568 1317 697 1348 habilis:
723 1316 847 1355 qualem
868 1315 923 1345 de-

53 1362 166 1395 fiderat
183 1360 287 1392 Edicti
308 1359 470 1391 sententia.
493 1360 589 1399 idque
608 1356 710 1389 firmat
729 1357 840 1389 Paulus
859 1355 924 1386 hoc

53 1410 258 1444 argumento:
282 1401 368 1441 quod
389 1410 493 1440 neque
514 1399 647 1441 pacisci,
671 1408 775 1444 neque
799 1398 923 1438 litigare

53 1444 84 1477 in
106 1444 246 1484 judicio,
271 1452 374 1484 neque
397 1441 520 1473 solvere
546 1442 574 1473 ei
599 1442 818 1480 permittitur:
850 1448 924 1470 cum

51 1484 263 1528 jusjurandum
289 1484 391 1522 catti,
413 1482 539 1524 judicii,
563 1482 746 1520 solutionis,
775 1489 828 1512 aut
849 1482 924 1511 ima-

57 1529 163 1568 ginem
187 1535 239 1557 aut
258 1525 405 1557 effectum
433 1524 558 1556 habeat.
602 1523 699 1566 Quod
725 1525 763 1569 de
787 1523 924 1568 prodigo

56 1568 194 1605 dietum,
219 1568 331 1599 Paulus
347 1568 374 1598 d.
393 1566 421 1607 ἓ.
442 1576 467 1597 1.
486 1566 505 1597 l.
527 1576 576 1608 35.
598 1566 736 1597 admittit
753 1574 784 1596 1n
803 1572 926 1595 caetens

56 1609 217 1641 similibus
241 1618 301 1640 nec
331 1609 462 1646 dubito,
486 1610 561 1647 quin
588 1606 729 1648 designet
754 1606 926 1647 pupillum:

59 1659 154 1690 quem
179 1650 209 1681 in
231 1650 249 1680 l.
270 1659 315 1689 17.
337 1649 363 1690 §.
390 1657 414 1679 1.
440 1649 466 1679 h.
483 1654 503 1679 t.
526 1648 643 1686 refert,
668 1656 774 1680 tutore
798 1646 927 1678 antrore

58 1692 269 1733 jusjurandum
286 1691 413 1722 deferre
438 1690 574 1722 debere:
599 1692 685 1730 quod
703 1689 724 1722 fi
740 1689 803 1721 fine
820 1697 927 1720 tutore

57 1732 189 1767 auctore
208 1733 375 1771 detulerit,
397 1731 620 1771 exceptionem
639 1732 766 1772 quidem
791 1730 924 1762 obstatu-

57 1783 143 1813 ram,
166 1773 217 1805 sed
238 1773 454 1814 replicandum
481 1772 571 1811 fore,
596 1772 680 1816 Quia
702 1782 805 1805 rerum
833 1773 927 1803 admi-

59 1815 288 1848 nistrandarum
309 1815 357 1855 jus
380 1816 406 1845 ei
432 1823 494 1846 non
520 1816 688 1856 competit.
724 1814 813 1846 Idem
831 1814 880 1844 vel
897 1813 930 1845 ss-

57 1858 135 1889 mile
159 1857 189 1888 in
209 1858 332 1888 minore
350 1855 460 1897 viginti
479 1855 618 1896 quinque
635 1856 860 1896 annis,utique
877 1856 928 1901 ha-

58 1899 157 1930 bente
177 1906 374 1929 curatorem:
398 1906 469 1929 nam
491 1897 595 1929 amissa
622 1898 780 1930 bonorum
798 1898 926 1929 admini-

58 1939 228 1978 stratione,
253 1939 388 1980 prodigo
414 1948 476 1970 non
495 1939 639 1971 abfimilis
663 1939 808 1971 habetur.
833 1939 928 1979 quid,

57 1980 79 2014 fi
96 1980 160 2012 fine
176 1990 322 2012 curatore
340 1980 375 2012 fit
392 1980 607 2013 constitutus?
629 1981 690 2021 jam
711 1981 752 2013 sui
774 1980 848 2021 juris
864 1980 928 2020 est,

60 2022 89 2053 ἃ
106 2023 208 2054 adhuc
226 2022 321 2053 habet
337 2032 440 2054 rerum
464 2021 583 2053 suarum
606 2022 927 2062 administrationem3

58 2073 120 2096 nec
136 2063 180 2095 est
196 2064 303 2102 causa,
327 2073 382 2095 cur
398 2072 462 2095 non
481 2064 583 2096 valeat
601 2065 639 2095 ab
656 2073 696 2095 eo
712 2063 794 2096 facta
809 2064 925 2104 jurisju-

57 2106 146 2137 randi
173 2106 309 2136 delatio:
333 2114 367 2136 ut
393 2113 498 2136 tamen
523 2113 634 2146 captus
660 2106 783 2137 lubrico
809 2106 928 2145 aetans,

61 2147 154 2188 posfit
170 2146 199 2178 in
218 2147 376 2188 integrum
393 2146 532 2186 restitui,
555 2146 645 2178 causa
661 2148 791 2188 cognita
806 2148 825 2178 l.
846 2157 873 2188 3.
895 2148 928 2179 C.

60 2189 93 2218 de
109 2190 139 2218 in
157 2189 258 2227 integr.
274 2186 362 2229 reflzc.
377 2190 447 2219 min.
471 2187 533 2220 Sed
550 2188 613 2220 hoc
629 2188 660 2220 in
680 2188 844 2228 propofito
870 2197 928 2220 tra-

60 2229 122 2260 ctat
140 2230 290 2270 Ulpianus
308 2231 326 2260 l.
345 2239 373 2266 9.
391 2229 420 2271 §.
436 2239 465 2268 4.
488 2231 528 2260 D.
551 2231 578 2261 b.
605 2236 627 2261 t.
652 2230 820 2262 illustratus
840 2231 930 2272 supra

57 2270 112 2302 sub
129 2269 262 2309 Titum,
290 2270 378 2303 Oztz'b.
397 2281 434 2302 ex
450 2273 526 2310 causi
541 2272 670 2312 majores.

99 2312 248 2353 Sitigitur
258 2304 339 2349 haec,
351 2321 442 2353 quam
454 2313 632 2352 quaerimus,
646 2312 793 2345 Praetoris
805 2313 928 2345 senten-

58 2353 117 2393 tia,
143 2361 295 2394 oportere
323 2354 537 2394 jusjurandum
561 2363 616 2385 reo
641 2354 703 2386 effe
728 2355 865 2386 delatum
892 2356 931 2386 ab

56 2395 166 2432 »actore
189 2397 241 2435 qui
259 2395 295 2427 fit
311 2396 373 2426 litis
391 2397 553 2434 dominus,
577 2396 607 2427 &
632 2395 748 2427 habeat
771 2396 930 2428 bonorum

58 2436 372 2468 administrationem.
414 2436 455 2468 Et
478 2444 582 2469 tamen
607 2436 627 2468 fi
646 2447 710 2468 non
739 2436 775 2468 sit
794 2447 868 2469 vere
888 2447 930 2469 ta—

58 2478 116 2516 lis,
140 2479 238 2510 modo
253 2478 328 2518 juris
346 2478 511 2510 intellectu
528 2488 585 2518 pro
604 2488 644 2510 eo
669 2479 841 2518 habeatur;
866 2489 931 2511 non

58 2518 157 2550 fuerit
189 2519 354 2551 absurdum
374 2543 382 2559 ‚
416 2521 466 2551 vel
500 2519 573 2551 huic
603 2521 688 2551 idem
721 2521 857 2552 concedi
883 2522 931 2560 jus

60 2561 148 2600 quod
164 2561 308 2592 domino.
330 2560 420 2593 Talis
440 2562 510 2602 lege
532 2560 569 2593 fit
592 2568 699 2599 tutor.
724 2570 879 2602 quatenus
896 2563 936 2594 ad

60 2601 295 2639 providentiam
318 2603 428 2642 pupilli
452 2604 567 2634 attinet
591 2603 609 2634 l.
634 2614 680 2643 27.
710 2605 754 2634 I).
773 2605 806 2634 de
826 2605 934 2635 admin.

60 2647 118 2672 tut.
142 2642 279 2682 ideoque
304 2651 402 2675 ratum
429 2644 563 2676 habetur
588 2645 801 2685 jusjurandum
830 2646 869 2676 ab
894 2655 934 2677 eo

62 2683 201 2714 delatum
221 2684 330 2724 pupilli
348 2685 477 2717 nomine
494 2688 519 2717 ci.
538 2687 556 2717 l.
582 2695 624 2725 17.
646 2686 674 2728 §.
699 2697 726 2718 2.
745 2687 772 2717 h.
792 2693 811 2717 t.
845 2686 932 2718 Simi-

62 2724 138 2755 liter
160 2725 294 2755 domino
311 2726 376 2764 ejus
394 2727 559 2758 voluntate
582 2728 761 2759 affimilatur
787 2737 934 2768 procura-

62 2773 129 2796 tor:
152 2764 214 2796 five
238 2765 353 2797 habeat
375 2765 506 2806 speciale
523 2770 705 2801 mandatum
731 2770 768 2800 ad
787 2769 934 2801 deferen-

63 2807 139 2838 dum
157 2807 391 2851 jusjurandum,
414 2808 476 2839 five
500 2809 644 2841 sustineat
668 2812 810 2842 omnium
830 2811 933 2841 bono·

61 2857 131 2880 rum
163 2848 475 2879 administrationem.
513 2858 663 2883 caeterum
690 2853 721 2884 in
753 2862 819 2883 rem
851 2852 934 2884 suam

62 2897 253 2931 procurator
269 2891 398 2921 nomine
415 2898 621 2930 procurator,
645 2903 678 2924 re
696 2903 768 2925 vera
786 2894 934 2925 dominus

61 2929 117 2962 est.
140 2931 167 2962 d.
189 2931 208 2961 l.
228 2939 274 2971 17.
294 2930 322 2972 §.
335 2931 387 2962 ult.
409 2931 526 2971 Plane,
548 2932 567 2964 fi
584 2935 764 2966 mandatum
782 2935 843 2966 fuit
861 2944 933 2975 pro-

60 2973 221 3011 curatori,
246 2979 280 3002 ut
296 2980 401 3012 petat3
429 2973 480 3004 ille
495 2974 707 3013 jusjurandum
724 2977 857 3008 detulit:
882 2985 935 3007 ne·

62 3021 115 3054 gat
131 3012 307 3054 Ulpianus,
336 3013 445 3045 servari
460 3014 689 3054 jusjurandum:
714 3017 773 3048 hac
790 3018 934 3056 ratione,

62 3055 150 3096 quod
166 3055 250 3086 aliud
261 3054 357 3091 fecit,
369 3065 462 3096 quam
480 3066 507 3087 ci
521 3057 700 3089 mandatum
719 3058 765 3090 est
781 3059 799 3089 l.
816 3068 860 3095 19.
873 3059 900 3089 h.
913 3064 938 3090 t.

102 3095 175 3128 Nec
193 3096 257 3127 hoc
282 3096 359 3128 fileri
377 3105 527 3137 oportet:
553 3099 638 3138 quod
662 3101 746 3131 inter
769 3100 935 3131 dominum

64 3136 94 3168 δι
109 3146 180 3168 eum
199 3139 252 3178 qui
271 3139 391 3169 domini
411 3139 485 3169 loco
502 3139 555 3177 lit,
578 3140 722 3172 interest:
747 3142 835 3180 quod
853 3141 935 3172 illius

62 3178 198 3210 liberum
220 3178 266 3211 est
290 3179 452 3211 arbitrium
474 3181 568 3212 etiam
593 3181 623 3212 in
645 3182 827 3214 abutendo:
850 3181 935 3214 istius

62 3219 492 3294 ῃοᾶςῇεεῆἀῐῃίοἱίὶῑεῑὶοηε
509 3222 705 3257 terminatur.
729 3224 838 3266 itaque
860 3224 935 3257 alte-

131 3271 182 3294 Om.
242 3285 251 3295 .

1772 106 1843 155 ard

965 196 989 228 ri
1009 197 1086 229 licet
1099 196 1314 238 jusjurandum
1333 199 1584 240 deferre,etiam
1602 199 1674 232 cum
1693 199 1760 232 aliae
1774 199 1842 243 supe*

963 247 1077 282 petunt
1101 240 1326 280 probationes:
1349 243 1459 281 alteri,
1483 242 1538 275 nifi
1562 242 1710 275 omnibus
1727 243 1841 281 proba-

964 280 1105 311 tionibus
1129 281 1373 323 deficientibus,
1406 285 1579 316 nonlicet.
1619 283 1696 317 Hoc
1711 290 1776 316 non
1794 285 1839 316 di0³

963 329 1031 351 carn
1056 322 1138 352 clara
1163 323 1284 354 evincit
1306 327 1407 357 ratio:
1441 325 1494 358 secl
1518 326 1631 358 Paulus
1659 326 1679 357 l.
1697 335 1746 367 35.
1770 326 1798 356 b.
1814 329 1836 356 t,

961 360 1121 393 Praeterea
1148 363 1297 395 observat
1320 365 1476 406 Ulpianus
1499 368 1518 399 l.
1541 374 1564 399 1.
1580 368 1607 409 §.
1631 376 1656 400 1.
1675 368 1720 398 I).
1737 366 1834 410 Quor„

961 411 1015 433 rer.
1034 401 1089 433 aet.
1109 413 1166 435 non
1180 406 1240 436 dat.r
1264 404 1307 436 ita
1323 407 1399 446 juris
1422 408 1503 448 effe,
1527 419 1569 440 ne
1585 417 1671 441 tutor
1684 409 1837 449 jusjuraa«

962 444 1038 491 dum
1054 444 1147 483 alibi,
1169 455 1262 486 quam
1281 447 1465 488 injudicio,
1489 450 1623 482 deferat„

1003 485 1082 516 here
1107 486 1182 518 mihi
1208 487 1392 528 exciderat,
1423 492 1512 531 quod
1540 491 1678 531 Praetor,
1703 492 1838 532 promito

962 533 1032 558 tens
1052 525 1176 558 servare
1189 528 1425 570 jusjurandum,
1449 541 1465 561 a
1482 539 1539 564 reo
1555 533 1657 565 delata
1672 534 1836 564 conditio-

961 577 1002 599 ne
1019 567 1209 608 praestitum,
1233 579 1297 601 non
1313 570 1355 602 fic
1370 573 1575 612 accipiendus
1592 575 1656 613 elt3
1682 575 1765 616 quali
1782 584 1839 606 no·

962 610 999 641 lit
1020 609 1183 649 interesse,
1208 619 1311 643 utrum
1344 614 1375 644 id
1398 615 1688 655 quandocumque,
1719 625 1756 647 an
1783 616 1840 648 sta„

962 651 1017 682 tim
1034 660 1071 682 ac
1088 652 1228 683 delatum
1246 653 1308 692 cst,
1334 653 1512 692 susceptum
1530 664 1582 688 aut
1607 658 1772 697 impletum
1791 657 1836 689 lit„

963 700 1076 724 contra
1092 694 1135 724 ait
1155 692 1308 734 Ulpianus
1324 695 1342 726 l.
1361 707 1390 736 5.
1408 696 1501 738 §.ula
1522 698 1581 729 m.
1599 697 1618 729 si
1639 708 1742 738 noque
1756 700 1839 738 jtira'-

963 743 1031 765 tum
1055 734 1120 773 est,
1146 745 1252 776 neque
1282 730 1445 770 remiss'uml
1461 739 1696 779 jusjurandum:
1722 741 1752 770 id
1776 739 1840 778 est,

963 774 984 806 fi
1005 785 1070 807 non
1092 776 1206 816 juravit
1232 776 1355 818 statim,
1378 789 1415 811 ac
1445 781 1586 812 delatum
1615 781 1660 812 est
1690 782 1842 821 jusjuran-

964 817 1059 855 dum,
1091 825 1146 848 aut
1168 817 1190 849 fi
1213 828 1277 851 non
1302 819 1402 852 statim
1420 821 1481 852 fuit
1498 829 1620 862 paratus
1635 824 1756 862 jurare:
1783 832 1841 861 pro

962 867 1003 889 eo
1021 858 1119 889 debet
1138 859 1267 899 haberi,
1292 870 1387 901 atque
1404 862 1422 893 si
1439 873 1488 894 res
1507 865 1536 894 in
1552 865 1767 904 jusjurandum
1788 865 1843 895 ad·

962 899 1048 930 milla
1064 909 1128 930 non
1149 900 1236 931 esset.
1257 904 1395 941 proinde
1411 903 1430 935 fi
1449 903 1554 944 postca
1576 913 1699 945 paratus
1717 905 1753 937 fit
1769 910 1842 936 retia

960 941 1079 981 jurare:
1104 941 1180 973 nihil
1198 943 1224 973 ei
1251 943 1316 975 hoc
1331 945 1542 984 jusjurandum
1571 947 1736 988 proficiet:
1769 947 1844 987 quia.

963 991 1003 1013 ex
1020 992 1059 1013 eo
1075 985 1164 1022 quod
1183 985 1323 1016 delatum
1339 986 1394 1025 est,
1419 988 1554 1027 juratum
1579 996 1642 1020 non
1660 988 1716 1021 est.

1008 1023 1137 1056 Deinde
1158 1026 1201 1056 ait
1222 1026 1360 1060 Praetor:
1386 1029 1451 1059 Aac
1469 1030 1683 1071 jusjurandum
1704 1031 1730 1061 ei
1744 1028 1842 1060 remis-

955 1066 1145 1105 sumfuerit.
1170 1065 1250 1098 Haec
1269 1069 1365 1100 verba
1390 1069 1454 1101 sum
1480 1078 1641 1103 mutuatus
1665 1082 1704 1103 ex
1727 1072 1744 1102 l.
1761 1082 1789 1111 5.
1812 1070 1843 1105 Q.

966 1107 1019 1138 ult.
1037 1106 1073 1141 ἐξ
1090 1108 1109 1139 l.
1127 1117 1155 1144 9.
1170 1108 1197 1149 §.
1219 1114 1243 1140 1.
1271 1109 1321 1141 sed
1348 1112 1423 1149 quid
1443 1113 1580 1144 volunt?
1613 1113 1742 1145 Paulum
1769 1112 1843 1143 audi

965 1148 986 1179 l„
1003 1152 1033 1179 6.
1049 1150 1076 1180 h.
1093 1155 1113 1180 t.
1139 1149 1180 1180 fic
1196 1149 1321 1184 scribit:
1347 1152 1481 1184 Remum
1498 1154 1710 1196 jusjurandum
1725 1157 1775 1196 qni
1796 1155 1845 1184 cle·

961 1190 1078 1229 ferente
1091 1194 1119 1227 le
1130 1214 1138 1228 ,
1155 1201 1219 1222 cum
1231 1200 1355 1232 paratus
1370 1193 1433 1234 cffec
1449 1197 1632 1235 adversarius
1644 1197 1765 1238 jurare,
1774 1202 1844 1236 grffi

968 1233 1038 1262 tiam
1063 1233 1088 1262 ei
1110 1232 1206 1267 facit:
1228 1241 1377 1266 contentus
1403 1235 1551 1268 voluntate
1563 1239 1565 1242 '
1568 1238 1696 1279 suscepti
1713 1237 1843 1279 jzm‘sjnn

966 1274 1063 1304 randi.
1086 1272 1173 1319 Quod
1181 1273 1210 1312 fi
1226 1284 1283 1306 non
1291 1277 1417 1316 suscepit
1431 1278 1660 1319 jusjurandum,
1672 1279 1736 1309 licet
1749 1278 1845 1319 posted

961 1320 1065 1355 parcito
1076 1317 1198 1356 jurare,
1221 1316 1299 1348 αὲἶσν
1315 1318 1387 1350 nolit
1408 1319 1537 1359 deferre,
1560 1329 1617 1350 non
1634 1321 1779 1351 videbitur
1802 1330 1845 1349 re-

966 1355 1099 1396 mt'ffztm,
1123 1367 1191 1388 nam
1205 1360 1280 1399 quod
1295 1360 1453 1399 susceptum
1466 1358 1523 1400 est,
1547 1362 1657 1393 remitti
1673 1363 1758 1393 deber.
1784 1363 1846 1393 Ab*=

967 1406 1074 1428 uterer
1095 1399 1184 1438 oti03
1201 1400 1306 1431 adhuc
1323 1401 1487 1434 instituens
1511 1404 1669 1444 probare,
1686 1404 1845 1444 jusjm-nm

967 1440 1036 1469 dum
1063 1442 1221 1479 remittere,
1251 1441 1288 1476 ἐπ”
1308 1443 1507 1483 jurisjurandi
1526 1446 1658 1485 gratiam
1680 1446 1794 1483 fucere,
1818 1451 1848 1475 ζμ

970 1481 1035 1521 pud
1052 1481 1182 1513 Paulum
1208 1483 1291 1515 idem
1316 1483 1499 1525 figmficare.
1523 1483 1642 1518 dudum
1665 1487 1729 1517 hoc
1747 1493 1846 1518 oceno

969 1522 1058 1563 pavit
1074 1522 1248 1556 Brissonius
1282 1526 1332 1555 De
1352 1528 1430 1557 verb.
1450 1526 1555 1566 fignif.
1581 1528 1609 1558 <St
1631 1526 1850 1567 Torrentius,

971 1563 1061 1595 Notis
1077 1566 1114 1595 ad
1123 1565 1301 1598 Suetonium.
1320 1565 1437 1599 Utilius
1452 1567 1649 1607 observabo,
1663 1579 1678 1599 a
1690 1569 1788 1600 Paulo
1805 1571 1850 1601 dra

970 1605 1019 1643 ci,
1042 1606 1253 1646 jusjurandum
1281 1610 1421 1647 remitti;
1451 1609 1473 1640 fi
1502 1609 1589 1642 attor
1612 1611 1724 1642 videns
1752 1611 1848 1651 jusjun

971 1647 1103 1679 randum
1129 1650 1217 1687 quod
1241 1659 1298 1681 reo
1322 1651 1457 1689 detulit,
1483 1650 1522 1681 ab
1545 1662 1585 1682 eo
1602 1652 1732 1692 suscipi,
1755 1653 1848 1692 (hoe

971 1687 1054 1720 enim
1073 1688 1170 1721 Paulo
1193 1691 1256 1729 est,
1281 1700 1370 1723 reum
1388 1692 1450 1723 effe
1466 1701 1607 1732 paratum
1622 1694 1744 1734 jurare)
1769 1700 1849 1735 praea

973 1728 1041 1761 sens
1057 1732 1162 1762 verbis
1186 1732 1354 1772 declaret,
1379 1732 1408 1764 se
1436 1734 1498 1766 effe
1524 1742 1716 1767 contentum
1738 1736 1852 1768 volum

973 1778 1038 1802 tate
1061 1772 1194 1813 suscepti
1216 1775 1427 1814 jurisjurandi.
1459 1784 1490 1807 at
1516 1785 1580 1807 non
1607 1777 1650 1808 ita
1675 1776 1757 1815 effe3
1781 1776 1851 1809 sia-2

974 1813 1061 1852 Gor,
1094 1824 1150 1846 reo
1180 1824 1244 1848 non
1269 1816 1457 1857 suscipiente
1483 1817 1583 1849 statim
1610 1817 1851 1858 JusJurandum,

973 1864 1009 1886 ac
1030 1855 1174 1888 defertur
1190 1879 1199 1896 ,
1229 1858 1281 1889 sed
1309 1858 1437 1899 postea,
1462 1868 1556 1900 quarn
1578 1863 1616 1891 ad
1639 1861 1696 1892 alia
1720 1860 1851 1901 neg0tia

972 1896 1017 1928 est
1041 1897 1230 1939 dilcessum,
1252 1908 1362 1940 parato
1375 1901 1497 1941 jurare,
1521 1901 1552 1933 id
1567 1900 1632 1938 est,
1654 1901 1853 1942 jurisjurandi

974 1938 1209 1979 praestationem
1236 1940 1307 1981 post
1339 1943 1543 1974 intervallum
1570 1941 1751 1979 offerente,
1775 1951 1852 1976 eum·

973 1981 1056 2013 nolit
1073 1982 1112 2012 ad
1133 1983 1347 2022 jusjurandum
1365 1984 1543 2016 admittere.
1568 1985 1598 2016 δι
1614 1984 1756 2016 causatur
1773 1983 1854 2016 Pau·

972 2021 1038 2061 lus,
1061 2032 1126 2055 non
1150 2025 1269 2055 remitti
1297 2034 1354 2056 reo
1376 2026 1609 2066 jusjurandum,
1647 2025 1700 2057 nisi
1731 2025 1852 2066 suscep·

971 2071 1039 2095 tum
1067 2065 1098 2096 in
1127 2066 1325 2098 continenti:
1350 2066 1415 2098 hoc
1445 2075 1525 2099 vero
1553 2075 1618 2099 non
1643 2067 1705 2099 esse
1731 2067 1853 2108 suscep&

972 2113 1050 2137 turn.
1074 2107 1168 2147 igitur
1184 2106 1273 2147 poss'e
1289 2109 1419 2148 quidem
1444 2117 1632 2141 revocatum
1660 2108 1779 2140 videri:
1802 2118 1853 2141 re*

972 2147 1094 2179 millum
1112 2158 1190 2180 vero
1209 2158 1274 2180 non
1292 2148 1410 2181 videri:
1435 2151 1571 2190 proinde
1597 2151 1695 2182 actori
1715 2150 1776 2182 esse
1799 2150 1853 2182 ada

975 2189 1039 2220 huc
1058 2190 1217 2231 integrum
1240 2191 1289 2230 jus
1306 2191 1491 2230 deferendi,
1516 2200 1569 2223 aut
1592 2201 1656 2224 non
1681 2191 1851 2224 deferendi

970 2231 1179 2271 jurisjurandi.
1203 2232 1264 2263 Sed
1281 2241 1432 2272 apparet,
1445 2233 1533 2274 posse
1549 2233 1692 2274 praesenti
1710 2233 1739 2264 &
1755 2232 1853 2265 selene

974 2273 996 2302 ti
1015 2274 1131 2304 remitti
1147 2273 1373 2313 jusjurandum.
1408 2276 1454 2306 An
1472 2274 1590 2309 absenti
1609 2284 1741 2314 quoque
1759 2275 1788 2307 δι
1807 2276 1855 2316 ig-

973 2316 1099 2345 noranti
1118 2314 1248 2355 potest?
1273 2314 1384 2346 Labeo
1401 2317 1518 2356 patitur
1534 2317 1616 2355 apud
1636 2315 1852 2357 Pomponium

974 2355 991 2385 l.
1007 2365 1056 2393 41.
1076 2357 1120 2386 D.
1141 2357 1167 2387 h.
1184 2362 1204 2387 t.
1232 2358 1331 2388 modo
1354 2357 1421 2397 (fic
1438 2357 1512 2388 mihi
1534 2358 1643 2397 sedet)
1664 2366 1738 2389 ante
1753 2357 1853 2390 fuerit:

974 2396 1148 2437 susceptum
1169 2397 1257 2429 forte
1275 2408 1292 2429 a
1316 2398 1492 2439 praesente3
1517 2407 1570 2430 aut
1599 2408 1656 2440 per
1679 2400 1853 2439 nuncium,-

975 2447 1074 2478 perve
1090 2438 1253 2480 epistolam
1272 2441 1310 2470 ab
1319 2440 1456 2471 absente.
1469 2441 1533 2471 hoc
1544 2440 1640 2481 igitur
1650 2441 1747 2472 modo
1760 2440 1854 2473 Pom-

974 2482 1109 2519 ponium
1134 2490 1190 2520 per
1206 2480 1389 2521 epistolam,
1415 2482 1537 2522 inquit,
1563 2483 1660 2523 gratia
1674 2483 1853 2523 jurisjuran-

977 2522 1007 2552 di
1025 2520 1093 2552 fieri
1111 2522 1225 2560 potest.
1253 2521 1362 2554 Habes
1379 2532 1482 2555 meam
1502 2522 1701 2556 sententiam.
1726 2525 1786 2556 alia
1805 2524 1851 2557 est:

977 2562 1087 2602 Jacobi
1106 2563 1250 2595 Raevardi
1273 2564 1312 2594 lib
1327 2575 1355 2603 5.
1373 2564 1447 2595 Var.
1465 2575 1489 2596 c.
1506 2574 1533 2596 2.

1021 2604 1172 2643 Sequitur
1196 2608 1225 2636 in
1254 2604 1387 2637 Edicto:
1411 2605 1487 2647 Ejus
1510 2607 1551 2637 rei
1574 2608 1607 2638 de
1623 2617 1680 2649 qua
1697 2607 1854 2649 jusjuran-

980 2646 1050 2676 dum
1072 2647 1198 2677 delatum
1207 2647 1305 2686 fuerit
1316 2669 1324 2684 ,
1348 2657 1435 2688 neque
1451 2649 1482 2678 in
1497 2649 1588 2689 zPsum
1599 2672 1608 2686 ‚
1632 2658 1722 2690 neque
1739 2650 1770 2680 in
1788 2658 1852 2680 eum

977 2688 1015 2717 acl
1038 2696 1120 2727 quem
1143 2697 1175 2718 ea
1197 2697 1239 2718 res
1262 2690 1402 2728 pertinet,
1426 2688 1564 2720 actionem
1587 2691 1670 2723 dabo.
1701 2690 1764 2722 Res
1780 2690 1850 2722 Res.

977 2728 1076 2759 multa
1095 2728 1257 2769 significat.
1282 2729 1437 2762 Ausonius
1455 2730 1553 2772 Edyll.
1571 2741 1644 2763 xrr.

1021 2770 1196 2810 Imperium,
1220 2771 1317 2809 litem,
1340 2781 1469 2803 venerem
1490 2783 1542 2803 cur
1557 2783 1618 2804 una
1632 2778 1709 2804 notet
1724 2781 1776 2803 res.

978 2809 1043 2841 Hic
1067 2820 1125 2850 pro
1151 2811 1207 2842 lite
1225 2813 1396 2853 accipitur:
1421 2823 1485 2845 non
1511 2822 1616 2846 tamen
1644 2824 1702 2855 pro
1726 2813 1852 2844 actione

979 2861 1040 2891 qua
1058 2852 1108 2883 illa
1133 2853 1168 2884 lis
1184 2863 1370 2887 exercetur:
1395 2855 1447 2886 sed
1465 2865 1524 2896 pro
1549 2855 1638 2886 causa
1656 2864 1724 2893 quae
1741 2853 1802 2884 fuit
1818 2853 1852 2898 in

978 2893 1214 2932 controversia,
1238 2895 1268 2927 ἀ
1291 2895 1336 2927 est
1355 2896 1559 2937 jurejurando
1577 2895 1741 2927 transacta.
1766 2894 1796 2926 id
1815 2895 1852 2926 lr-

977 2943 1056 2974 quet
1071 2944 1111 2966 ex
1126 2935 1144 2966 l.
1159 2940 1207 2970 28.
1226 2936 1254 2978 §.
1270 2946 1299 2976 4.
1317 2942 1346 2968 6.
1365 2937 1402 2972 &2⁹
1419 2949 1447 2978 7.
1473 2937 1649 2973 suffecerit,
1674 2934 1854 2976 exposuiffa

976 2977 1005 3006 d.
1020 2976 1048 3018 §.
1067 2985 1096 3014 4.
1121 2976 1240 3017 species
1259 2979 1326 3010 talis
1344 2979 1398 3010 est.
1435 2980 1558 3019 Aliquis
1575 2979 1605 3008 in
1624 2976 1750 3022 att-ione
1766 2986 1855 3009 man-

980 3018 1064 3057 dati,
1094 3019 1297 3060 negotiorum
1323 3020 1504 3062 gestorum,
1529 3028 1586 3059 pro
1613 3017 1718 3057 soem,
1741 3028 1793 3049 aut
1816 3017 1854 3050 st„

979 3059 1063 3097 mili,
1082 3059 1222 3099 juravit,
1246 3061 1276 3093 se
1295 3063 1373 3094 nihil
1398 3063 1525 3094 debere.
1548 3061 1572 3090 is
1588 3059 1737 3091 adversus
1753 3059 1853 3093 fidem

979 3100 1072 3132 delati
1092 3101 1122 3133 δι
1146 3102 1272 3143 praestiti
1295 3102 1494 3144 jurisjurandi
1517 3101 1629 3146 eadem
1649 3101 1775 3133 afflone
1793 3102 1854 3134 ite⁵

978 3151 1045 3173 rum
1062 3151 1263 3183 conventus,
1288 3145 1392 3185 potest
1410 3145 1439 3174 se
1461 3151 1541 3173 tueri
1557 3144 1753 3181 exceptione
1766 3142 1855 3183 juris«,

973 3183 1108 3223 jurandi.
1151 3186 1214 3217 Sed
1232 3186 1303 3225 fac,
1329 3186 1386 3216 alia
1404 3184 1570 3215 conveniri
1587 3184 1731 3225 actione3
1755 3193 1850 3226 puta,

976 3225 1181 3298 condliifflone
1210 3227 1243 3260 Si
1275 3234 1398 3260 certum
1427 3232 1575 3267 petetur,
1605 3234 1678 3259 cum
1702 3225 1856 3297 omnibsua

1090 3276 1104 3297 e
1126 3278 1144 3300 2
1818 3276 1851 3300 u-
