2036 3495
171 84 244 128 458

173 168 496 206 administrationem,
520 171 589 206 quae
616 167 691 198 ante
710 169 803 202 quam
824 162 915 193 datur
932 160 1052 200 libera,

173 221 244 245 non
259 211 304 243 est
318 210 437 247 libera;
460 209 490 239 ἃ
515 206 568 236 ubi
588 205 680 236 datur
705 204 804 235 libera
819 224 829 240 ‚
851 211 917 232 non
935 200 979 232 est
995 201 1055 235 alia

174 254 216 286 ab
232 251 372 284 omnium
389 248 597 289 negotiorum
613 241 912 275 administratione?
934 241 987 272 Sic
1003 249 1053 273 res

172 293 292 326 suadet.
315 290 369 330 qui
388 291 474 320 enim
491 286 589 324 dicit,
608 284 637 316 se
657 285 732 316 dare
749 282 1055 315 administrationem

175 333 319 366 omniurn
330 331 535 371 negotiorum
546 350 555 365 ,
569 327 594 357 is
605 324 870 358 administrationi
883 324 987 356 nullos
997 333 1054 365 po-

174 375 223 407 nit
233 373 321 404 fines.
333 371 385 403 dat
395 370 490 412 igitur
501 368 631 399 liberam
642 365 949 398 administrationem
960 374 1056 406 quam

174 416 232 447 dat
248 412 415 444 infinitam.
440 418 554 443 contra
571 417 702 449 quoque
719 408 772 448 qui
789 408 842 438 dat
858 406 989 440 liberam
1004 407 1056 438 ad-

174 453 455 492 ministrationem,
481 452 507 483 is
524 457 559 482 ut
577 450 671 491 plene
690 448 821 481 mandet
837 457 886 479 res
906 447 972 479 suas
989 447 1057 489 geri

174 505 195 529 a
210 502 440 537 procuratore3
456 494 485 525 ei
501 493 576 523 ideo
592 501 658 523 non
673 491 727 522 dat
742 497 847 522 rerum
863 489 985 521 suarum
1002 489 1058 521 do-

174 537 329 575 minium3
345 536 442 567 etiam
457 536 486 566 ei
503 542 567 565 non
585 533 713 564 mandat
730 540 834 563 rerum
852 528 972 562 suarum
990 539 1058 570 per-

176 579 355 611 ditionem:
379 577 432 608 sed
456 573 785 611 administrationem,
809 572 974 612 atque'ex
994 569 1058 603 fide

173 621 262 653 bona
277 619 450 660 gerendam
468 617 486 648 l.
498 621 547 648 60.
565 615 595 656 §.
609 625 638 655 4.
657 615 698 646 D.
717 614 862 645 Mcmdati
875 612 921 643 vel
937 619 1059 644 contra.-

175 663 210 694 id
222 660 286 699 est,
306 669 370 692 non
381 660 491 698 aliam,
508 666 602 698 quarn
619 655 837 688 universorum
850 654 1057 695 negotiorum

175 701 493 735 administrationem.
538 698 584 729 lta
604 699 636 728 in
656 697 773 729 summa
795 696 893 728 libera
910 696 1058 736 negotio-

175 748 248 777 rum
266 742 492 774 administratio
509 748 574 772 non
585 738 687 771 efficit
702 737 838 778 speciem
851 737 941 768 aliam
962 746 998 768 ac
1014 735 1057 768 se-

176 793 319 828 paratam
338 795 354 815 a
369 782 508 823 generali
532 781 675 812 omnium
693 788 798 811 rerum
816 777 1056 810 administratio—

177 837 239 866 ne;
264 824 317 856 sed
333 824 485 856 diversam
504 833 521 855 a
537 823 655 864 partis,
677 821 741 852 five
757 830 774 851 a
792 819 905 860 speciei
925 820 1057 851 admini-

178 868 332 901 stratione
355 867 384 898 d.
399 866 419 897 l.
436 874 466 902 9.
483 864 512 906 §.
532 873 561 903 4.
582 862 625 895 D.
651 864 685 895 de
703 862 879 904 adquirendo
897 870 994 892 rerum
1010 862 1057 892 cio-

176 919 276 942 mznzo.

219 949 297 983 Non
315 958 420 983 tamen
439 949 504 980 hoc
522 957 562 979 eo
580 946 742 988 pertinet3
765 952 800 977 ut
818 944 933 983 velim,
949 942 1010 975 effe
1025 952 1057 974 u-

179 1002 254 1026 nam
270 1000 324 1024 aut
339 991 512 1032 firnplicem
536 988 673 1021 formam
691 987 830 1020 mandati
849 986 992 1017 omnium
1012 994 1057 1016 re-

180 1043 272 1074 rum,
296 1034 349 1065 vel
373 1034 470 1064 etiarn
486 1031 596 1064 liberae
612 1028 894 1062 administrationis
913 1029 1058 1059 omnium

180 1076 401 1117 negotiorum.
426 1072 503 1106 Non
518 1073 561 1104 ita
577 1071 639 1103 est:
654 1070 734 1111 saepe
751 1068 965 1101 differentiam
982 1067 1061 1099 facit

180 1119 333 1149 voluntas
354 1115 477 1148 domini
493 1111 654 1155 expressa3
677 1111 848 1152 aliquando
866 1118 972 1141 rerum
990 1118 1060 1150 quae

178 1160 371 1192 mandantur
388 1156 546 1188 conditio.
578 1154 681 1192 adeo,
704 1162 777 1184 cum
795 1152 871 1192 quid
889 1150 970 1182 fecit
986 1159 1060 1191 pro-

180 1208 312 1232 curator
328 1199 379 1231 cui
397 1197 589 1230 conceditur
604 1195 705 1227 libera
729 1202 852 1231 rerum,
876 1200 930 1224 aut
947 1191 1061 1237 simplis

181 1243 264 1274 citer
288 1250 393 1273 rerum
417 1238 560 1271 omnium
585 1235 837 1268 administratio:
862 1233 968 1274 potest
985 1232 1061 1264 faeti

180 1282 313 1324 quaestio
331 1280 412 1320 esse,
435 1290 473 1312 an
491 1280 560 1320 jure
579 1277 715 1319 fecerit:
738 1286 798 1308 nec
817 1275 862 1307 est
878 1274 1062 1314 simpliciter

180 1324 412 1365 inspiciendum
424 1345 434 1360 ‚
450 1321 527 1362 quid
544 1319 678 1351 fecerit:
694 1318 746 1349 sed
761 1317 870 1358 (quod
888 1315 986 1356 Gajus
1005 1315 1062 1346 ob-

182 1365 287 1398 servat
304 1367 332 1396 d.
343 1365 361 1396 i.
373 1374 394 1401 9
414 1363 442 1405 §.
453 1373 482 1402 4.
498 1361 541 1394 D.
564 1363 597 1392 de
611 1361 789 1401 adquirendo
807 1368 902 1389 rerum
917 1357 1060 1394 dominio,

183 1407 216 1438 &
231 1417 271 1439 ex
289 1416 330 1438 eo
346 1405 523 1445 Imperator
539 1402 567 1444 §.
578 1412 593 1440 4
600 1412 629 1443 3.
647 1399 721 1441 lusi.
740 1402 773 1432 de
790 1408 887 1430 rerum
903 1396 1061 1436 divifiene)

182 1457 224 1480 an
248 1457 289 1480 ex
314 1446 454 1487 negotiis
471 1444 608 1481 fecerit;
630 1441 694 1474 five
712 1449 746 1472 ut
763 1441 848 1472 idem
867 1438 966 1478 Gajus
987 1438 1061 1470 alibi

182 1490 203 1521 l.
214 1489 265 1520 ult.
284 1488 327 1520 D.
343 1490 376 1518 de
389 1485 570 1518 curatoribus
585 1482 692 1522 furioso
708 1481 745 1516 ἐξ
760 1481 827 1513 aliis
843 1481 920 1512 dicit
931 1503 940 1518 ‚
960 1489 996 1511 ex
1010 1480 1062 1510 ad·

181 1528 412 1569 ministratione:
435 1527 467 1557 id
492 1524 558 1563 est,
581 1534 621 1556 ex
637 1524 751 1555 ordine
768 1522 973 1562 negotiorum
990 1530 1060 1561 quae

182 1571 212 1602 ei
228 1570 285 1602 {int
305 1569 462 1601 mandata.
481 1574 588 1608 pone:
605 1565 679 1606 (qui
698 1563 743 1596 est
759 1563 846 1595 casus
863 1563 883 1594 l.
901 1566 951 1604 63.
970 1561 1013 1594 D.
1029 1563 1063 1593 de

175 1610 431 1654 procuratoribus)
455 1608 655 1649 procuratori
674 1613 817 1638 totorum
834 1605 995 1636 bonorum
1011 1603 1063 1636 ad·

181 1652 394 1686 ministrandae
409 1650 566 1682 mandatae
581 1648 651 1680 sunt
668 1657 717 1679 res
734 1646 875 1678 domini:
892 1646 934 1678 ait
945 1645 1062 1677 Mode-

180 1694 298 1733 stinus,
323 1693 411 1734 quod
436 1700 502 1724 non
526 1689 633 1732 potest
650 1699 699 1721 res
717 1688 840 1719 domini
855 1687 992 1720 mobiles
1007 1693 1062 1718 aut

180 1735 366 1768 immobiles
392 1734 550 1771 alienare,
572 1731 662 1762 verbi
681 1731 799 1772 gratia,
824 1730 984 1768 vendere,
1008 1728 1063 1759 vel

182 1783 367 1819 permutare
382 1799 394 1816 ,
423 1775 475 1807 vel
499 1775 736 1815 oppignorare,
759 1770 823 1803 fine
846 1771 972 1812 speciali
997 1770 1062 1810 ejus

181 1820 355 1857 mandato,
380 1826 446 1849 non
470 1817 571 1856 magis
598 1823 691 1854 quam
709 1812 825 1845 servus.
854 1815 885 1845 &
903 1811 948 1843 est
964 1813 1062 1843 ratio:

185 1862 276 1901 quod
300 1861 329 1891 ei
354 1859 434 1891 nihil
451 1857 495 1890 est
512 1856 717 1894 concessum,
741 1860 858 1895 praeter
873 1852 1064 1886 administra-

184 1903 309 1934 tionem
326 1900 469 1933 omnium
485 1906 601 1930 rerum.
624 1897 669 1929 est
685 1897 782 1937 igitur
797 1904 837 1926 ex
853 1895 992 1937 negotiis
1010 1894 1064 1925 ad-

184 1943 388 1976 ministratio.
421 1950 520 1982 porro
544 1937 761 1971 administrare
787 1936 851 1977 est,
874 1947 923 1968 res
942 1936 1064 1968 servare

186 1987 226 2017 ad
244 1984 330 2016 usum
350 1983 493 2022 domiui3
515 1980 537 2013 fi
554 1979 669 2013 servari
687 1978 815 2020 possint.
848 1979 984 2010 alienare
1000 1976 1064 2016 est,

187 2036 240 2058 eas
256 2027 403 2059 amittere
420 2023 616 2065 &perdere‚
632 2030 704 2053 cum
722 2021 913 2052 alienatione
930 2020 1064 2051 domino

184 2068 320 2108 perinde
337 2073 490 2108 pereant,
515 2073 552 2096 ac
569 2063 590 2096 fi
607 2062 669 2095 ess‘e
686 2061 837 2094 desinant.
859 2061 901 2093 fic
917 2063 947 2092 iu
966 2060 1061 2092 rebus

186 2108 360 2141 mobilibus
379 2108 410 2139 &
427 2105 644 2139 immobilibus
655 2128 665 2143 ,
681 2112 758 2144 quas
774 2112 816 2134 ne
831 2103 978 2134 dominus
993 2101 1063 2141 qui-

184 2150 282 2188 dem,
304 2150 414 2190 utique
430 2149 536 2180 bonus
552 2148 583 2179 &
598 2147 733 2187 diligens
749 2143 994 2185 paterfamilias,
1017 2150 1064 2173 te·

187 2200 279 2224 mere
297 2190 327 2222 &
340 2189 407 2222 >sine
423 2198 536 2230 magna
552 2188 643 2220 causa
658 2188 784 2219 alienat.
800 2194 831 2218 at
842 2185 929 2226 quod
945 2185 982 2217 ad
1002 2183 1063 2215 fru-

188 2233 276 2272 etus,
291 2232 321 2263 &
337 2230 359 2263 fi
374 2240 442 2271 quae
459 2236 613 2271 praeterea
627 2228 724 2261 facile
740 2233 1004 2268 corrumpantur,
1021 2233 1064 2256 at-

187 2274 291 2306 tinet:
314 2273 358 2304 ait
372 2271 579 2305 Modestinus
595 2272 624 2302 d.
643 2270 664 2302 l.
678 2274 738 2311 63,
761 2270 849 2309 quod
865 2269 934 2300 haec
952 2268 1064 2299 aliena-

189 2325 244 2354 re,
256 2315 291 2346 id
307 2314 373 2353 est,
388 2314 527 2345 vendere
537 2335 547 2351 ‚
562 2319 616 2344 aut
631 2318 813 2352 permutare
829 2320 889 2351 pro
904 2309 965 2341 alio
981 2309 1001 2340 l.
1011 2312 1062 2347 58.

190 2357 235 2389 D.
252 2356 311 2388 eod.
332 2356 380 2388 tit.
410 2353 517 2396 potest
533 2361 725 2395 procurator
742 2359 887 2384 totorum
904 2352 1065 2383 bonorum

189 2399 242 2430 cui
259 2407 309 2430 res
325 2396 577 2429 administrandae
595 2394 751 2426 mandatae
768 2392 854 2426 sunt:
879 2392 952 2434 quia
966 2392 1065 2424 serva-

190 2446 231 2471 tae
249 2438 350 2470 ess'ent
366 2439 516 2479 periturae
533 2444 585 2468 aut
601 2436 778 2468 deteriores
796 2434 930 2474 futurae3
946 2442 1007 2466 nec
1022 2431 1067 2464 est

188 2482 217 2512 ei
235 2479 378 2520 permissa
401 2479 542 2520 perditio
565 2487 672 2510 rerum
699 2477 839 2516 domini,
864 2486 932 2523 quae
951 2475 1064 2508 aliena-

191 2521 282 2553 tione
295 2522 462 2561 praeveniri
477 2519 603 2561 potest,
620 2517 776 2559 &abipso
792 2519 926 2550 domino
935 2516 977 2548 fic
987 2525 1065 2558 prze-

190 2563 293 2594 veniri
309 2562 399 2594 solet.
423 2563 558 2594 habetur
575 2561 671 2602 igitur
687 2560 838 2591 alienatio
855 2568 960 2591 rerum
971 2582 980 2598 ,
997 2567 1065 2598 quae

185 2603 307 2635 servari
324 2611 487 2644 nequeunt
499 2627 509 2643 ,
525 2612 586 2644 pro
600 2601 870 2634 administratione
886 2608 1005 2632 naturae
1018 2608 1065 2634 re-

191 2654 264 2677 rum
278 2644 308 2675 ἃ
323 2644 488 2677 dominico
504 2645 569 2676 usui
584 2643 818 2676 conveniente:
833 2643 864 2674 id
882 2642 944 2681 est,
960 2640 996 2672 fit
1011 2640 1067 2681 (ut

193 2685 294 2726 Gajus
313 2686 356 2716 ait
372 2689 400 2717 d.
418 2687 437 2716 l.
455 2696 484 2723 9.
502 2686 532 2728 §.
550 2686 602 2726 4.)
618 2694 659 2717 ex
675 2685 833 2726 negotiis,
849 2683 913 2716 five
930 2692 972 2714 ex
986 2681 1065 2714 sum-

190 2735 244 2760 ma
261 2727 465 2767 negotiorum
482 2737 551 2768 quae
569 2727 716 2759 dominus
735 2725 791 2758 fibi
808 2725 875 2767 geri
891 2723 1063 2758 mandavit.

194 2767 294 2800 Simili
304 2767 426 2799 ratione
436 2769 539 2807 potest
549 2775 737 2808 procurator
747 2775 891 2799 totorum
906 2767 1067 2798 bonorum

193 2810 247 2842 cui
263 2809 419 2843 mandatae
434 2809 504 2840 suut
518 2819 568 2841 res
589 2809 859 2848 administrandae,
881 2816 1007 2840 mutuas
1021 2805 1068 2838 su-

193 2860 283 2884 mere
297 2850 465 2891 pecunias,
479 2850 509 2880 &
524 2860 574 2881 res
589 2851 711 2883 domini
728 2852 870 2892 obligare
885 2849 1030 2891 pignori3
1044 2846 1067 2880 fi

192 2892 360 2926 neceffitas
375 2891 408 2923 id
423 2891 490 2922 fieri
506 2900 631 2931 urgeat:
655 2900 709 2931 ut,
731 2892 753 2925 fi
770 2900 874 2924 metus
893 2891 949 2930 fit,
971 2899 1011 2922 ne
1028 2899 1067 2921 ae-

194 2935 254 2967 des
278 2940 388 2973 ruant;
409 2940 465 2964 aut
481 2940 521 2962 ne
537 2932 674 2971 pretiosa
687 2934 819 2975 pignora
835 2932 1065 2970 distrahantur;

194 2984 281 3008 neve
295 2974 392 3007 usurae
409 2980 463 3006 aut
477 2981 580 3014 poenae
597 2973 774 3007 debitarum
791 2975 996 3016 pecuniarum
1013 2982 1067 3005 ex·

194 3015 350 3050 crescant.
377 3015 513 3049 maxime
530 3020 635 3045 autem
652 3015 682 3045 id
698 3015 826 3054 licebit,
841 3016 863 3048 fi
878 3021 1067 3058 procurator

194 3059 233 3092 fit
247 3057 439 3091 constitutus
464 3056 503 3088 ab
527 3064 570 3101 eo
595 3055 648 3094 qui
669 3054 790 3087 solebat
808 3057 863 3089 sub
880 3056 1067 3098 pignoribus

194 3107 322 3133 mutuas
339 3099 490 3142 pecunias
505 3105 651 3137 accipere
665 3095 684 3126 l.
703 3106 750 3128 11.
766 3098 903 3138 §.uiue-5³
919 3100 939 3130 ι.
960 3107 1007 3130 12.
1022 3096 1067 3128 D.

195 3145 229 3175 de
246 3142 439 3185 pignoratitia
461 3138 578 3172 αὲῗίὒπε.
617 3145 690 3168 cum
713 3139 798 3169 enim
821 3139 851 3169 ei
874 3139 1065 3179 generaliter

192 3187 383 3237 mandentur
404 3179 547 3222 universa
563 3179 692 3226 negotia
710 3188 784 3226 ete
803 3179 925 3215 domini
939 3180 1064 3223 futura3

786 71 1097 113 than'ni

1146 71 1377 108 Noonr

1095 159 1230 201 perinde
1244 161 1305 200 est,
1322 170 1359 193 ac
1374 160 1394 193 fi
1407 160 1524 204 singula
1540 168 1608 202 quae
1623 161 1694 194 nius
1706 162 1826 196 domini
1841 171 1895 196 aut
1909 173 1974 197 cer-

1097 210 1130 233 te
1144 203 1308 235 neceffitas
1317 202 1441 243 exigat,
1459 204 1486 234 ei
1506 204 1695 241 nominatim
1712 207 1909 239 mandentur.
1928 207 1974 239 est

1097 243 1193 283 igitur
1209 245 1260 276 vel
1276 245 1339 275 hoc
1355 253 1395 276 ex
1412 244 1569 285 negotiis3
1585 246 1688 276 modo
1701 244 1767 285 ipse
1782 246 1822 282 sic
1837 247 1914 279 cffet
1929 248 1976 279 sa-

1099 285 1203 330 §turus
1219 285 1378 317 dominus.
1402 294 1466 317 non
1485 286 1570 317 enim
1589 285 1785 325 praesumitur
1800 288 1824 318 is
1839 298 1975 328 ,genera-

1097 325 1118 357 li
1135 327 1285 372 mandato
1308 327 1496 367 permittere
1513 330 1601 365 qnod
1624 328 1813 359 nominatim
1829 337 1892 360 non
1909 339 1977 369 per·

1099 374 1261 399 mitteret:
1276 377 1336 399 nec
1350 367 1392 400 sic
1408 368 1610 409 permitteret
1627 369 1714 409 quod
1732 368 1796 409 ipse
1811 378 1875 400 non
1890 369 1976 401 face·
1991 388 1994 393 ·

1100 416 1163 440 ret..
1190 408 1307 441 Praeter
1325 410 1393 440 haec
1411 410 1454 440 ait
1472 410 1584 441 Paulus
1600 409 1620 442 i.
1638 414 1687 450 58.
1707 409 1749 440 D.
1769 411 1801 440 cie
1810 416 1977 450 procurato-

1099 450 1197 481 ribus:
1211 451 1308 490 ,quod
1329 459 1518 491 procurator
1535 451 1585 482 cui
1605 451 1798 491 generaliter
1813 451 1991 484 committa*

1100 489 1198 522 libera
1213 501 1318 523 rerum
1334 492 1564 524 administratio
1581 494 1644 532 est,
1662 492 1766 532 potest
1782 501 1913 526 novare.
1933 493 1975 525 iic

1102 531 1236 563 censeo:
1253 533 1306 564 etsi
1323 534 1406 564 enim
1419 532 1589 565 Floremiae
1608 534 1685 566 defit
1704 533 1856 573 verbum,
1873 534 1978 566 Nova-

1101 582 1130 603 re
1140 595 1149 611 ‚
1166 580 1271 604 tamen
1281 573 1399 605 restitui
1412 575 1442 605 id
1454 574 1552 606 Paulo
1566 575 1755 606 anctoritate
1766 573 1978 614 Graecorum;

1102 614 1131 645 δι
1146 613 1211 645 fide
1227 615 1453 655 plerorumque
1465 616 1647 656 Codicum3
1663 625 1769 657 eoque
1786 616 1911 648 minore
1926 626 1979 658 pe-

1101 655 1222 687 riculo:
1248 656 1334 695 quod
1351 656 1433 687 clare
1447 657 1532 690 idem
1552 658 1664 690 Paulus
1681 659 1700 689 l.
1719 667 1767 690 20.
1788 658 1816 699 §.
1841 668 1866 690 1.
1886 657 1929 690 D.
1948 659 1981 689 de

1100 697 1321 743 novatiouibus,
1333 696 1615 743 N·ova1·e,inquir‚
1635 706 1723 730 tutor
1738 698 1862 739 potest,
1879 698 1901 730 fi
1916 694 1980 730 hoc

1102 738 1226 779 pupillo
1252 739 1420 778 expediat:
1446 740 1522 772 item
1549 740 1741 773 Procurator
1758 742 1902 772 omnium
1921 741 1981 771 bo-

1101 788 1227 813 norum.
1243 780 1476 825 ¹Addit'l'aulus
1487 782 1513 811 d.
1531 781 1550 812 l.
1570 786 1628 821 58,
1647 791 1718 813 eum
1735 790 1980 822 procuratorem

1099 819 1188 868 posse
1204 828 1300 867 ‘ct-iam
1317 830 1464 861 exrgere:
1481 822 1512 853 id
1531 821 1593 858 cst,
1612 831 1647 854 ut
1665 822 1819 863 Ulpianus
1837 824 1898 862 ait,
1913 832 1981 854 rctn

1100 872 1130 893 in
1146 862 1296 903 JudlClum
1312 862 1473 894 deducere
1489 863 1506 893 l.
1521 873 1566 895 12.
1578 863 1618 895 D.
1629 863 1772 903 depactis.
1789 865 1892 896 recte:
1908 873 1982 896 narn

1101 903 1147 935 est
1165 913 1222 944 pro
1240 903 1342 944 specie
1358 903 1540 935 novationis
1561 905 1579 936 i.
1594 915 1642 942 29.
1657 905 1698 937 D.
1717 907 1749 936 ‹le
1765 907 1981 937 novationibus.

1101 944 1227 977 Tamen
1254 954 1315 976 nec
1337 945 1401 976 hoc
1419 944 1464 976 est
1487 944 1551 976 fine
1566 948 1780 987 exceptione:
1805 956 1875 978 nam
1893 947 1980 987 apud

1104 985 1276 1028 Ulpianum
1286 987 1304 1017 l.
1317 995 1366 1026 40.
1378 985 1420 1017 D.
1436 987 1470 1017 de
1480 989 1716 1027 procuratoribus
1727 986 1768 1019 sic
1777 995 1866 1018 extat
1875 1010 1884 1025 ‚
1897 989 1981 1019 Pom-

1098 1030 1204 1069 panius
1211 1029 1337 1066 scribit,
1360 1037 1417 1058 non
1440 1037 1534 1059 omnes
1552 1028 1675 1060 aftioucs
1694 1036 1747 1068 per
1768 1034 1981 1071 procuratorem

1098 1069 1175 1111 pqffe
1197 1079 1279 1111 quem
1295 1067 1453 1110 instituere.
1486 1070 1607 1110 denique
1624 1076 1657 1101 ut
1673 1070 1771 1110 liberi,
1794 1073 1845 1112 qui
1861 1072 1891 1101 iu
1901 1076 1981 1111 pote-

1097 1110 1174 1153 state
1199 1113 1322 1147 absentis
1345 1111 1502 1148 dicuntur,
1526 1112 1694 1150 ducamur,
1716 1111 1898 1146 irzterciic'ium
1923 1121 1980 1144 non

1098 1152 1174 1194 poffe
1189 1151 1343 1191 defiderm‘e
1361 1154 1421 1183 ait:
1444 1151 1498 1189 nisi
1508 1176 1517 1189 ,
1541 1153 1729 1192 utJulz'czuus
1746 1155 1809 1192 ait,
1832 1153 1921 1191 causa
1938 1163 1982 1184 co-

1101 1196 1205 1236 gnita.-
1219 1195 1249 1224 id
1263 1192 1302 1234 est
1313 1217 1321 1231 ,
1331 1192 1360 1231 fi
1377 1192 1445 1235 [ὃ]
1462 1195 1632 1225 nominatim
1644 1196 1670 1225 ei
1685 1196 1856 1226 mandatum
1865 1193 1926 1233 sit,
1942 1194 1978 1229 ὃ*

1100 1240 1183 1277 pater
1193 1235 1361 1266 valetudine
1371 1258 1380 1273 ,
1391 1238 1436 1265 vel
1452 1233 1597 1276 aliajustu
1610 1235 1697 1270 causa
1707 1237 1893 1276 impediatur.
1909 1235 1979 1268 Cae·

1106 1285 1207 1308 terum
1226 1276 1426 1317 procuratori
1440 1278 1582 1308 omnium
1601 1286 1704 1308 rerum
1724 1277 1754 1308 ὅ(
1771 1277 1834 1308 hoc
1852 1278 1978 1308 manda-

1104 1318 1128 1349 ri
1146 1318 1289 1356 videtur;
1309 1325 1342 1348 ut
1358 1316 1457 1348 solvat
1473 1318 1687 1349 creditoribus
1703 1319 1722 1349 l.
1738 1327 1789 1357 59.
1806 1317 1848 1348 D.
1868 1320 1903 1349 de
1912 1325 1980 1359 pro-

1104 1360 1304 1397 curatoribus,
1318 1358 1336 1389 l.
1350 1362 1400 1398 87.
1412 1357 1453 1389 D.
1469 1358 1711 1399 desolutiom'bus.
1736 1360 1830 1400 igitur
1846 1369 1886 1390 eo
1903 1369 1982 1400 quo-

1105 1409 1167 1437 que
1183 1400 1283 1431 modo
1299 1399 1355 1431 etsi
1370 1399 1595 1438 alienat‚facit
1605 1400 1694 1440 quod
1709 1410 1750 1432 ex
1767 1401 1904 1441 negotiis
1921 1400 1977 1433 est.

1103 1441 1214 1474 Potest
1230 1441 1325 1473 etiam
1339 1441 1552 1481 jusjurandum
1570 1441 1696 1473 deferre
1715 1442 1734 1473 l.
1755 1451 1800 1483 17.
1816 1442 1845 1483 §.
1861 1442 1916 1474 ult.
1933 1441 1977 1474 D.

1104 1483 1137 1513 de
1146 1483 1339 1524 jurejurando
1350 1504 1360 1520 ,
1382 1482 1498 1522 opinor
1510 1505 1520 1520 ,
1536 1481 1760 1514 deficientibus
1779 1483 1978 1523 probationi—

1104 1524 1183 1562 buS,
1208 1530 1242 1554 ut
1262 1524 1302 1554 de
1317 1530 1424 1554 tutore
1440 1523 1557 1555 dictum
1577 1523 1597 1555 l.
1616 1534 1665 1564 35.
1681 1523 1721 1555 D.
1740 1525 1798 1555 eod.
1818 1525 1863 1555 tit.
1888 1523 1930 1556 fic
1946 1534 1980 1554 e-

1105 1565 1171 1597 nim
1196 1564 1297 1596 servat
1321 1564 1441 1595 domini
1458 1574 1508 1596 res
1525 1565 1664 1605 alioquin
1679 1566 1833 1606 perituras
1849 1565 1979 1597 defeflu

1104 1605 1345 1648 probationum.
1363 1605 1479 1640 ,Potest
1495 1605 1619 1646 insuper
1629 1606 1760 1646 pacisci,
1773 1606 1904 1647 &pacto
1920 1616 1978 1638 no-

1104 1656 1179 1680 cere
1194 1647 1328 1679 domino
1343 1647 1370 1678 d.
1380 1646 1399 1677 l.
1412 1656 1460 1680 12.
1476 1644 1517 1678 D.
1535 1648 1568 1677 de
1582 1647 1692 1687 puetis.-
1703 1647 1756 1679 nisi
1772 1649 1881 1679 donet.
1903 1657 1977 1680 nam

1104 1689 1238 1722 donatio
1253 1689 1284 1720 in
1300 1687 1433 1729 persona
1447 1688 1724 1728 administratoris,
1735 1689 1833 1730 qualis
1846 1688 1891 1721 est
1907 1699 1979 1730 pro·
2016 1686 2021 1692 ’

1106 1738 1251 1769 curator,
1268 1739 1333 1761 non
1344 1729 1570 1761 administratio
1581 1729 1626 1761 est
1635 1754 1644 1768 ,
1657 1729 1707 1761 sed
1718 1731 1865 1770 perditio.
1882 1739 1980 1762 trans-

1105 1772 1190 1804 attio
1212 1779 1319 1803 autem
1344 1771 1375 1803 in
1397 1771 1499 1803 dubiis
1521 1770 1617 1804 causis
1633 1771 1716 1802 facta
1731 1771 1817 1804 bona
1834 1771 1916 1811 fide,
1939 1772 1978 1803 ab

1107 1813 1379 1846 administratione
1390 1822 1454 1844 non
1466 1820 1669 1845 removetur:
1685 1821 1757 1844 cum
1770 1822 1807 1844 ex
1820 1822 1908 1854 parte
1918 1811 1978 1844 ser-

1107 1864 1164 1886 vet
1173 1856 1260 1895 quod
1277 1855 1422 1886 intotum
1439 1855 1568 1886 retineri
1581 1855 1702 1895 nequit.
1727 1854 1882 1887 Atobstat
1895 1855 1914 1885 l.
1925 1858 1977 1887 σο.

1106 1896 1150 1929 D.
1167 1898 1200 1928 de
1211 1897 1464 1937 procuratoribus:
1487 1895 1529 1927 fic
1545 1895 1682 1928 scribens
1696 1918 1706 1934 ,
1731 1895 1878 1927 Mandato
1896 1905 1981 1938 gene·

1106 1938 1163 1970 ruli
1180 1948 1237 1969 uon
1253 1938 1392 1969 contineri
1406 1937 1493 1968 etiam
1509 1936 1730 1969 transachonem
1746 1938 1891 1969 decidendi
1908 1946 1978 1968 cau-

1098 1980 1139 2020 sa
1165 1977 1371 2020 interpositam.
1403 1977 1440 2013 ὅ)
1462 1980 1522 2010 ideo
1540 1977 1568 2017 fi
1586 1977 1681 2019 postea
1697 1980 1722 2009 is
1743 1980 1794 2020 qui
1808 1979 1980 2017 inundavit,

1109 2020 1331 2053 transactionem
1353 2024 1448 2051 ratum
1470 2030 1527 2052 non
1550 2020 1673 2055 habaiu
1697 2030 1754 2050 riori
1770 2020 1844 2060 poffe
1861 2029 1924 2051 eum
1939 2029 1981 2050 re-

1103 2063 1172 2103 pelli
1193 2064 1228 2093 ab
1248 2061 1408 2093 actionibus
1429 2062 1602 2092 exercendis.
1646 2060 1735 2101 Quid
1755 2061 1912 2093 dicimus?
1936 2062 1982 2093 le-

1105 2104 1246 2145 gendum
1272 2102 1354 2142 effe,
1376 2101 1596 2133 transactionem
1621 2103 1804 2133 deminuendi
1821 2102 1923 2142 causa:
1948 2109 1983 2133 ut

1107 2147 1147 2177 de
1166 2152 1274 2176 tutore
1287 2143 1373 2176 idem
1389 2143 1502 2175 Paulus
1519 2144 1662 2184 loquitur
1678 2143 1695 2174 l.
1707 2147 1757 2181 46.
1772 2143 1801 2185 §.
1818 2144 1873 2175 ult.
1891 2143 1933 2174 D.
1950 2145 1982 2174 ιῖε

1107 2183 1519 2227 administrationetutorum?
1536 2185 1578 2216 ita
1589 2183 1795 2216 Doctiffimus
1809 2184 1979 2225 [nterpres,
2025 2182 2026 2185 ’

1107 2227 1246 2269 Jacobus
1262 2226 1428 2266 omacius,
1444 2226 1535 2258 Notis
1549 2228 1587 2258 ad
1598 2227 1626 2258 d.
1639 2226 1667 2267 §.
1682 2236 1733 2267 43.
1751 2223 1822 2267 lnft.
1840 2228 1872 2257 de
1887 2235 1981 2257 rerum
2035 2237 2036 2249 π

1106 2268 1263 2308 dunstane,
1287 2276 1384 2308 atque
1409 2268 1591 2310 ingeniose:
1615 2269 1668 2299 sed
1685 2267 1770 2299 nulla
1785 2267 1978 2299 necessitate.
1997 2269 2002 2271 “

1108 2320 1172 2342 non
1188 2310 1233 2342 est
1248 2309 1333 2341 enim
1345 2308 1488 2342 inusitata
1503 2309 1748 2348 Paulilocutio,
1767 2307 1920 2350 traristgcre
1936 2310 1980 2339 de·
2034 2316 2036 2318 ·

1108 2353 1221 2384 eiciendi
1245 2352 1350 2391 causa.-
1371 2352 1500 2391 quando
1523 2351 1553 2383 ἀ
1572 2349 1727 2391 Ulpianus
1743 2351 1762 2381 l.
1782 2359 1829 2387 29.
1849 2350 1876 2392 §.
1894 2358 1922 2381 2.
1940 2349 1979 2381 D.

1109 2395 1143 2425 de
1157 2391 1309 2434 inofficioso
1329 2391 1491 2433 testamento
1508 2393 1570 2432 ait,
1593 2402 1650 2424 rem
1668 2391 1860 2425 transactione
1875 2391 1980 2422 decidi:
2033 2399 2034 2406 ¹

1110 2436 1141 2467 ἃ
1161 2435 1375 2475 Imperatores
1398 2434 1419 2465 l.
1444 2443 1494 2475 17.
1513 2434 1545 2466 C.
1573 2435 1607 2466 de
1628 2432 1872 2466 transactionibus
1896 2433 1981 2464 litem
2032 2431 2033 2441 ¹

1108 2476 1304 2508 transactione
1331 2476 1462 2515 decisam.
1506 2475 1590 2507 Meo
1608 2474 1748 2516 judicio,
1769 2483 1835 2506 non
1853 2473 1980 2505 absurde
2031 2502 2032 2508 ,

1109 2519 1180 2559 quis
1198 2517 1367 2558 conjiciat,
1384 2518 1516 2549 Paulum
1531 2526 1595 2549 non
1612 2515 1674 2548 effe
1690 2516 1923 2548 exaudiendum
1940 2515 1978 2545 de
2031 2512 2032 2542 ἶ

1108 2560 1248 2602 generali
1273 2560 1424 2590 mandato
1451 2559 1594 2590 omnium
1612 2558 1836 2599 negotiorum,
1861 2565 1926 2596 quo
1942 2556 1979 2587 de
2030 2553 2032 2574 ἵ

1108 2611 1168 2633 nos
1185 2601 1325 2642 agimus:
1342 2600 1394 2632 sed
1409 2600 1450 2632 de
1464 2599 1604 2642 generali
1622 2599 1772 2631 mandato
1791 2597 1980 2630 exercenda-

1107 2651 1177 2675 rum
1189 2642 1349 2674 actionum
1361 2665 1371 2681 ,
1394 2640 1446 2673 seu
1463 2642 1576 2674 litium.
1601 2639 1746 2682 prorsus,
1763 2647 1798 2671 ut
1816 2639 1980 2680 transigere

1132 2684 1204 2716 offit
1225 2685 1369 2716 omnium
1394 2683 1600 2723 negotiorum
1623 2689 1813 2723 procurator
1836 2690 1925 2721 aeque
1939 2687 1979 2710 eit

1135 2726 1217 2763 auli,
1239 2733 1336 2766 atque
1353 2734 1394 2757 ex
1417 2724 1547 2766 Ulpiani
1565 2723 1720 2755 sententia
1741 2723 1760 2754 l.
1781 2732 1827 2755 10.
1846 2723 1875 2764 §.
1891 2721 1942 2753 ult.
1956 2719 1977 2750 l.
2028 2718 2029 2731 ³

1112 2776 1160 2800 11.
1176 2766 1213 2801 &⁹
1227 2766 1247 2798 l.
1268 2775 1315 2798 12.
1334 2765 1376 2797 D.
1393 2765 1540 2807 depactis.
1558 2766 1678 2806 quippe
1693 2773 1766 2797 cum
1782 2764 1817 2796 fit
1832 2773 1872 2795 ex
1886 2770 1980 2803 nego·
2027 2766 2028 2769 ’

1111 2808 1161 2840 tiis
1185 2808 1214 2839 ei
1238 2808 1409 2840 mandatis:
1434 2808 1487 2839 sed
1506 2809 1531 2839 is
1550 2808 1601 2838 cui
1621 2815 1734 2838 omnes
1752 2806 1907 2843 affiones,
1929 2801 1978 2834 vel
2026 2815 2027 2818 ¹

1109 2849 1299 2892 generaliter
1313 2849 1455 2881 actiones
1472 2849 1662 2881 exercendae
1672 2847 1826 2879 mandatae
1842 2846 1980 2883 sunt,eo
2025 2846 2027 2885 J

1109 2890 1281 2932 transigere
1295 2898 1451 2930 nequeat:
1468 2890 1556 2932 quod
1571 2890 1599 2921 ei
1616 2890 1646 2921 in
1663 2889 1789 2930 singulis
1805 2886 1900 2919 caufis
1915 2891 1980 2917 non
2025 2896 2026 2905 ¹

1109 2931 1243 2971 decisio,
1254 2931 1307 2963 sed
1322 2932 1405 2963 actio
1420 2933 1568 2964 mandata
1582 2930 1643 2963 ess'e
1657 2929 1859 2971 intelligitur:
1874 2925 1978 2957 austo-

1108 2985 1143 3007 re
1154 2972 1323 3006 Gordiano
1333 2973 1352 3004 l.
1363 2982 1391 3014 7.
1404 2973 1437 3004 C.
1455 2975 1487 3005 de
1499 2971 1758 3007 transactionum
1777 2971 1805 3002 &
1820 2967 1886 3009 ipso
1901 2965 1979 2997 Pau-

1109 3017 1143 3049 lo
1159 3016 1178 3048 l.
1199 3024 1245 3057 13.
1263 3015 1306 3047 D.
1329 3016 1362 3046 de
1372 3014 1478 3056 pactis.
1522 3013 1683 3053 Loquitur
1700 3011 1825 3056 quidem
1843 3015 1978 3046 uterque

1111 3059 1150 3090 de
1167 3067 1229 3089 una
1241 3057 1366 3088 actione
1378 3057 1558 3088 exercenda
1571 3055 1733 3089 mandata:
1750 3050 1802 3082 sed
1816 3049 1900 3080 idem
1912 3047 1977 3093 est,

1109 3100 1131 3132 fi
1147 3100 1253 3140 plures
1264 3099 1315 3130 vel
1333 3107 1446 3130 omnes
1464 3097 1652 3130 exercendae
1661 3092 1812 3136 mandata}
1828 3089 1896 3121 fint.
1920 3090 1977 3120 nili

1109 3142 1195 3173 enim
1217 3140 1253 3172 fit
1278 3140 1420 3172 omnium
1445 3140 1669 3180 negotiorum,
1691 3133 1742 3166 vel
1761 3130 1978 3163 umversOrum

1108 3183 1270 3222 bonorum
1282 3188 1471 3227 procurator
1479 3179 1686 3215 constitutus:
1707 3173 1831 3214 semper
1846 3175 1976 3244 ecerat}
