2052 3487
231 80 299 114 180

233 164 326 196 tione
348 170 419 195 eam
432 158 560 201 sumpfit
583 156 668 189 malo
691 161 801 189 more:
824 152 878 185 sed
894 152 978 194 quasi
995 153 1037 200 ab
1059 162 1091 200 ρ-

231 207 321 238 mico
354 204 490 244 accepit.
522 200 598 232 nihil
621 199 719 239 igitur
742 195 788 228 cst
812 195 905 236 quod·
932 195 972 226 ab
996 203 1089 242 initio

232 249 403 287 culpetur:
427 253 464 276 ac
485 242 506 274 fi
529 251 599 273 eam
622 240 699 278 fibi,
723 247 796 270 curn
814 236 943 278 pollet,
972 236 1090 268 deinde

230 299 300 321 non
315 287 428 325 solvit,
450 291 571 315 tantum
595 283 626 313 in
650 290 740 312 mora
762 278 825 311 est:
848 278 892 310 ob
909 287 1006 324 quam
1033 277 1089 310 etsi

232 331 274 361 ad
296 328 400 360 usuras
431 332 595 363 teneatur,
618 332 684 354 non
709 329 817 353 tamen
841 321 882 353 ad
900 329 1062 367 'mammas
1077 341 1087 359 ‚

229 371 285 402 seu
315 367 518 406 centesimas,
550 372 696 403 tenetur,
727 362 780 394 sed
799 371 870 402 quae
898 371 930 393 in
956 370 1090 408 regione

228 412 496 450 frequentantur,
528 406 681 446 exemplo
719 405 855 436 aliorum
892 403 1088 435 debitorum.

229 459 381 483 caeterum
399 449 420 481 fi
439 448 608 490 postquam
628 448 665 478 ad
682 447 775 478 amici
797 445 928 490 negotia
942 444 1090 482 accessit,

226 494 295 533 ejus
314 491 480 532 pecuniam
497 491 528 522 in
545 489 614 521 usus
637 488 707 520 suos
724 494 889 519 convertit
905 495 915 524 ;
940 484 986 532 est
1003 486 1090 532 quo-d

224 536 267 566 ab
277 534 367 565 initio
378 532 645 574 reprehendatur:
659 530 730 570 quia
745 529 1014 573 alienaepecuniae
1027 535 1087 557 uti-

225 577 348 608 litatem
369 583 424 614 per
441 573 578 615 speciem
602 569 936 615 administrationis-ad
955 567 985 599 se
1005 568 1086 600 clam

225 616 386 649 transfert.
404 616 519 657 incipit
535 616 630 656 igitur
647 613 776 645 debitor
795 610 858 642 esse
875 610 960 642 malo
975 619 1086 656 more-z

223 657 336 689 abusus
361 658 489 690 licentia
517 666 610 697 quam
635 655 795 691 habebat3
826 661 923 692 atque
943 651 1025 696 adeo
1043 661 1086 682 vi-

223 709 263 731 ce
281 700 442 741 cujusdam
463 707 568 741 poenae
587 697 672 729 reste
690 694 876 738 graviffimis
901 691 999 725 usuris
1017 691 1086 724 sub-

236 750 339 773 icitur.

220 752 231 782 J
265 783 354 815 idem
387 789 554 823 receptum
581 780 709 811 videtur
738 779 770 810 in
795 783 1007 823 procuratore
1032 776 1085 816 qui

219 825 343 856 domini
362 826 531 866 pecuniam
547 824 578 853 in
597 821 667 853 usus
684 821 755 852 suos
767 825 976 851 converterit.
990 817 1035 848 est
1053 827 1084 848 e—

218 867 284 897 nim
312 867 343 897 in
375 876 415 897 eo
447 867 529 896 ratio
554 862 766 903 superioribus
789 860 906 893 similis.
931 867 1085 900 praeteiea

217 906 456 948 Tryphoninus
481 907 564 938 inter
581 914 717 936 caeteros
735 903 831 935 etiam
848 911 921 934 eum
941 900 1085 941 comple-

218 949 339 988 Ctitur3
374 958 448 980 cum
482 947 523 981 fic
558 946 664 978 scribit
688 947 716 977 d.
741 945 760 977 l.
789 949 838 986 38.
862 943 1011 988 Quoniam
1035 943 1085 989 ubi

218 992 284 1031 quis
300 992 361 1031 eJ'us
372 991 527 1031 pecuniam
546 989 630 1030 cujus
653 987 791 1025 tutelam,
816 987 968 1027 negotiove
992 985 1082 1015 admi·

216 1030 344 1073 nistret,
367 1038 421 1064 aut
442 1029 642 1073 Magistratus
663 1029 815 1068 municipii
826 1027 975 1068 publicam
994 1027 1029 1056 'in
1046 1035 1080 1056 u-

212 1073 350 1112 lussuos
376 1075 537 1112 convertit,
577 1072 721 1103 maximas
743 1074 847 1110 usuras
872 1066 1008 1109 prasini,
1037 1072 1081 1114 qut:

212 1112 252 1155 est
282 1113 472 1155 constitutum
504 1125 523 1146 a
550 1114 640 1146 Divis
672 1112 871 1151 Principibus.
922 1109 1080 1157 Accedit,

212 1157 302 1197 quod
322 1156 476 1198 Ulpianus
499 1157 519 1187 l.
540 1165 586 1188 10.
611 1156 641 1197 §.
665 1164 696 1195 3.
722 1153 764 1184 D.
786 1152 928 1183 Manciam
949 1150 1077 1181 velcon·

212 1205 270 1229 tra.
297 1208 364 1232 rem
392 1199 477 1230 clare
500 1198 530 1229 &
556 1198 650 1238 plene
673 1195 840 1236 indigitat.-
866 1192 966 1224 modo
993 1191 1079 1222 reete

211 1240 348 1280 legatur.
374 1241 473 1271 verba
490 1239 560 1270 haee
577 1238 656 1269 sunt.
701 1238 733 1267 Si
745 1240 918 1282 propinator
934 1243 1012 1264 meus
1029 1239 1080 1280 Pe'.

210 1283 330 1313 cuniam
346 1292 437 1313 meam
455 1282 576 1319 babeat,
600 1289 637 1311 ex
659 1288 737 1309 mora
759 1283 859 1318 ulique
883 1278 984 1322 usuras
1008 1275 1079 1322 inibi

210 1324 327 1363 pendet.
371 1323 428 1354 Sed
457 1322 493 1356 ὅθ
509 1321 539 1360 si
564 1322 718 1363 pecuniam
741 1328 831 1350 ineam
847 1318 959 1364 foenorz
984 1317 1079 1354 dedit,

213 1364 377 1406 usurasque
389 1366 555 1404 consecutus
570 1361 628 1404 esi,
652 1364 851 1402 consequenter
869 1360 1015 1395 dicemus,
1036 1359 1080 1387 de-

214 1407 277 1436 bere
303 1416 368 1437 eum
391 1403 544 1446 praestore,
577 1409 835 1445 quantimzcunque
858 1400 1080 1446 emolumenturn

206 1445 318 1487 fivstl;
334 1446 401 1484 five
413 1449 439 1477 ei
453 1444 617 1483 mandavi,
634 1443 701 1482 five
723 1453 799 1474 non.-
820 1450 891 1483 quia
915 1442 991 1471 bonae
1006 1439 1079 1479 fidei

214 1489 266 1519 hoc
288 1490 443 1529 congruit,
468 1497 503 1519 ne
521 1488 553 1518 de
577 1486 668 1518 alieno
694 1485 810 1516 lucrum
826 1483 948 1528 sentiat.
991 1481 1080 1528 Quod

208 1529 238 1568 fi
253 1539 310 1560 non
327 1529 458 1560 exercuit
476 1526 650 1569 pecuniam,
665 1527 720 1567 sed
737 1527 774 1557 ad
795 1528 864 1562 usus
872 1526 945 1564 suos
960 1532 1079 1570 conver-

212 1572 251 1602 rit
265 1594 275 1608 ,
307 1571 339 1601 in
360 1572 462 1609 usuras
487 1570 693 1606 convenietur,
716 1577 778 1609 quae
803 1566 927 1608 legitimo
944 1565 1023 1596 modo
1038 1573 1078 1612 ‘in

212 1612 376 1652 regionibus
392 1611 636 1653 frequentantur.
660 1611 782 1651 denique
804 1608 993 1648 Papinianus
1013 1611 1078 1650 ait,

212 1651 340 1691 etiamsi
354 1653 459 1692 usuras
477 1651 611 1694 exegerit
617 1658 811 1693 procurator,
830 1648 867 1683 ὃ
879 1649 913 1680 in
927 1654 997 1688 ujus
1008 1650 1080 1688 suos

212 1695 380 1733 convertit,
411 1697 513 1734 usuras
546 1703 609 1725 eum
629 1691 768 1734 praestare
792 1692 898 1722 debere.
918 1731 925 1737 ·
1038 1732 1042 1735 Ι

212 1736 293 1767 bent
318 1736 409 1775 libri,
434 1736 519 1777 typis
547 1732 837 1780 descriptnmaief
860 1739 895 1763 ut
915 1738 979 1772 Jain
1000 1730 1079 1762 olim

211 1777 439 1810 animadvertit
454 1775 761 1819 Jacobus‘CuJacius
776 1798 785 1813 ‚
810 1773 857 1804 lib.
881 1781 928 1812 13.
955 1771 1078 1817 Obseru.

211 1821 236 1852 c'.
266 1829 311 1860 15.
335 1819 392 1851 etfi
423 1828 484 1850 nec
504 1817 572 1859 'ipse
598 1816 741 1848 feliciter
764 1814 915 1847 affetkum
942 1813 1080 1860 restituit

209 1861 340 1900 locum;
364 1860 555 1902 suspicatus,
579 1859 651 1890 haec
666 1858 781 1896 verba,
805 1866 871 1902 quce
882 1856 1006 1897 legitimo
1021 1864 1078 1885 mo-

209 1903 245 1933 do
264 1903 295 1933 in
318 1903 483 1944 regionibus
500 1902 758 1941 frequentantur,
789 1896 917 1943 traJecta
941 1895 1023 1935 effe3
1048 1896 1078 1926 &

211 1945 437 1986 conjungenda
460 1952 533 1974 curn
557 1941 621 1974 fine
644 1941 736 1982 primi
766 1939 873 1970 verius
890 1939 1033 1985 ejusdem
1051 1936 1080 1978 §.

209 1985 279 2016 hoc
302 1986 419 2024 modo,
452 1985 486 2016 Si
511 1990 680 2025 procurator
704 1991 784 2013 meus
802 1987 957 2027 pecuniam
988 1988 1081 2010 meam

211 2027 322 2066 habet,
353 2036 389 2058 ex
420 2036 499 2058 mora
528 2027 629 2067 utique
659 2024 759 2064 usuras
787 2022 858 2053 mibi
885 2021 990 2061 pendet
1018 2030 1081 2070 quae

212 2068 337 2110 legitimo
360 2069 439 2099 modo
471 2069 503 2099 in
527 2067 690 2109 regionibus
715 2065 962 2105 frequentantur.
1015 2061 1078 2092 bed

214 2110 291 2150 quid
316 2109 360 2141 est
378 2109 395 2141 ἰ)
426 2109 527 2141 scribe
558 2118 633 2141 meo
658 2108 802 2147 periculo
819 2128 830 2144 ,
848 2104 894 2137 ,Si
908 2109 1080 2151 procurator

212 2160 292 2181 meus
303 2152 458 2192 pecuniam
476 2160 566 2182 meam
584 2150 704 2188 habeat,
729 2157 770 2178 ex
789 2155 877 2178 mora
893 2151 994 2186 utique
1011 2147 1078 2183 uju-

212 2201 263 2224 ras
278 2193 348 2223 mihi
359 2194 464 2231 pendet
482 2201 553 2232 quae
570 2193 601 2222 in
620 2189 805 2231 regionibus
821 2187 1078 2228 frequentantur.

213 2233 272 2265 Sed
292 2232 535 2274 &fipecunz'am
565 2241 655 2263 meam
677 2230 797 2262 foenori
823 2229 928 2266 dedit,
960 2227 1078 2258 usuras-

214 2284 279 2315 que
298 2275 490 2306 consecutus
509 2273 572 2310 est,
597 2274 797 2314 consequenter
811 2271 956 2308 dit-emus,
982 2270 1078 2300 debere

213 2325 279 2347 eum
306 2314 468 2357 praefiare‚
502 2322 787 2356 quantumcunque
820 2312 1082 2358 emolumenturn

213 2356 308 2389 senfit
323 2381 332 2396 ,
354 2357 415 2394 five
427 2359 453 2388 ei
468 2357 610 2389 mandavi
625 2379 634 2394 ,
650 2354 716 2394 five
733 2364 810 2385 non:
832 2354 902 2394 quia
919 2354 995 2383 honre
1004 2352 1077 2392 fidei

213 2399 265 2430 hoc
282 2401 435 2442 congruit,
458 2408 493 2429 ne
515 2399 549 2429 de
572 2397 664 2429 alieno
687 2397 802 2427 lucrum
817 2395 943 2440 sentiat.
987 2394 1077 2440 Quod

208 2439 238 2478 fi
255 2450 313 2471 non
329 2441 456 2473 exercuit
474 2441 647 2481 pecuniam,
661 2439 715 2479 fied
738 2437 777 2468 ad
805 2435 875 2467 usus
900 2436 972 2467 iuos
999 2445 1087 2467 con-¹

215 2482 333 2521 vertit,
356 2484 388 2513 in
406 2484 510 2520 usuras
526 2481 714 2514 convenietur
732 2478 879 2520 legitimo
901 2478 1016 2524 modo.
1041 2476 1077 2523 &²

190 2523 338 2564 ·reliqua.
381 2524 435 2555 Sic
466 2533 527 2564 ego
556 2521 714 2563 conjicio:
746 2529 808 2552 nec
832 2519 965 2566 ‘mmm’
1000 2527 1083 2566 quin

212 2573 293 2596 vere
317 2564 347 2596 ἃ
370 2567 606 2596 convenienter
636 2562 800 2595 sententiae
826 2559 966 2601 Ulpiani.
996 2560 1078 2592 fecit

211 2605 242 2637 is
261 2613 323 2637 tres
347 2605 456 2645 casus,
480 2605 511 2637 &
533 2606 657 2637 ratione
682 2605 712 2636 ἅ
729 2603 802 2644 Jure
819 2602 992 2635 distinctos.
1017 2602 1078 2650 pri:

213 2647 373 2678 mus-vult
390 2655 639 2687 procuratorem·
650 2646 780 2687 quidem
803 2654 846 2686 ex
861 2652 952 2675 mora
975 2652 1077 2675 teneri

214 2688 255 2720 ad
271 2686 400 2728 usuras,
420 2687 473 2719 sed
497 2697 562 2720 non
590 2689 682 2726 alias,
708 2695 802 2727 quam
823 2695 892 2727 quae
916 2686 948 2717 in
974 2687 1078 2732 regio:

214 2728 535 2771 ne'frequentantur:
559 2729 648 2769 quod
664 2730 695 2760 in
710 2727 858 2759 omnibus
880 2728 976 2759 bonae
1000 2727 1078 2759 fidei

214 2771 342 2812 iudiciis
360 2770 570 2802 constitutum
586 2769 665 2808 effe,
683 2769 871 2801 ostenditur.
888 2769 969 2801 alter
987 2769 1079 2815 vult,

216 2820 462 2854 procuratorem
481 2812 536 2853 qui
553 2810 674 2844 domini
690 2811 861 2852 pecuniam
881 2809 1002 2844 foenon
1025 2811 1079 2843 de-

949 1689 1002 1720 Sic
1026 1691 1090 1720 ha-.

838 63 1145 99 Gai-titani
1192 62 1426 99 Noon‘r

1141 152 1208 192 dit,
1224 153 1255 184 ei
1270 153 1437 186 restituere
1453 150 1558 185 usuras
1576 158 1848 197 quantascumque
1863 165 1995 201 accepe-

1140 194 1199 232 rit,
1222 203 1357 236 nempe,
1374 204 1415 226 ne
1433 195 1473 226 de
1490 194 1596 227 alieno
1620 196 1743 228 lucrum
1760 197 1888 231 sentiat:
1906 203 1995 241 quod

1124 235 1174 268 ,δι
1188 235 1263 267 alibi
1279 246 1390 269 verum
1416 235 1479 268 effe
1502 238 1647 276 probavi.
1672 239 1784 270 tertius
1801 238 1887 271 casus
1906 243 1996 282 vult,

1129 285 1400 317 „procurator-em,
1428 277 1451 309 fi
1475 287 1541 310 non
1567 280 1712 311 exercuit
1735 281 1923 321 pecuniam,
1946 283 1998 317 sed

1138 319 1171 350 in
1188 317 1258 352 usus
1278 319 1349 352 suos
1364 319 1545 358 convertit,
1567 321 1607 352 ad
1626 319 1729 352 usuras
1753 321 1898 362 legitimo
1921 333 1996 359 con-

1141 360 1241 392 veniri
1266 364 1384 394 modo:
1414 361 1447 394 id
1466 360 1529 400 est,
1562 363 1624 400 (ut
1645 360 1880 404 Tryphoninus
1904 373 1943 397 ea
1963 366 1994 399 in

1140 400 1245 442 specie
1268 403 1411 444 loquitur
1432 403 1460 434 d.
1485 402 1505 434 l.
1531 404 1607 444 38.)
1638 404 1677 436 ad
1707 403 1809 436 usuras
1833 408 1995 441 maximas.

1140 444 1184 474 ait
1205 451 1311 476 autem
1338 443 1513 485 Ulpianus,
1544 454 1616 477 eum
1640 445 1678 476 ad
1701 444 1806 477 usuras
1830 449 1996 481 conveniri

1140 485 1264 526 legitimo
1292 487 1389 516 modo:
1420 495 1498 526 pr0,
1534 487 1572 518 ad
1605 487 1737 518 modum
1765 487 1836 528 iege
1856 488 1994 528 praescri-

1138 534 1249 566 ptum,
1266 525 1329 558 five
1346 528 1385 558 ad
1403 527 1499 558 finem
1516 528 1611 569 legis:
1635 530 1701 569 pari
1719 530 1845 560 ratione
1863 539 1925 570 qua
1941 531 1995 563 Pa-

1138 567 1280 607 pinianus
1303 568 1322 599 l.
1346 568 1372 600 i.
1396 568 1425 611 §.
1445 579 1473 610 3.
1499 568 1540 600 D.
1567 571 1600 600 de
1622 571 1792 612 pignoribus
1808 569 1844 604 δέ’
1863 572 1994 612 hypothe.

1137 611 1177 640 cis
1193 608 1286 648 infit,
1309 609 1403 641 Paeto
1415 611 1550 651 placuit,
1572 616 1605 642 ut
1619 613 1656 642 ad
1677 613 1751 642 diem
1767 612 1863 652 usuris
1880 622 1938 644 non
1950 614 1998 654 so-
2021 631 2024 640 ·
2050 646 2052 655 Α

1136 650 1226 689 lutis,
1245 650 1366 689 frustus
1387 652 1610 692 hypothecarum
1625 653 1876 694 compensarentur
1883 653 1942 694 fini
1960 655 1996 686 le-
2050 657 2052 668 ¹

1132 693 1243 734 gitimae
1268 694 1371 732 usurae.
1402 700 1462 733 pro
1487 703 1552 734 quo
1576 693 1781 726 Modestinus
1805 694 1825 725 l.
1841 699 1870 729 8.
1897 696 1936 727 1).
1959 696 1995 728 In

1135 735 1239 774 quibus
1260 733 1354 772 taufis
1364 736 1476 776 pignus
1497 735 1544 766 vel
1560 736 1715 777 hypotheca
1742 738 1829 767 tacite
1854 737 1997 769 contrahi-

1135 776 1236 806 zurait
1247 776 1305 813 ,ad
1315 779 1430 807 niodum
1444 776 1607 818 legitimum
1616 782 1717 815 usuras
1733 779 1868 814 retineri3
1892 779 1922 810 ἀ
1939 779 1995 811 Pa-

1136 816 1282 857 pinianus
1311 817 1331 849 i.
1354 827 1382 856 4.
1408 817 1437 859 §.
1458 827 1484 849 1.
1508 817 1550 850 D.
1574 820 1608 850 de
1632 821 1748 851 nautico
1763 819 1876 860 foenvre
1898 821 1996 861 dicit,

1135 859 1173 889 ad
1192 857 1281 895 finem
1299 857 1460 896 centefimae.

1176 898 1226 930 Ex
1250 901 1367 932 eodem
1396 910 1514 941 genere
1542 899 1607 941 est,
1638 901 1728 942 quod
1761 901 1783 933 fi
1807 906 1878 943 quis
1909 912 1998 935 com-

1134 949 1265 972 munem
1282 941 1415 973 insulam
1430 943 1488 974 suis
1511 942 1658 983 impensis
1685 943 1856 983 refecerit,
1881 944 1997 976 cessan-

1135 990 1169 1013 te
1193 983 1300 1018 ioci0‚
1327 983 1508 1024 deindeque
1532 984 1558 1014 is
1583 984 1686 1016 socius
1708 984 1864 1025 impensas
1886 986 1930 1017 illi
1952 995 1998 1017 re·-

1134 1023 1265 1056 stituere
1292 1027 1371 1056 velit
1393 1024 1474 1056 intra
1501 1033 1639 1065 quatuor
1664 1027 1806 1065 menses,
1829 1027 1997 1068 postquam

1132 1074 1214 1105 opus
1238 1065 1394 1097 refeeium
1416 1068 1477 1098 erit
1493 1090 1503 1105 ,
1541 1066 1661 1106 placuit
1677 1091 1687 1106 ,
1720 1067 1808 1108 poffe
1832 1069 1998 1100 restituere

1132 1116 1206 1138 cum
1231 1108 1411 1140 centesimis
1446 1107 1545 1139 usuris
1570 1109 1589 1139 l.
1616 1119 1645 1147 4.
1676 1108 1708 1139 C.
1735 1111 1769 1139 de
1791 1108 1920 1149 aedificiis
1937 1112 1999 1151 pri-

1130 1151 1229 1180 vaii's:
1253 1150 1321 1190 jure
1344 1150 1533 1181 introducto
1558 1149 1716 1181 Oratione
1740 1149 1786 1182 D.
1814 1150 1919 1183 Marci
1944 1161 1998 1183 cu-

1127 1190 1175 1230 jus
1192 1192 1315 1222 mentio
1342 1190 1379 1222 fit
1400 1191 1439 1222 ab
1464 1190 1605 1232 Ulpiano
1628 1192 1648 1222 l.
1667 1202 1718 1232 52.
1742 1191 1772 1234 ς.
1791 1201 1838 1225 10.
1863 1192 1904 1224 D.
1928 1192 1992 1224 Pro

1120 1232 1224 1272 socio:
1254 1232 1337 1273 apud
1362 1242 1459 1273 quem
1483 1233 1579 1264 etiam
1605 1233 1791 1273 AccurfiuS‚
1823 1243 1883 1275 pro
1908 1236 1992 1266 certis

1130 1273 1227 1312 usuris
1241 1297 1252 1314 ‚
1295 1274 1464 1314 quomodo
1504 1275 1602 1306 habet
1636 1275 1801 1315 exemplar
1837 1275 1994 1307 Florenti-

1129 1323 1228 1388 Pum,
1252 1315 1326 1347 alias
1349 1316 1411 1356 legi
1435 1314 1543 1347 scribit
1567 1315 1724 1355 tentefimis
1743 1317 1857 1358 usuris.-
1890 1317 1997 1350 rectis-
2032 1345 2034 1349 ,

1141 1365 1216 1388 ime.

1170 1398 1220 1429 An
1243 1397 1328 1429 idem
1358 1398 1503 1430 dicemus
1520 1398 1552 1429 in
1578 1398 1743 1431 locatione
1761 1399 1790 1430 &
1808 1399 1997 1431 conductio-

1131 1438 1351 1471 neesuadere
1370 1440 1518 1472 videntur
1534 1440 1603 1472 liaec
1618 1440 1720 1482 Impp.
1745 1439 1946 1473 Diocletiani
1964 1441 1995 1473 δε

1128 1480 1350 1513 Maximiniani
1371 1481 1469 1513 verba
1492 1482 1511 1514 l.
1532 1491 1568 1522 17
1604 1481 1637 1514 C.
1655 1484 1689 1514 de
1712 1482 1802 1514 locato
1826 1481 1863 1517 δ’
1887 1483 1995 1514 condu-

1130 1521 1184 1553 eto.
1230 1523 1341 1559 Praeses
1354 1524 1515 1563 provinciae
1537 1532 1571 1554 ea
1594 1533 1655 1564 quae
1680 1533 1716 1555 ex
1741 1524 1880 1556 locatione
1896 1525 1997 1556 deben—

1129 1568 1195 1602 tur,
1219 1563 1329 1602 exsolvi
1338 1563 1404 1602 sine
1420 1574 1499 1596 mora
1512 1566 1643 1597 curaln'c:
1665 1574 1724 1597 non
1747 1567 1872 1607 ignarus
1898 1576 1935 1597 ex
1960 1565 1998 1597 lm

1128 1611 1192 1636 cato
1223 1604 1260 1640 &³
1285 1605 1423 1637 condutio
1454 1606 1619 1646 astionem,
1650 1616 1717 1638 cum
1731 1606 1774 1645 fit
1806 1608 1883 1638 bonae
1898 1607 1996 1648 fidei,

1128 1644 1193 1687 post
1208 1655 1333 1686 morum,
1356 1650 1458 1687 usuras
1475 1648 1619 1690 legitimas
1636 1648 1817 1680 admittere.
1862 1647 1946 1691 Quae
1966 1658 1998 1680 e·

1129 1688 1195 1719 nim
1218 1688 1353 1730 legitima
1375 1696 1485 1728 usura,
1509 1688 1564 1720 nisi
1587 1688 1794 1722 centefimae?
1824 1698 1894 1730 quae
1921 1690 1997 1722 solae

1130 1730 1264 1771 legitime
1279 1730 1483 1770 appellantur
1497 1730 1549 1762 illa
1566 1737 1671 1762 aetate.
1715 1730 1779 1763 Sed
1796 1740 1862 1762 non
1877 1732 1922 1762 ita
1939 1730 1996 1763 est.

1130 1772 1246 1802 volunt
1265 1770 1504 1811 Imperatores,
1527 1771 1558 1802 in
1578 1772 1743 1803 locatione
1763 1772 1873 1803 deberi
1893 1772 1997 1804 usuras

1130 1820 1319 1843 communes
1343 1813 1488 1844 omnium
1512 1813 1704 1853 judiciorum
1728 1813 1824 1845 bonae
1844 1812 1936 1852 fidei,
1966 1814 1999 1846 in

1132 1853 1248 1893 quibus
1266 1853 1403 1885 leviores
1427 1853 1616 1894 praestantur
1637 1864 1698 1896 pro
1720 1864 1811 1887 more
1835 1855 1997 1895 regionis;

1132 1903 1205 1933 quae
1235 1894 1384 1935 legitimis
1419 1904 1631 1936 opponuntur
1653 1897 1672 1928 l.
1694 1905 1722 1937 7.
1747 1896 1775 1939 §
1801 1906 1846 1929 10.
1870 1897 1889 1939 §
1917 1906 1945 1937 7.
1966 1901 1995 1931 8.

1132 1934 1169 1970 ὅ)
1185 1945 1213 1972 9.
1239 1935 1281 1967 D.
1305 1937 1339 1967 de
1362 1935 1609 1977 administratione
1633 1944 1780 1977 tutorum,
1805 1947 1996 1978 quamquam

1131 1978 1273 2017 alioquin
1301 1987 1367 2010 non
1397 1979 1479 2010 male
1504 1979 1637 2020 legitima
1661 1980 1723 2011 dici
1743 1980 1886 2020 poffint:
1919 1979 1996 2012 ficut

1123 2016 1246 2059 stututae
1264 2017 1362 2050 usura:
1379 2019 1399 2051 l.
1418 2029 1447 2060 7.
1471 2019 1501 2061 §.
1519 2031 1548 2060 5.
1574 2020 1616 2052 D.
1634 2022 1667 2052 de
1680 2020 1790 2061 pastis:
1815 2031 1892 2061 quas
1909 2031 1998 2053 rece-

1131 2060 1237 2100 perint
1247 2059 1411 2101 Principes
1428 2069 1564 2101 quorum
1578 2061 1834 2094 Constitutiones
1852 2063 1927 2105 leges
1944 2071 1996 2103 ap-

1130 2101 1260 2142 pellari,
1284 2109 1409 2134 certum
1434 2101 1488 2133 est.
1513 2102 1565 2134 sed
1589 2104 1661 2144 quia
1685 2103 1749 2134 hoc
1777 2113 1895 2135 nomen
1921 2112 1996 2135 ante

1129 2142 1185 2175 fibi
1215 2143 1278 2183 jam
1304 2144 1545 2175 vindicaverant
1570 2144 1774 2183 centefimae,
1806 2145 1923 2177 deinde
1948 2146 1996 2177 in·

1131 2184 1234 2216 ventis
1253 2193 1323 2225 quae
1344 2194 1405 2225 pro
1421 2194 1511 2217 more
1528 2187 1667 2228 regionis
1685 2186 1871 2227 praestantur
1887 2187 1918 2218 in
1936 2187 1996 2218 bo-

1129 2235 1178 2258 nae
1203 2224 1278 2257 fidei
1299 2226 1447 2267 judiciis,
1480 2235 1545 2258 non
1570 2228 1710 2268 placuit,
1734 2237 1807 2259 cum
1833 2228 1880 2260 his
1909 2229 1994 2259 idem

1130 2269 1363 2299 communicari
1379 2277 1497 2299 nomen
1515 2269 1563 2300 dd.
1579 2270 1630 2300 loc.
1655 2269 1718 2301 Sed
1737 2269 1756 2300 fi
1774 2269 1840 2301 hoc
1856 2269 1921 2308 est,
1937 2279 1994 2301 un·

1129 2311 1171 2340 de
1187 2310 1219 2340 in
1235 2310 1263 2341 d.
1281 2309 1300 2340 l.
1325 2319 1372 2350 17.
1396 2310 1528 2351 legitima
1544 2310 1642 2342 usurae
1659 2310 1709 2342 hae
1727 2319 1799 2351 quae
1827 2310 1994 2343 leviores?

1129 2360 1166 2382 an
1182 2351 1313 2392 legitime
1332 2351 1429 2383 usurae
1448 2350 1517 2382 sunt
1534 2351 1632 2384 usurae
1642 2352 1760 2392 solitae‘?
1782 2351 1854 2384 sane
1878 2352 1920 2385 fic
1937 2362 1994 2384 vo-

1129 2401 1241 2424 cantur
1261 2393 1280 2423 l.
1300 2402 1328 2426 ει.
1350 2392 1384 2423 C.
1401 2394 1435 2424 de
1450 2392 1540 2424 locato
1561 2393 1598 2428 ὅ)
1620 2392 1775 2430 εοηιίιιὲἶος
1800 2394 1830 2425 ἀ
1848 2394 1993 2436 legitimus

1129 2443 1188 2475 pro
1208 2434 1327 2470 solemni
1349 2433 1429 2475 saepe
1447 2435 1622 2476 accipitur3
1647 2437 1729 2467 utin
1753 2435 1774 2466 l.
1793 2445 1821 2467 2.
1847 2435 1876 2478 §.
1892 2439 1922 2467 6.
1949 2435 1992 2466 D.

1129 2477 1163 2506 de
1178 2476 1288 2516 origine
1304 2476 1395 2518 juris.
1421 2475 1451 2507 &
1468 2476 1487 2507 l.
1505 2486 1534 2518 3.
1560 2476 1579 2518 §
1605 2487 1633 2508 2.
1658 2476 1701 2508 D.
1720 2477 1753 2507 de
1763 2474 1943 2517 stellionum.
1960 2485 1991 2507 a·

1129 2517 1195 2557 pud
1212 2517 1398 2549 Petronium
1415 2526 1545 2558 quoque
1563 2518 1692 2559 Satyric.
1709 2525 1763 2558 cap
1791 2528 1840 2550 21.
1861 2519 1907 2550 liis
1923 2527 1993 2549 vei·-

1130 2559 1197 2597 bis,
1222 2558 1419 2590 Intraverunt
1446 2557 1616 2598 paioestricae
1637 2569 1726 2600 quam
1748 2559 1861 2599 plures:
1883 2559 1919 2594 ἐξ
1942 2567 1993 2591 nos

1127 2599 1252 2641 legitimo
1273 2601 1403 2641 perfusos
1429 2600 1483 2632 oleo
1505 2600 1673 2639 refecerunt.
1720 2599 1925 2633 Verissmilius
1947 2608 1992 2631 ta-

1127 2650 1202 2673 men
1218 2640 1294 2673 mihi
1311 2642 1461 2680 videtur,
1482 2641 1584 2682 Impp.
1605 2640 1849 2673 Diocletianum
1868 2643 1897 2674 &
1922 2641 1998 2677 Ma-⁴

1128 2683 1300 2715 ximianum
1325 2684 1353 2715 d.
1371 2683 1390 2714 l.
1413 2691 1462 2722 17.
1485 2681 1651 2723 scripsisse,
1677 2681 1741 2724 posi
1762 2693 1869 2716 moram
1892 2687 1992 2719 usuras

1129 2726 1306 2764 admittere3
1329 2723 1382 2755 sed
1400 2722 1636 2756 Tribonianum
1655 2724 1773 2756 ex'usu
1797 2725 1815 2759 l.
1834 2730 1884 2759 26.
1908 2725 1938 2766 §.
1964 2732 1993 2756 1.·

1131 2766 1165 2801 C.
1182 2767 1215 2800 de
1230 2766 1326 2809 usuris
1345 2764 1482 2807 posuisse
1499 2767 1602 2808 usuras
1625 2766 1783 2809 legitimas.
