2036 3495
148 127 213 161 1332
564 110 596 146 G
628 120 648 142 E
681 120 703 144 R
734 120 754 144 Λ
787 118 810 144 R
840 116 865 144 n
898 117 913 144 1

152 203 209 234 illis
228 202 346 244 posuit,
370 211 406 234 ex
429 199 567 232 &lendis
582 197 687 237 Juliis.
712 196 819 237 quod,
842 202 877 227 ut
903 204 1026 237 propo-

153 245 211 276 sito
235 245 357 284 aptius,
389 242 497 274 maluit
522 240 681 270 Antonius
706 237 897 279 Augustinus
918 237 967 268 lib.
993 247 1024 277 4.

156 286 276 317 Emend.
294 295 318 316 c.
344 293 388 322 14.
407 282 513 313 multis
529 279 766 317 demonstrans,
784 279 873 318 quod
888 278 950 318 jain
967 288 1025 311 no-

154 336 221 357 tum
237 325 405 360 omnibus,
429 331 495 352 tum
523 320 628 352 adhuc
653 328 766 352 notum
783 329 848 351 non
863 327 948 358 erat,
971 320 1027 352 mi-

153 367 316 407 grationes
346 363 502 395 Veterum
535 361 605 394 fieri
634 361 738 394 solitas
762 359 855 393 fuisse
876 358 1027 394 Kalendis

178 406 257 438 uliis.
455 437 457 439 ,
689 437 691 439 ,
966 437 969 441 Δ

157 411 171 447 Ἰ
196 447 271 479 Huc
295 451 394 485 usque·
420 443 570 476 effectum
596 443 661 483 est,
684 444 862 476 locatorem
885 443 1026 475 conduc-

158 490 222 519 tori
240 487 361 517 afflone
377 495 417 517 ex
444 486 610 519 conduCto
635 488 736 518 teneri
753 505 763 525 ‚-
794 484 940 526 praestare
965 485 1029 516 frui

154 529 263 561 licere.
288 527 397 570 Quid,
419 526 441 559 fi
460 536 524 559 non
549 527 701 569 praestet?
725 527 895 568 dupliciter
911 535 1028 557 conve-

155 571 216 603 niri
242 568 366 608 potesti
391 569 464 600 alias
489 569 529 601 ad
552 570 586 600 id
611 568 700 608 quod
724 567 875 600 interest:
899 567 973 599 alias
989 568 1029 599 ad

154 610 370 642 remiffionem
387 610 561 643 mercedis:
586 615 657 641 nam
684 609 714 640 &
730 608 901 649 dupliciter
915 606 971 646 fit,
995 616 1031 639 ut

156 661 224 687 non
243 651 369 692 praestet
383 651 462 684 frui:
487 652 622 692 primum
641 651 718 682 dolo
736 659 790 681 aut
808 650 922 690 culpa3
945 650 1032 681 dein·

156 694 199 724 de
211 693 281 725 casu
298 693 455 731 fortuito,
471 694 522 724 cui
540 692 632 724 resisti
651 692 770 732 nequit.
790 690 842 723 De
861 693 968 731 priore
981 690 1034 722 Se-

157 743 240 766 neca
256 735 303 766 lib.
323 737 353 766 6.
374 735 425 765 De
439 733 552 773 benefic.
571 744 596 764 c.
614 743 644 772 4.
662 733 800 764 Colonum
810 732 898 770 suum
923 741 981 763 non
996 739 1034 762 te-

160 781 227 815 net,
250 777 384 816 quamvis
400 776 510 807 tabellis
532 775 734 813 manentibus,
756 775 808 815 qui
824 775 949 816 segetem
971 773 1032 815 ejus

155 818 363 858 proculcavit,
384 819 436 858 qui
451 817 576 854 succidit
600 813 733 856 arbusta:
755 823 813 846 non
836 816 907 857 quia
931 815 1033 854 recepit

160 860 237 900 quod
247 859 414 899 pepigerat,-
428 858 484 897 sed
498 859 587 898 quia,
617 866 653 888 ne
676 857 830 898 reciperet,
854 855 955 898 effecit.
981 856 1033 887 Sic

162 900 306 932 Seneca:
329 908 391 930 non
418 899 519 937 male,
551 898 604 938 sed
629 897 732 930 minus
756 898 862 939 plene.
893 898 1034 929 curatius

161 940 400 981 nostri2quibus
417 940 748 981 placet,locatorem‚
766 938 788 970 fi
804 939 1035 971 conductorem

161 983 224 1014 frui
252 982 408 1023 impedit3
432 988 486 1012 aut
509 981 572 1023 ipse
596 981 674 1013 dolo
699 981 751 1012 vel
768 981 860 1020 culpa
875 979 974 1018 facit,
996 989 1037 1010 ne

162 1023 257 1065 poffit
273 1021 417 1064 praestare
434 1022 513 1062 frui3
528 1022 719 1054 conduCtori
735 1022 837 1053 teneri
852 1030 918 1053 non
936 1020 1037 1052 modo

163 1066 203 1097 ad
212 1065 478 1097 exonerationem
489 1071 543 1095 aut
552 1063 786 1095 restitutionem
797 1063 972 1094 mercedis:
985 1061 1036 1092 sed

163 1114 320 1148 praererea
337 1107 376 1137 ad
398 1115 495 1137 omne
522 1105 610 1145 quod
634 1105 699 1145 eJ'us
716 1103 865 1144 interest;
887 1104 1035 1143 adeoque

165 1150 207 1180 ad
229 1147 462 1188 reparationem
488 1147 593 1178 damni
618 1145 706 1186 quod
728 1146 847 1186 patitur
864 1167 874 1184 ‚
896 1145 926 1176 ὅ(
954 1143 1035 1176 lucri

164 1199 232 1228 quo
255 1197 361 1220 caret:
384 1197 419 1220 ut
441 1189 473 1221 in
496 1187 643 1220 omnibus
664 1186 805 1219 faciendi
832 1185 1034 1226 obligationi·

164 1232 235 1262 bus.
259 1232 344 1271 quod
361 1229 381 1262 si
397 1230 485 1263 nullo
510 1229 665 1262 locatoris
681 1229 829 1260 dolo'aut
846 1228 959 1266 culpa,
984 1225 1035 1258 sed

166 1272 272 1313 aliqua
287 1279 421 1303 externa
447 1273 498 1308 vi,
520 1270 573 1302 scu
596 1270 705 1310 aliquo
721 1269 855 1301 fortuito
875 1267 945 1300 casu
963 1267 1037 1306 fiat,

164 1323 207 1345 ne
233 1312 357 1354 praestet
384 1311 447 1344 frui
474 1312 589 1344 licere:
614 1318 726 1343 contra
749 1317 898 1351 putarunt
920 1308 1037 1346 nostri,

167 1365 232 1386 non
256 1353 319 1386 ess'e
344 1363 468 1393 :equum
486 1376 497 1393 ‚
540 1354 719 1385 locatorem
753 1361 810 1392 per
841 1360 937 1392 quem
972 1359 1037 1382 non

167 1396 249 1435 stet,
281 1404 347 1436 quo
371 1396 475 1427 minus
493 1394 619 1434 praestet
635 1393 696 1425 frui
716 1393 833 1431 licere,
858 1391 979 1430 teneri,
1000 1391 1038 1422 ad

169 1447 267 1469 omne
285 1438 374 1475 quod
391 1436 596 1468 conductoris
620 1433 769 1473 interest;
793 1435 823 1466 δι
845 1441 951 1465 tamen
967 1433 1040 1472 quia

167 1488 233 1511 non
253 1478 376 1519 praestat
393 1477 479 1517 quod
509 1477 685 1513 convenit,
716 1475 903 1506 conductori
922 1475 1040 1514 obliga-

167 1529 238 1552 tum
261 1519 395 1558 intelligi
410 1516 580 1555 hafienus3
603 1523 639 1547 ut
656 1517 684 1547 ei
704 1517 887 1548 mercedem
903 1525 963 1557 pro
977 1523 1041 1547 rata

167 1564 388 1592 autremitttat
398 1565 451 1590 aut
459 1558 682 1590 restituat:non
694 1555 967 1598 ultra.Utramque
977 1565 1043 1597 par·

167 1610 236 1635 tem
252 1601 342 1642 hujus
358 1599 567 1631 distinctionis
591 1599 746 1639 exemplis
771 1599 912 1639 plui-ibus
929 1606 1043 1630 execu-

170 1650 222 1675 tus
248 1643 294 1674 est
323 1641 491 1673 Africanus
507 1641 526 1671 l.
544 1650 593 1681 32·
614 1639 651 1674 ὅ)
666 1650 717 1681 35.
743 1639 772 1671 Ι).
788 1644 810 1671 t.
827 1640 966 1681 priorem
983 1647 1042 1670 tra·

170 1685 268 1717 {tavit
284 1683 418 1716 Alfenus
434 1683 453 1714 l.
464 1692 514 1724 30.
530 1681 685 1714 &Paulus
702 1681 780 1721 l.24.
799 1681 828 1723 §.
845 1691 875 1721 4.
893 1683 922 1712 d.
942 1686 963 1711 t.
981 1688 1043 1712 nec

165 1727 273 1763 minus
291 1726 376 1756 idem
404 1723 423 1755 l.
449 1733 478 1764 7.
509 1723 539 1755 δι
556 1722 793 1764 Tryphoninus
809 1723 828 1753 l.
844 1726 872 1757 8.
890 1731 966 1763 quas
986 1730 1040 1753 ex-

165 1767 274 1810 posuit
290 1764 437 1807 Cujacius
454 1765 502 1796 lib.
519 1774 568 1806 23.
587 1765 711 1802 Observ.
726 1773 752 1794 c.
769 1772 818 1804 30.
838 1763 868 1795 ὅ(
885 1763 953 1804 post
970 1772 1042 1794 eum

170 1808 321 1842 Altiserra
338 1808 377 1839 ad
393 1807 441 1838 lib.
461 1814 516 1838 tx.
542 1805 697 1847 Disputat.
727 1804 914 1845 Tryphonini.
940 1803 1043 1845 poste-

171 1851 293 1883 riorem
316 1856 439 1891 partem
463 1857 529 1879 uno
551 1847 704 1888 exemplo
721 1844 925 1878 confirmavit
944 1845 1042 1885 Gajus

170 1892 190 1923 l.
210 1901 258 1932 25.
273 1891 302 1933 §.
321 1894 352 1921 6.
370 1889 512 1930 pluribus
530 1887 682 1930 Ulpianus
696 1888 715 1918 l.
741 1896 786 1928 15.
810 1887 836 1930 §.
861 1897 890 1919 2.
907 1888 934 1918 b.
951 1892 972 1918 t.
991 1886 1044 1918 sed

170 1940 310 1973 uterque
325 1929 555 1963 obscurius:ita
570 1939 631 1962 nec
648 1938 847 1970 peccavero,
858 1929 876 1960 fi
893 1938 950 1960 eos
967 1935 1041 1968 pau-

172 1975 219 2006 cis
236 1983 296 2014 pro
320 1982 394 2005 meo
416 1971 550 2004 modulo
572 1971 733 2012 adjuvero.
757 1968 828 2011 Gaji
854 1970 950 2001 verba
964 1970 991 2000 d.
1009 1968 1040 2010 §.

172 2020 203 2048 6.
219 2015 289 2047 haec
306 2014 393 2046 sunt:
419 2013 476 2045 Vis
484 2013 575 2055 major
584 2022 672 2053 quam
685 2012 784 2044 Graeci
802 2012 858 2042 oza?
871 2012 930 2045 isim
946 2010 1040 2051 appel-

174 2057 265 2097 lant,
295 2065 354 2087 non
377 2056 455 2086 debet
476 2054 645 2087 condut‘tori
666 2052 802 2093 dainnoslz
829 2052 880 2093 effe
894 2075 904 2091 ,
928 2050 957 2090 fi
975 2052 1043 2093 plus

174 2109 263 2141 quam
283 2096 424 2129 tolerabile
447 2094 485 2137 est
502 2119 511 2134 ,
534 2094 591 2131 laesi
605 2095 724 2135 fuerint
739 2093 886 2134 fruetus.-
915 2094 1044 2135 alioquin

175 2142 317 2173 modicum
334 2140 471 2170 damnum
488 2147 565 2178 aequo
581 2138 675 2168 animo
683 2137 767 2175 ferre
777 2136 855 2166 debet
869 2135 984 2166 colonus
998 2134 1047 2165 cuz·

173 2182 355 2214 immodicum
376 2179 489 2210 lucrum
511 2188 569 2210 non
591 2178 736 2218 aufertur.
782 2175 880 2217 Gajiis
904 2176 1047 2218 loquitur

176 2225 217 2257 de
234 2225 264 2255 vi
279 2223 400 2262 maj0re
417 2229 512 2261 quam
531 2219 610 2251 dicit
627 2220 683 2248 Θιέ
696 2220 754 2253 βίαν
770 2217 932 2259 appellari.
959 2224 1047 2249 nem-

174 2275 216 2306 pe
231 2264 335 2297 solent
357 2261 496 2294 Veteres
519 2260 606 2292 casus
629 2259 773 2292 insolitos
798 2267 933 2300 quorum
955 2257 1045 2290 causa

178 2307 278 2344 latet,
302 2304 449 2336 Deorum
464 2303 516 2335 irae
534 2302 702 2342 imputare.
725 2310 774 2333 res
792 2308 902 2332 notata
919 2309 935 2331 a
950 2300 1046 2331 Sene-

177 2356 216 2379 ca
232 2348 280 2379 lib.
300 2356 325 2378 1.
344 2345 392 2377 De
417 2346 462 2376 ira
484 2354 509 2375 c.
528 2352 577 2384 27.
605 2342 642 2378 δ’)
657 2343 706 2374 lib.
722 2346 752 2373 6.
771 2342 887 2374 Natur.
905 2339 1003 2382 quoefl.
1019 2350 1043 2372 c.

178 2397 208 2429 3.
229 2389 305 2420 item
322 2388 361 2419 ab
378 2385 579 2419 Arnobiolz'b.
593 2394 619 2416 1.
633 2383 757 2424 Advers.
772 2389 853 2425 gent.
869 2383 1047 2415 adscriben-

180 2429 266 2461 tibus
282 2437 386 2461 tamen
404 2428 476 2460 talia
491 2427 589 2467 magis
608 2425 706 2458 causis
725 2425 934 2457 naturalibus:
950 2432 985 2456 ut
1002 2423 1048 2456 fa-

182 2470 266 2502 ctum
284 2479 413 2511 quoque
429 2479 446 2501 a
460 2464 617 2509 Javoleno
633 2468 653 2500 l.
674 2477 725 2508 59.
743 2467 770 2498 b.
792 2473 812 2511 t.
836 2466 867 2498 όῐ
893 2465 959 2498 aliis
977 2464 1049 2507 post

178 2512 250 2545 haec
265 2512 375 2551 scripta
390 2519 492 2549 nuper
507 2510 648 2542 adductis
659 2510 821 2547 diligentia
838 2507 1003 2540 Clarissimi
1021 2507 1051 2551 ἐς

178 2552 380 2586 Eruditiss'imi
398 2552 487 2590 Viri,
505 2550 680 2582 Everhardi
699 2549 852 2588 Ottonis,
869 2548 973 2581 Amici
989 2557 1051 2581 mel

179 2593 378 2632 Chariffimi‚
400 2594 431 2626 in
457 2593 605 2634 elegante
631 2591 858 2623 Differtatione
882 2591 928 2622 De
949 2587 1049 2631 praest.

181 2634 268 2674 eafib.
282 2634 356 2672 solit.
374 2633 410 2667 ὃ*
424 2635 553 2673 insolitis.
570 2634 598 2676 §.
610 2644 638 2666 2.
661 2631 698 2668 ἔθ’
707 2634 789 2674 seqq.
805 2631 972 2674 Quidquid
988 2630 1050 2662 est:

183 2678 276 2719 (nam
292 2676 325 2707 id
342 2674 474 2706 definire
493 2684 557 2707 non
576 2674 621 2707 est
639 2675 730 2715 hujus
754 2673 837 2714 loci)
855 2673 873 2704 si
889 2674 936 2705 vis
952 2672 1052 2712 major

184 2716 417 2750 conductorem
432 2715 612 2757 impedierit
621 2715 705 2755 frui;
729 2721 820 2757 putat
835 2713 935 2756 Gajus
945 2737 955 2751 ,
969 2714 1056 2745 loca·

185 2759 266 2791 toris
282 2758 431 2789 damnum
448 2755 520 2787 effe.
543 2758 606 2789 huc
624 2765 731 2790 autern
747 2757 830 2788 redit
848 2756 916 2788 haec
932 2755 1056 2786 senten-

187 2802 251 2840 tia;
274 2806 309 2831 ut
325 2796 422 2836 velit,
445 2799 726 2842 cumconduetori
743 2798 927 2831 mercedem
948 2795 1054 2829 remit-

187 2849 278 2880 ter03
300 2839 353 2871 sed
376 2847 448 2885 ¹¹0ss-
462 2837 501 2869 ad
522 2838 555 2868 ld
572 2842 658 2878 quod
680 2839 811 2872 interest
827 2838 948 2872 teneri:
972 2836 1055 2878 quafi

186 2893 254 2917 non
271 2882 349 2914 sinat
369 2886 516 2919 aequitaS,
534 2881 715 2913 mercedem
731 2881 809 2914 solvi
825 2879 1052 2913 aconduc'tore

187 2926 239 2957 cui
255 2925 381 2956 locator
393 2920 522 2952 vicisfim
539 2928 605 2951 non
623 2922 743 2959 praessat
757 2922 841 2962 frui,
864 2923 918 2954 etfi
936 2922 967 2952 vi
987 2929 1051 2953 ma-

187 2969 258 3008 j0re
282 2964 466 3005 impeditus.
498 2960 624 3007 Eodem
653 2964 751 2994 modo
783 2965 910 3005 accipio
944 2961 1052 3002 Ulpia-

189 3016 266 3039 num
277 3008 302 3037 d.
315 3006 334 3037 l.
350 3015 394 3045 ις.
418 3003 448 3046 §.
470 3012 499 3034 2.
517 3003 570 3033 ubi
587 3000 737 3048 quaefitol,
758 3004 780 3036 fi
796 3006 842 3037 vis
858 3004 1055 3045 tempestatis

190 3047 397 3083 calamitosae,
431 3046 462 3076 id
491 3043 553 3083 est,
584 3043 769 3085 grandinis,
800 3047 992 3087 contigerit;
1015 3053 1054 3077 au

187 3091 314 3122 locator
341 3086 530 3119 conductori
552 3085 669 3125 aliquid
691 3084 835 3124 praestare
859 3088 991 3119 debeat:
1014 3086 1057 3118 fic

190 3130 315 3169 subjicit
324 3128 485 3170 Ulpianus.
504 3126 627 3159 Servius
634 3134 742 3157 omnem
753 3126 814 3156 vim
829 3129 876 3157 cui
891 3127 979 3167 refisti
994 3137 1052 3159 non

185 3168 294 3214 potest,
328 3171 475 3202 dominum
496 3168 590 3199 colono
611 3166 745 3209 prestare
766 3167 861 3213 debere
886 3168 938 3198 ait.
974 3169 1052 3210 Quo

190 3212 305 3252 clarior
327 3210 384 3247 fiat
405 3211 472 3247 loci
493 3208 617 3250 sensus,
645 3218 713 3244 non
737 3208 893 3244 inutiliter
920 3208 1054 3243 addam:

977 108 1245 145 Neon-r
1304 108 1516 145 Cottio⁶

1068 197 1339 243 quod-responsio
1363 197 1457 231 latius
1481 199 1589 239 patet,
1612 201 1705 241 duam
1732 199 1872 242 quaestio.
1895 198 1940 233 est

1069 247 1153 269 enim
1170 238 1292 271 infinita
1307 240 1409 274 Servii
1425 242 1550 273 locutio
1566 241 1606 272 de
1623 242 1709 273 omni
1731 243 1759 272 vi
1778 242 1829 273 cui
1846 241 1942 273 resisti

1069 286 1134 311 non
1159 281 1280 320 potest:¹
1302 290 1375 314 eum
1400 291 1523 314 tantum
1548 282 1587 313 de
1612 282 1643 314 vi
1667 284 1805 324 majore.
1827 283 1858 313 id
1877 282 1942 323 est,

1070 322 1110 352 de
1128 329 1187 352 una
1209 328 1299 363 parte
1322 324 1460 356 coelestis
1484 324 1603 365 injuriae‘
1625 328 1746 365 quaerat
1772 323 1940 363 Ulpianus.

1069 362 1154 393 clare
1173 362 1287 394 Plinius
1311 364 1359 396 lib.
1387 369 1432 400 18.
1451 360 1529 397 Nat.
1553 362 1617 405 bist.
1639 374 1664 396 c.
1687 371 1734 400 28.
1754 365 1835 396 Ante
1849 367 1943 396 omnia

1070 404 1126 434 duo
1148 413 1254 443 genera
1279 403 1331 445 effe
1353 405 1469 446 coeleslis
1492 407 1608 448 injuriae
1632 404 1785 447 meminiffe
1802 408 1943 438 debemus.

1071 453 1165 475 unum
1193 447 1267 485 quod
1281 445 1456 488 tempestates
1478 450 1615 479 vocamus
1625 464 1635 487 ,-
1659 450 1690 478 in
1705 450 1809 489 quibus
1821 449 1945 488 grandi·

1071 495 1120 517 nes
1133 508 1143 524 ,
1161 486 1308 532 procellae,
1340 487 1614 530 caeteraq'z'tefimilicz
1638 490 1865 530 intelliguntur:
1881 497 1944 530 quae

1073 536 1138 558 cum
1155 527 1310 557 acciderint
1320 550 1330 566 ,
1353 530 1400 559 vis
1416 531 1508 570 major
1531 530 1702 571 appellatur.
1719 533 1778 561 baec
1796 531 1831 560 ab
1852 530 1943 561 borri-

1072 570 1115 599 ciis
1125 565 1268 614 fideribits
1283 570 1409 615 exeunt,
1431 572 1544 612 utsaepe
1559 573 1705 611 diximus,
1726 570 1863 611 aram-0,
1885 573 1942 602 ori-

1074 618 1143 648 one,
1167 610 1262 639 haedts.
1285 608 1344 640 alta
1360 610 1435 650 sunt
1457 612 1508 642 illa
1533 612 1706 653 quaefilente
1723 615 1806 649 caelo,
1822 614 1946 652 serenis-

1075 660 1128 692 que
1150 649 1279 681 metibus
1298 649 1399 690 fiunt,
1423 651 1502 682 nullo
1518 656 1681 692 sentiente.
1702 653 1759 692 nisi
1781 664 1847 684 cum
1860 653 1945 693 fasta

1070 697 1156 731 sunt.
1175 691 1293 731 publica
1308 692 1365 722 haec
1380 691 1416 726 ὅ*
1430 701 1540 733 magne
1562 693 1730 733 differentiae
1749 705 1767 726 a
1780 697 1944 735 prioribus,

1079 733 1146 763 aliis
1167 733 1348 772 rubiginem,
1370 734 1436 764 aliis
1462 734 1627 772 uredinem,
1648 736 1714 765 aliis
1735 736 1945 768 carbunculum

1076 773 1307 819 appellantibus,
1337 775 1466 806 omnibus
1490 772 1675 812 sterilitatem.
1698 776 1778 815 Sed,-
1803 784 1839 808 ut
1860 777 1944 814 dixi,

1077 814 1200 846 infinita
1218 814 1263 846 est
1280 814 1381 847 Servii
1400 816 1525 857 regula,
1542 817 1581 847 ad
1598 825 1709 847 omnes
1725 815 1878 849 fortuitos
1895 828 1947 849 ca-

1077 855 1124 888 sus
1142 856 1254 895 quibus
1266 855 1359 887 resisti
1377 866 1441 888 non
1461 856 1586 897 potest,
1603 856 1788 897 respiciens:
1809 858 1870 890 five
1889 858 1950 890 sirii:

1078 898 1118 928 ab
1133 898 1234 936 aliqua
1259 897 1380 929 coelesti
1403 898 1532 938 injuria,
1555 897 1619 929 five
1641 908 1658 928 a
1675 907 1874 939 quacumque
1888 900 1946 932 alia

1080 940 1111 969 vi
1137 947 1278 969 externa.
1303 939 1371 970 vult
1396 947 1502 971 autem
1534 949 1646 971 omnes
1672 940 1806 971 domino
1829 948 1948 972 nocere

1080 979 1249 1017 haftenus,
1274 986 1308 1010 ut
1325 980 1490 1011 mercedes
1508 982 1651 1020 amittat,
1670 989 1734 1012 non
1752 980 1842 1012 ultra.
1866 980 1954 1021 Con-¹

1079 1019 1250 1052 fideremus
1269 1020 1395 1060 Ulpiani
1421 1022 1599 1062 exempla„
1620 1023 1756 1062 primum
1788 1021 1833 1053 est
1848 1020 1952 1061 flumi-

1078 1071 1166 1092 num:
1190 1070 1295 1101 eoque
1312 1063 1476 1103 indigitat,
1495 1072 1564 1104 quae
1580 1063 1649 1094 sunt
1666 1071 1816 1103 aquarum
1834 1063 1956 1104 magni-¹

1079 1103 1205 1134 tudines
1219 1102 1249 1134 in
1267 1103 1285 1135 l.
1305 1113 1354 1144 23.
1372 1105 1413 1136 D.
1432 1106 1465 1135 de
1481 1110 1541 1144 reg.
1554 1105 1618 1147 jur.
1633 1105 1767 1136 alterurn
1786 1104 1831 1135 est
1843 1114 1953 1145 gracu-

1078 1144 1170 1175 lorum
1186 1144 1215 1175 &
1226 1143 1407 1184 sturnorum.
1432 1146 1463 1177 hi
1479 1146 1630 1178 suntaves
1646 1147 1781 1184 edaces,
1796 1146 1953 1186 gregatim

1080 1185 1247 1224 volantes,
1271 1185 1351 1226 saepe
1361 1193 1478 1227 magno
1493 1189 1634 1228 agmine:
1651 1188 1691 1219 de
1708 1186 1822 1227 quibus
1838 1196 1953 1227 praetet

1080 1226 1234 1258 Budaeum
1253 1227 1362 1259 Annot.
1377 1230 1541 1268 prioribad
1558 1229 1689 1269 Patulp.
1708 1237 1782 1269 313.
1805 1227 1953 1267 Cujacius

1080 1268 1128 1298 lib.
1147 1277 1194 1308 15.
1213 1268 1333 1306 Observ.
1352 1279 1376 1301 e.
1397 1273 1446 1304 28.
1464 1269 1652 1311 Menagius,
1677 1269 1818 1300 Amaem't.
1829 1269 1894 1311 jur.
1915 1270 1955 1299 ci-

1080 1308 1132 1340 vil.
1149 1318 1173 1340 c.
1192 1313 1241 1348 38.
1263 1309 1292 1342 &
1308 1319 1408 1349 nuper
1436 1310 1477 1341 D.
1495 1310 1696 1343 Everhardus
1714 1309 1818 1349 Otto,
1841 1310 1870 1342 in
1891 1311 1952 1342 lau-

1083 1351 1153 1381 data
1172 1351 1268 1381 modo
1288 1349 1493 1391 Dzffertatione
1518 1351 1547 1392 §.
1565 1356 1594 1382 6.
1609 1358 1630 1392 p
1670 1375 1677 1382 .
1703 1361 1774 1393 304.
1801 1351 1953 1392 Sequitur

1082 1391 1165 1432 apud
1181 1389 1372 1434 Ulpianum,
1397 1391 1476 1430 Etsi
1492 1393 1562 1433 quid
1571 1391 1640 1429 fimi
1652 1402 1665 1423 e
1679 1393 1835 1431 acciderit,
1861 1390 1953 1429 autfi

1082 1432 1216 1472 incursus
1238 1431 1359 1472 hostium
1374 1432 1444 1472 fiat.
1477 1432 1615 1465 lncursui
1639 1433 1775 1465 hostium
1801 1443 1952 1473 compara

1084 1474 1150 1506 vim
1169 1476 1355 1513 praedonum
1380 1483 1420 1505 ex
1443 1475 1471 1505 cl.
1495 1475 1514 1506 l.
1534 1484 1581 1514 23.
1601 1475 1678 1506 item
1698 1474 1895 1506 exustionem
1911 1485 1953 1504 cc·

1086 1516 1173 1560 diurn
1191 1523 1231 1544 ex
1248 1514 1267 1544 l.
1287 1524 1315 1549 9.
1334 1514 1363 1555 §‚
1386 1524 1411 1546 1.
1430 1515 1458 1545 h.
1476 1519 1498 1544 t.
1524 1515 1614 1556 igne,
1637 1523 1733 1554 puta,
1757 1516 1787 1547 in
1805 1526 1856 1547 eas
1872 1515 1951 1547 foris

1086 1556 1186 1586 illato.
1214 1563 1369 1595 praeterea
1399 1555 1648 1596 publicationem
1673 1556 1704 1586 vi
1729 1556 1804 1587 belli
1829 1556 1955 1587 contin-

1088 1603 1217 1638 gentem
1235 1597 1379 1637 potentia
1394 1597 1459 1636 ejus
1484 1596 1534 1628 cui
1556 1595 1694 1628 resistere
1712 1606 1778 1628 non
1796 1597 1888 1637 poffit
1906 1597 1954 1627 lo-

1088 1646 1197 1668 cator:
1220 1637 1295 1669 item
1312 1637 1513 1669 necess‘ariam
1538 1637 1746 1669 resectionem
1763 1638 1806 1668 ob
1822 1637 1957 1669 vetusta-

1087 1686 1153 1710 tem
1171 1687 1211 1710 ex
1226 1680 1254 1710 d.
1271 1678 1290 1710 l.
1317 1688 1367 1720 33.
1394 1678 1431 1714 ὃ
1452 1689 1502 1720 35.
1521 1678 1584 1711 Sed
1611 1679 1686 1720 quid
1712 1679 1809 1717 illud,
1834 1679 1868 1710 Si
1884 1678 1955 1720 quid

1079 1719 1174 1759 fimile
1186 1720 1330 1751 acciderit.
1354 1719 1500 1761 Cujacius
1518 1721 1663 1761 exempla
1679 1719 1758 1761 petit
1773 1721 1813 1751 ab
1830 1721 1956 1761 agmine

1086 1760 1296 1801 locustarum,
1314 1760 1468 1802 passerum
1479 1785 1488 1800 ,
1504 1771 1635 1803 gruum,
1651 1763 1804 1794 murium:
1820 1771 1957 1802 quorum

1086 1803 1182 1834 etiam
1205 1804 1350 1835 meminit
1372 1803 1530 1835 Arnobius
1552 1805 1581 1834 d.
1605 1803 1654 1835 lib.
1680 1808 1705 1835 i.
1727 1801 1855 1844 AdverJI
1876 1808 1958 1844 gent.¹

1087 1844 1196 1886 Pergit
1220 1844 1390 1884 Ulpianus:
1415 1844 1470 1876 Sed
1484 1844 1521 1880 ὅ)
1529 1843 1559 1883 st
1573 1845 1647 1876 labes
1654 1844 1742 1885 sabla
1753 1843 1813 1883 sit,
1836 1854 1958 1878 omnem-

1088 1895 1142 1927 que
1166 1884 1298 1924 frustum
1320 1886 1434 1918 tulerit:
1466 1887 1604 1918 damnum
1628 1886 1718 1917 colom*
1742 1895 1800 1917 non
1822 1884 1891 1924 effe.-
1921 1894 1956 1915 ne

1085 1930 1171 1967 supra
1180 1928 1318 1958 damnum
1322 1928 1441 1967 seminis
1449 1926 1541 1968 amiffi
1549 1928 1687 1959 mercedes
1700 1928 1767 1968 agri
1771 1925 1906 1968 proeflcire
1914 1936 1957 1958 co-

1080 1975 1180 2010 gatur.
1194 1968 1402 2010 Budaeuspag.
1411 1973 1475 2009 316.
1487 1978 1545 2010 pro
1554 1968 1809 2010 labeslegittabes.
1825 1967 1955 2000 frustra:

1084 2019 1157 2042 nam
1175 2010 1260 2041 labes
1276 2011 1384 2050 (quod
1400 2011 1547 2050 Cujacius
1561 2011 1785 2042 animadvertit
1798 2010 1825 2040 d.
1842 2020 1866 2041 c.
1884 2008 1956 2048 28.)

1087 2051 1141 2082 hic
1157 2060 1221 2082 non
1240 2051 1285 2082 est
1302 2051 1386 2083 labes
1402 2059 1508 2083 terrae:
1532 2051 1587 2082 etfi
1605 2050 1647 2083 slc'
1663 2058 1799 2082 vocetur
1816 2050 1959 2091 aliquan·

1087 2093 1146 2125 do:
1170 2101 1241 2124 nam
1259 2093 1298 2124 de
1314 2093 1386 2124 labe
1400 2101 1493 2124 terrae
1510 2092 1573 2134 agit
1585 2091 1738 2130 Ulpianus
1755 2091 1850 2132 paulo
1867 2090 1959 2131 post:

1089 2133 1142 2165 sed
1161 2134 1248 2165 labes
1263 2133 1308 2164 est
1326 2133 1412 2166 labes
1428 2132 1585 2166 fructuum
1597 2156 1606 2172 ‚
1622 2133 1698 2165 flatu
1717 2141 1887 2165 ventorum
1898 2155 1907 2170 ,
1923 2139 1961 2163 ut

1089 2174 1213 2207 incursu
1231 2174 1404 2215 pluviarum
1416 2198 1425 2214 ,
1443 2184 1495 2206 aut
1505 2176 1567 2207 alio
1579 2175 1646 2206 casu
1657 2198 1666 2213 ,
1682 2175 1884 2215 contingens.
1902 2172 1957 2204 Est

1089 2217 1167 2248 mihi
1203 2216 1266 2247 hoc
1286 2225 1326 2247 eo
1355 2217 1574 2256 probabilius:
1601 2216 1674 2256 quia
1698 2216 1805 2256 placet
1828 2223 1959 2256 quoque

1089 2257 1264 2289 Clariffimo
1276 2256 1356 2288 Viro
1366 2256 1552 2289 Everhardo
1569 2256 1705 2295 ottoni,
1722 2257 1752 2288 in
1770 2256 1879 2298 saepius
1897 2256 1960 2287 lau-

1071 2299 1157 2336 data
1178 2298 1406 2330 Dissertatione
1421 2298 1450 2341 §.
1465 2303 1496 2330 6.
1516 2306 1547 2340 p.
1570 2308 1640 2346 3o4.
1665 2299 1796 2337 addam,
1819 2298 1903 2338 quod
1919 2306 1958 2326 ae-

1090 2350 1153 2381 que
1168 2340 1281 2371 lubens
1305 2339 1399 2371 video
1421 2340 1485 2371 illic
1502 2348 1624 2379 notari,
1648 2341 1736 2381 quod
1753 2338 1957 2370 observatum

1090 2391 1164 2413 ante
1179 2391 1196 2413 a
1215 2380 1300 2412 Viris
1316 2380 1496 2414 Clariffimis
1507 2405 1516 2420 ,
1532 2380 1702 2413 Gronovio
1716 2381 1753 2412 ad
1772 2380 1910 2417 Livium,
1926 2379 1958 2409 dc

1092 2423 1340 2464 Drakenburgio
1355 2424 1392 2453 ad
1411 2423 1517 2454 Silium
1536 2422 1691 2461 Italicum,
1716 2429 1811 2451 voces
1828 2419 1900 2456 lias,
1916 2419 1959 2450 la-

1094 2466 1140 2496 bes
1159 2465 1189 2496 &
1207 2465 1301 2503 tabes,
1324 2473 1341 2495 a
1358 2462 1507 2496 Librariis
1526 2463 1684 2503 saepiffime
1700 2461 1866 2492 confundi.
1888 2461 1959 2492 Pei·-

1094 2507 1140 2548 git
1156 2506 1307 2546 Ulpianus
1331 2506 1359 2536 d.
1385 2505 1415 2546 §.
1439 2515 1467 2536 2.
1487 2505 1542 2536 Sed
1557 2503 1630 2541 &fi
1643 2503 1728 2535 uredo
1736 2501 1876 2542 fruelum
1894 2502 1960 2532 olere

1094 2548 1252 2588 corruperit
1265 2570 1272 2583 ,
1288 2552 1340 2578 aut
1351 2546 1417 2585 fiilis
1425 2547 1547 2586 fervore
1561 2554 1619 2576 non
1633 2543 1738 2584 affueto
1755 2545 1786 2574 id
1800 2544 1957 2581 acciderit,

1094 2591 1234 2621 clanmum
1249 2589 1358 2619 domim·
1369 2587 1517 2625 futurum.
1541 2586 1590 2617 Ab
1616 2593 1750 2626 utraque
1767 2583 1856 2616 causa
1871 2583 1961 2615 aestus

1096 2631 1126 2662 ἃ
1141 2628 1267 2671 frigoris
1285 2629 1447 2661 immodici
1462 2634 1558 2667 atque
1575 2626 1690 2658 insoliti
1708 2625 1867 2657 fructuum
1885 2627 1962 2656 vitia

1098 2670 1274 2712 proficisci,
1297 2669 1406 2700 auctor
1423 2668 1540 2700 Plinius
1556 2668 1604 2699 lib.
1625 2675 1672 2709 17.
1691 2665 1772 2707 Hz‘st.
1789 2673 1850 2698 nat.
1869 2677 1893 2698 c.
1912 2675 1961 2705 24.

1099 2712 1130 2744 ὅ(
1143 2710 1330 2743 Prudentius
1342 2711 1388 2741 lib.
1402 2720 1431 2742 2.
1452 2710 1576 2750 Aci-vers.
1596 2711 1798 2750 Symmachum
1809 2710 1961 2748 ὅυεν1.ς)72.

1099 2753 1224 2795 &seqq
1243 2750 1417 2783 Uredinem
1435 2758 1540 2782 autem
1556 2751 1640 2782 idem
1660 2749 1779 2782 Plinius
1797 2750 1845 2779 lib.
1868 2753 1913 2782 18.
1934 2758 1961 2780 c.

1101 2800 1150 2831 28.
1167 2796 1231 2833 ait,
1253 2792 1375 2829 frigore
1398 2799 1518 2824 tantum
1546 2791 1705 2829 constare,
1729 2790 1793 2822 sole
1817 2790 1964 2821 innoxio.

1098 2835 1280 2869 Postremus
1296 2825 1422 2873 Ulpiani
1438 2833 1543 2866 versus
1553 2833 1608 2865 est.
1633 2833 1688 2864 Sed
1703 2831 1772 2874 [ἐπ”]
1783 2830 1811 2870 fi
1825 2841 1893 2872 ager
1908 2837 1963 2861 ter-

1097 2888 1137 2910 roe
1159 2883 1240 2909 motu
1261 2877 1303 2907 ita
1319 2876 1471 2913 corruerit,
1495 2881 1529 2905 ut
1551 2880 1694 2916 nusquam
1711 2873 1771 2911 fic,
1794 2874 1896 2904 damno
1916 2873 1965 2903 do-

1094 2920 1167 2952 mini
1182 2918 1243 2958 effe.
1265 2916 1307 2948 Et
1324 2917 1404 2948 hanc
1422 2916 1543 2956 subjicit
1559 2915 1699 2953 causam,
1715 2924 1786 2955 quae
1803 2913 1893 2945 estin
1912 2922 1964 2944 an-

1096 2960 1247 2993 teceffum
1265 2968 1280 2988 a
1299 2968 1349 2990 me
1362 2958 1511 2989 adducta:
1532 2957 1669 2998 oportere
1685 2957 1760 2987 enim
1776 2965 1880 2997 agrum
1894 2961 1964 2993 prae·

1089 3002 1169 3045 stari
1183 2998 1368 3038 conductori,
1389 3005 1422 3030 ut
1439 3000 1511 3039 frui
1528 2998 1620 3040 poffit.
1644 2997 1724 3029 Vult
1748 2998 1839 3038 igitur
1859 2994 1967 3033 Ulpia-

1098 3053 1175 3082 nus,
1198 3042 1344 3074 Servium
1370 3040 1536 3080 sequutus,
1567 3040 1834 3080 qualemcumque
1859 3035 1963 3066 casum

1099 3087 1151 3117 cui
1165 3093 1229 3116 non
1247 3083 1354 3124 potuit
1373 3091 1389 3113 a
1407 3083 1528 3114 colono
1554 3079 1668 3117 resisti,
1689 3078 1822 3123 locatori
1837 3075 1965 3121 adferre

1095 3128 1246 3160 damnum
1265 3124 1431 3156 mercedis.
1457 3123 1562 3165 Quid,
1581 3122 1600 3154 fi
1617 3121 1694 3153 nihil
1710 3119 1864 3164 acciderit
1876 3125 1966 3148 extra

1096 3165 1384 3200 consuetudinem?
1403 3165 1465 3205 jam
1491 3172 1603 3195 contra
1628 3169 1735 3201 putat,
1757 3158 1866 3190 coloni
1881 3159 1967 3204 dam3

1101 3219 1178 3248 num
1194 3208 1256 3245 effe
1279 3209 1307 3244 αι
1328 3207 1351 3241 l.
1377 3215 1426 3248 15·
1449 3205 1480 3248 §.
1503 3215 1534 3239 2.
1548 3205 1580 3240 id
1596 3204 1660 3245 est,
1683 3210 1748 3236 non
1766 3208 1919 3242 oportere
1937 3209 1967 3273 ξι

1885 3249 1936 3276 me
1954 3253 1967 3264 ⁰
