2036 3495
1802 108 1875 152 295

253 187 950 283 GERARDI
1080 194 1689 293 NOODT,

590 316 895 386 jurisconsulti
932 317 981 368 &
1019 320 1354 383 Antecefforis,

143 451 732 607 FORMA
834 428 1738 615 EUENDANDI

36 656 848 794 DOLI

1020 659 1863 800 MALL

249 844 336 895 IN
419 845 1160 897 CONTRAHENffls
1243 850 1691 902 NEGOTIIS

376 928 784 990 ADMISSI,
843 926 1079 978 APUD
1153 933 1571 985 VETERES

837 1013 1110 1068 LIBER.

827 1140 1039 1199 ‘Canu-‘r
1089 1156 1115 1197 ⁴1³

193 1256 306 1297 Dorus
328 1262 399 1308 quid
412 1279 423 1305 ·,
455 1259 499 1301 ἐξ)
523 1260 600 1297 τιηιῖσ
625 1259 749 1299 Donato
773 1260 792 1294 ἰ)
845 1260 928 1295 Ertnz
953 1261 1069 1301 dolum
1102 1257 1263 1295 Veteribus
1295 1258 1351 1306 ff
1377 1261 1506 1297 bonum
1532 1250 1584 1297 ve?
1607 1264 1746 1303 malum0

606 1310 607 1313 ’
657 1309 710 1345 De
737 1308 817 1344 dolo
845 1304 938 1355 bono
968 1310 1101 1356 Ulpiani
1115 1308 1288 1356 sententiar.

119 1423 333 1466 ΞὲξξΞὶ-ει
360 1424 442 1464 erit,
474 1423 505 1455 in
529 1423 638 1456 limine
655 1422 774 1465 Operis
791 1417 885 1464 quod·
905 1420 950 1455 est

169 1488 171 1491 -
254 1466 292 1505 λθ
313 1466 354 1497 de
379 1465 485 1498 forma
509 1465 680 1507 castigandi
703 1465 768 1496 doli
793 1465 866 1497 mali
884 1488 893 1503 ,
918 1465 948 1497 iu

163 1493 204 1542 Ε
251 1509 291 1549 {3⁵⁴
313 1507 538 1538 contrahendo
560 1506 704 1546 admissi,
736 1507 843 1548 paucis
871 1506 949 1553 prze-

248 1552 287 1592 κς
310 1549 457 1588 mittere,
481 1547 557 1588 quid
570 1547 707 1581 Veteres
722 1547 788 1580 doli
806 1548 879 1579 malr
895 1557 948 1589 ap-

73 1590 285 1636 ³532?ssss
308 1591 481 1632 pellatione
498 1587 684 1630 significent.
706 1589 884 1624 esseautem
895 1590 950 1621 do·

305 1633 370 1664 lum
393 1641 410 1662 a
434 1631 582 1662 laedendo
605 1631 726 1662 dietum
742 1654 752 1670 ‚
785 1631 815 1662 id
840 1630 885 1662 est
901 1654 911 1669 ‚
935 1639 952 1662 a

79 1675 247 1713 doland05
275 1674 308 1706 id
335 1672 405 1711 est,
436 1672 641 1711 minuendo,
666 1671 814 1704 Donatus
840 1672 952 1704 auctor

78 1716 145 1756 est,
169 1717 209 1748 ad
224 1714 373 1748 Terentii
392 1713 603 1751 Eunuchum,
625 1712 682 1745 αᾶ.
699 1724 729 1754 3.
753 1714 791 1748 sc.
807 1723 837 1756 3.
860 1713 903 1753 vfi
921 1723 951 1750 9.

75 1756 249 1800 praefatus,
272 1756 360 1798 quod
385 1755 416 1787 ἃ
436 1754 523 1788 θέλε»
551 1752 669 1786 Graece
701 1754 784 1787 laefio
807 1755 948 1792 dicitur:

77 1801 108 1831 &
125 1799 281 1836 dolones,
304 1797 366 1830 tela
379 1797 523 1838 quaedam
539 1795 655 1832 bellica
672 1806 681 1828 z
710 1796 740 1828 dt
766 1796 876 1834 dolare
900 1795 949 1828 fa-

79 1840 147 1878 bri,
170 1840 290 1881 lignum
308 1838 354 1870 est
371 1839 454 1870 ascia
472 1837 606 1870 caedere.
907 1854 909 1856 -

117 1881 181 1914 Sed
199 1890 264 1915 non
280 1879 411 1918 sufficit,
434 1879 531 1917 scire,
554 1878 631 1919 quid
647 1876 684 1911 sit
695 1877 809 1912 dolus:
832 1877 889 1911 nifi
904 1879 951 1912 in·

78 1923 255 1965 telligatnus
273 1945 284 1961 ‚
315 1922 384 1963 quis
408 1920 445 1953 fit
470 1920 592 1952 malus:
621 1922 695 1961 quia
721 1920 815 1952 dolus
839 1920 885 1952 est
910 1929 952 1953 ex

76 1965 192 1997 mediis
211 1963 340 2002 verbis4
364 1970 398 1994 ut
418 1967 597 2001 venenum,
620 1961 808 2003 tempesias,
831 1963 951 1994 valetu-

77 2007 141 2044 do,
165 2005 223 2036 alia
239 2027 248 2043 ‚
279 2013 349 2046 quae
374 2005 490 2044 capere
511 2002 628 2041 poffint
655 2003 730 2036 duas
753 2004 836 2035 inter
855 2003 886 2035 se
901 2012 951 2034 res

77 2048 263 2084 contraria&
316 2045 362 2077 Illi
388 2046 432 2076 rei
459 2043 674 2075 testimonium
700 2044 780 2076 dicit
808 2045 845 2076 A.
871 2043 951 2076 Gel-

79 2089 159 2128 lius,
182 2087 272 2120 Nost.
289 2088 384 2118 Anic.
400 2086 447 2117 lib.
468 2095 512 2118 12.
535 2095 558 2116 c.
576 2095 605 2122 9·
650 2084 804 2127 Ulpianus
844 2095 952 2124 uoque

77 2130 97 2161 l.
119 2140 144 2162 1.
170 2129 199 2171 ᾗ.
220 2139 247 2169 3.
274 2128 314 2160 D.
338 2129 371 2159 de
395 2128 455 2158 dolo
482 2127 555 2158 malo
578 2123 727 2158 observat
742 2150 753 2167 ,
778 2128 809 2159 in
864 2127 950 2159 <ntro

78 2172 119 2203 de
137 2172 214 2202 dolo
235 2171 317 2201 malo
334 2177 399 2201 non
415 2170 608 2200 contentum
632 2167 724 2200 fuiffe
748 2168 923 2200 Praetorem
938 2191 948 2207 ,

80 2213 176 2243 dolum
192 2212 319 2249 dicere,
342 2210 394 2242 sed
411 2208 558 2251 adjeciffe
580 2209 708 2241 malum.-
731 2210 762 2242 dt.
786 2209 949 2249 causatur,

79 2252 217 2284 Veteres
232 2253 327 2283 dolum
342 2252 440 2284 etiam
457 2254 561 2283 bonum
576 2250 706 2290 dixisse,
735 2252 765 2284 &
787 2261 847 2293 pro
861 2252 946 2289 soler-

79 2295 122 2326 tia
140 2295 202 2327 boc
219 2302 336 2325 nomen
354 2293 519 2333 accepisse.
567 2292 614 2324 Ac
632 2302 673 2325 ne
688 2294 758 2334 quis
775 2294 950 2334 requireret

78 2336 145 2376 ejus
167 2335 351 2375 exemplum
375 2334 469 2366 doli:
499 2333 561 2366 ess'e
583 2333 689 2375 inquit
705 2357 716 2372 ‚
746 2333 768 2366 fi
801 2333 949 2367 adversus

79 2376 204 2409 hostem
222 2376 422 2408 latronemve
438 2375 649 2409 machinetur.
696 2374 796 2409 Recte
816 2387 824 2408 :
853 2374 875 2407 ss
900 2375 948 2407 his

81 2419 144 2450 vim
163 2418 326 2456 intendat,
351 2425 511 2459 tamquam
530 2413 675 2449 hostibus
692 2424 746 2449 aut
762 2417 949 2451 latronibus.

81 2468 151 2501 quae
175 2460 261 2491 enim
286 2459 403 2491 veritas
430 2458 568 2490 debetur
590 2457 635 2490 eis
652 2481 662 2497 ,
684 2459 738 2498 qui
764 2468 949 2496 rumpentes

81 2500 223 2533 humanae
240 2499 346 2533 foedus
363 2499 599 2541 conjunctionis
612 2522 621 2538 ‚
645 2500 785 2532 humano
805 2501 873 2541 jure
891 2510 949 2540 pro

81 2543 174 2575 nullis
190 2541 373 2574 habentur?
395 2541 454 2577 hac
470 2542 595 2573 ratione
618 2543 771 2573 occidere
788 2552 844 2573 eos
864 2542 950 2573 licet.

81 2585 160 2625 quid
174 2585 205 2615 ni
223 2583 334 2615 fallere
355 2583 490 2615 licebit?
521 2582 596 2614 Non
620 2583 663 2614 ita
686 2583 747 2615 est:
773 2583 793 2614 fi
813 2592 885 2614 cum
902 2583 950 2614 his

84 2633 194 2666 agatur
215 2625 256 2656 de
279 2624 476 2656 restituendo
499 2623 625 2661 humani
648 2625 724 2665 juris
742 2625 951 2656 commercio.

83 2673 156 2705 quae
173 2666 258 2697 enirn
275 2666 356 2697 ratio
374 2665 508 2704 suadet,
530 2674 603 2697 cum
626 2668 692 2704 eis,
716 2673 876 2707 tamquam
893 2666 949 2696 ho-

82 2705 223 2737 minibus
237 2728 248 2743 ‚
269 2707 435 2738 conveniri
451 2707 491 2738 de
507 2707 696 2747 integranda
712 2707 866 2739 societate
884 2718 891 2738 :
916 2716 953 2738 ea

86 2746 168 2778 ratio
183 2747 271 2785 vult,
293 2748 337 2779 eis
355 2770 365 2786 ,
395 2754 556 2787 tamquam
580 2748 765 2781 hominibus
783 2772 792 2788 ,
815 2749 952 2789 praestari

85 2788 278 2821 veritatem:
306 2787 372 2819 fine
393 2797 455 2827 qua
485 2798 550 2820 non
580 2788 618 2821 fit
641 2789 769 2822 libertas
789 2790 954 2821 communi

83 2830 251 2862 hominum
274 2828 352 2868 jure.
406 2828 515 2861 Habes
546 2838 643 2863 unum
674 2834 858 2872 exemplum
889 2830 955 2863 doli

84 2871 164 2904 boni
180 2893 190 2908 ‚
215 2870 302 2910 quod
326 2869 371 2902 est
391 2867 520 2911 Ulpiani
541 2872 569 2905 cl.
617 2881 668 2912 .3.
692 2873 712 2904 1.
733 2880 760 2904 1.
785 2872 836 2904 sed
853 2881 893 2903 ne
909 2871 956 2902 so·

84 2913 151 2945 lum
168 2911 205 2943 fic
219 2934 229 2948 ‚
252 2911 362 2943 addam
378 2912 510 2943 alterum
527 2921 568 2942 ex
605 2935 612 2943 .
631 2922 660 2943 2.
682 2914 806 2954 ejusdem
821 2914 883 2945 loci.
918 2912 954 2946 ld

87 2952 271 2994 exemplum
288 2951 380 2983 estin
403 2953 451 2983 his
475 2952 528 2990 qui
552 2952 754 2992 deserviunt,
777 2955 954 2986 &tuentur

86 2995 140 3027 vel
162 2994 214 3026 sua
228 3017 238 3033 ,
270 2993 321 3024 vel
343 2993 463 3025 aliena:
486 2993 552 3028 hoc
573 2994 640 3032 est,
664 2996 717 3035 qui
745 2995 953 3033 distimulant3

88 3045 153 3069 non
170 3044 206 3067 ut
221 3035 385 3067 communi
410 3034 553 3066 officiant
578 3035 818 3075 conjunctioni3
841 3036 893 3067 sed
919 3046 954 3067 ut

88 3078 118 3108 ei
134 3077 215 3110 serio
234 3075 364 3118 prosint.
409 3074 462 3107 De
472 3074 609 3107 Medicis
627 3076 749 3108 Seneca
765 3079 812 3108 lib.
831 3081 861 3108 6.
909 3075 956 3108 De

90 3115 203 3157 benefic.
225 3126 251 3149 e.
272 3126 318 3158 15.
359 3116 446 3161 Quod
463 3116 645 3162 deser-vium,
668 3119 741 3159 quod
756 3128 774 3149 a
791 3120 874 3150 rebus
894 3119 955 3155 suis

92 3161 206 3191 avocati
222 3160 300 3191 nobis
316 3165 434 3190 vacant.
459 3157 573 3190 servire
595 3158 640 3190 est
665 3158 828 3199 prodesse:
852 3159 953 3191 deser-

91 3199 159 3231 vire
179 3201 271 3234 valde
294 3199 466 3242 prodesse:
504 3199 621 3232 vocula
643 3200 677 3231 de
704 3209 840 3242 augente
862 3201 951 3235 verbi

75 1423 117 1594 7(ξὲξὲλέ

994 1423 1256 1465 significationem
1271 1433 1280 1462 3
1311 1423 1443 1463 perinde
1461 1432 1495 1458 ut
1514 1426 1545 1458 in
1561 1426 1682 1468 depofito
1697 1435 1789 1460 notat
1812 1426 1868 1462 Ui-

993 1467 1102 1506 pianus
1120 1465 1138 1495 t.
1163 1473 1188 1496 1.
1213 1465 1256 1496 D.
1281 1464 1412 1506 Depofiti
1431 1467 1479 1497 vel
1493 1473 1604 1501 contra.
1635 1469 1722 1511 finge
1737 1494 1747 1509 ,
1771 1479 1868 1511 quem

993 1516 1050 1548 per
1070 1505 1216 1538 insaniam
1237 1514 1290 1536 aut
1305 1506 1453 1538 morbum
1470 1508 1516 1540 ire
1532 1508 1564 1540 se
1578 1511 1757 1550 perditum:
1781 1511 1868 1545 hunc

993 1549 1060 1579 veri
1081 1547 1324 1579 diffimulatione
1341 1548 1467 1587 deludi3
1484 1555 1525 1581 ne
1541 1553 1652 1590 pereat
1669 1553 1762 1591 ideo,
1778 1555 1868 1593 quod

994 1588 1046 1621 sua
1063 1598 1130 1621 non
1145 1588 1301 1629 intelligat
1320 1589 1425 1629 bona;
1441 1589 1486 1622 est
1504 1591 1617 1623 dolus:
1640 1592 1691 1625 sed
1701 1592 1870 1627 communi

994 1630 1190 1673 approbatur
1206 1628 1304 1661 sensu.
1329 1640 1393 1662 non
1411 1632 1497 1664 enim
1518 1632 1595 1664 finat
1619 1634 1722 1674 ratio,
1744 1644 1786 1670 ne
1810 1637 1868 1667 ho.

994 1681 1049 1704 mo
1073 1672 1186 1715 perdat
1208 1670 1374 1704 hominem
1390 1681 1497 1714 quem
1521 1674 1627 1714 potest
1651 1671 1800 1713 servare:
1832 1685 1869 1710 ut

994 1723 1060 1746 non
1078 1722 1170 1755 aeque
1187 1713 1285 1753 velit,
1308 1723 1350 1747 ne
1375 1713 1476 1746 homo
1503 1715 1626 1748 homini
1644 1717 1772 1758 praestet
1788 1719 1869 1750 veri·

995 1764 1094 1793 tatem
1108 1759 1170 1801 qua
1185 1763 1259 1786 eum
1277 1755 1458 1797 perditurus
1474 1756 1522 1790 fit.
1545 1756 1636 1798 sane,
1659 1766 1695 1790 ut
1711 1760 1765 1793 ille
1781 1760 1869 1801 apud

991 1796 1210 1836 Terentium,
1233 1796 1371 1835 Andria,
1394 1796 1451 1830 αὲἰ.
1473 1807 1501 1830 1.
1517 1798 1561 1838 fi.
1580 1809 1606 1831 1.
1629 1801 1704 1841 vers.
1723 1809 1791 1842 115.
1862 1825 1866 1831 .

1031 1855 1085 1861 —-
1106 1854 1234 1910 -i—h—
1255 1836 1290 1868 Si
1305 1837 1389 1870 illum
1405 1840 1556 1882 objurges,
1567 1842 1636 1874 τέκε
1651 1845 1706 1883 qut·
1720 1843 1873 1883 auxilium,

1128 1889 1169 1910 uz
1193 1888 1203 1910 e

1035 1919 1120 1963 Quid
1131 1920 1233 1960 facias·
1254 1919 1299 1952 illi
1312 1920 1365 1962 qui
1380 1921 1489 1953 dederit
1504 1923 1643 1956 damnum
1656 1924 1711 1956 aut
1726 1926 1836 1965 malum
1849 1924 1868 1959 ,9

995 1961 1094 2003 Igitur
1109 1962 1177 2002 J’ure
1193 1961 1337 1994 numanae
1353 1963 1588 2003 conjunctionis
1611 1967 1692 2006 (cui
1719 1976 1783 1999 non
1809 1969 1867 2000 mi-

993 2011 1052 2035 nus
1071 2003 1239 2034 veritatem
1258 2025 1268 2042 ‚
1298 2013 1392 2044 quam
1418 2014 1549 2037 caeteras
1569 2007 1703 2040 virtutes
1717 2031 1727 2046 ,
1751 2008 1867 2042 servire

995 2053 1119 2083 aequum
1137 2044 1210 2084 est)
1234 2054 1298 2076 non
1315 2045 1361 2076 est
1381 2046 1491 2077 vitium
1503 2070 1512 2085 ,
1535 2049 1603 2079 veri
1619 2049 1865 2083 diffimulatione

993 2085 1116 2117 servare
1133 2085 1296 2117 hominem
1313 2107 1323 2124 ,
1350 2087 1468 2126 absque
1494 2097 1530 2119 ea
1554 2088 1659 2129 foret,
1683 2100 1762 2123 vero
1786 2092 1866 2133 peri-

995 2135 1110 2165 turum.
1155 2127 1242 2159 Idem
1267 2128 1370 2159 dicam
1386 2150 1397 2166 ‚
1429 2127 1450 2159 fi
1474 2131 1542 2169 quis
1565 2131 1810 2165 diffimulatione
1837 2133 1868 2166 se

992 2169 1044 2200 vel
1063 2169 1156 2199 alium
1179 2176 1287 2199 tuetur
1302 2168 1450 2200 adversus
1474 2170 1614 2211 aliquem
1637 2174 1689 2212 qui
1714 2183 1781 2206 non
1797 2184 1865 2207 mo-

992 2219 1086 2242 vetur
1103 2209 1224 2250 legibus
1241 2209 1371 2242 rationis
1387 2221 1395 2242 z
1419 2212 1615 2251 impediente
1637 2214 1773 2255 furore,
1803 2217 1867 2256 ira,

993 2260 1046 2283 aut
1065 2250 1229 2283 ebrietate.
1255 2259 1289 2283 ut
1313 2252 1397 2283 enirn
1425 2251 1511 2284 hunc
1535 2252 1625 2287 fallat
1649 2256 1865 2289 diffimulatio-

991 2303 1050 2324 ne:
1075 2301 1169 2331 quam
1186 2300 1292 2324 tamen
1308 2292 1450 2333 injuriam
1468 2293 1548 2326 facit
1566 2296 1595 2327 ei
1613 2299 1662 2328 'cui
1682 2307 1747 2329 non
1764 2299 1864 2337 debet

991 2336 1185 2371 veritatem,
1215 2335 1380 2365 communi
1407 2335 1568 2367 adversam
1595 2338 1756 2371 utilitati?
1786 2339 1867 2372 facit

992 2375 1087 2416 igitur
1106 2375 1307 2406 diffimulatio
1329 2376 1423 2407 etiam
1447 2376 1500 2408 hic
1527 2377 1637 2410 dolum
1660 2379 1801 2414 bouum:
1832 2382 1866 2414 id

992 2417 1037 2448 est
1054 2439 1064 2455 ‚
1100 2425 1118 2447 a
1142 2415 1294 2448 societate
1326 2416 1470 2449 humanae
1502 2419 1737 2459 conjunctionis
1768 2430 1865 2464 quarn

992 2458 1179 2503 omnes-qui
1197 2456 1228 2505 se
1250 2457 1356 2490 bonos
1378 2458 1541 2500 justosque
1560 2461 1623 2492 dici
1642 2463 1776 2503 volunt,
1799 2463 1865 2497 fine

993 2507 1189 2540 exceptione
1215 2509 1325 2539 juvare
1356 2506 1489 2539 oportet
1509 2524 1519 2540 ‚
1557 2503 1688 2536 minime
1713 2505 1863 2539 alienum.

993 2541 1035 2572 At
1052 2550 1119 2572 non
1137 2540 1182 2572 est
1197 2539 1382 2572 faciendum
1400 2541 1535 2580 malum,
1560 2547 1762 2584 quantumvis
1778 2547 1865 2580 secu-

995 2590 1067 2614 turo
1086 2583 1176 2613 bono
1190 2581 1207 2612 ⁸?
1248 2581 1428 2621 Tamquam
1448 2582 1569 2623 sapiens
1587 2587 1728 2626 appellet
1744 2589 1862 2621 malum

995 2624 1083 2663 quod
1097 2624 1136 2655 ad
1151 2632 1357 2655 communem
1382 2623 1523 2657 decurrit
1549 2627 1728 2662 utilit-atem.
1753 2639 1838 2663 erras
1855 2642 1865 2665 ι

995 2665 1076 2696 ratio
1101 2673 1274 2705 numquam
1304 2664 1432 2696 damnat
1456 2665 1601 2699 humanae
1625 2669 1760 2704 studium
1785 2681 1865 2704 con·

992 2706 1175 2747 junctionis.
1198 2707 1264 2736 imo
1289 2707 1376 2746 quod
1401 2706 1464 2738 huc
1487 2709 1594 2748 ducit,
1618 2710 1741 2754 semper
1766 2721 1866 2746 vocat

997 2748 1130 2779 bonum.
1141 2756 1178 2777 nc
1188 2746 1208 2779 fi
1218 2757 1285 2779 rem
1297 2747 1381 2780 recta
1391 2756 1536 2789 putamus
1545 2752 1596 2782 via
1605 2763 1613 2785 :
1623 2762 1717 2795 quam
1734 2756 1862 2787 tandem

998 2789 1142 2822 dabimus
1159 2787 1298 2827 causam,
1316 2798 1372 2821 cur
1381 2789 1552 2824 hominiab
1563 2792 1693 2827 homine
1708 2796 1864 2828 debeatur

997 2830 1113 2861 veritas
1131 2829 1226 2877 vtnffi
1248 2831 1336 2871 quod
1355 2831 1435 2864 alter
1451 2833 1545 2865 alteri*
1563 2837 1695 2869 naturali
1715 2838 1839 2869 ratione
1852 2859 1863 2876 ,

998 2870 1083 2917 quasi
1102 2878 1197 2903 tacita
1213 2873 1283 2913 lege
1300 2895 1310 2911 ‚
1330 2873 1471 2915 jungitur
1486 2897 1496 2913 ‚
1519 2880 1712 2918 teneturque
1729 2878 1864 2919 quadam

995 2913 1069 2958 juris
1097 2912 1274 2946 societate:
1304 2922 1376 2955 quae
1393 2938 1403 2954 ‚
1437 2915 1491 2948 nifi
1517 2918 1640 2959 integra
1661 2918 1866 2959 atqueillaesa

999 2955 1244 2995 uniuscujusque
1275 2955 1423 2988 libertate
1455 2958 1495 2989 de
1523 2959 1580 2992 suis
1602 2961 1780 2992 commodis
1807 2960 1862 2993 suo

997 2995 1127 3042 arbitrio
1142 2997 1299 3036 judicandi
1319 2997 1559 3039 statuendique‚
1578 3002 1662 3032 nulla
1679 3001 1734 3033 est.
1756 3000 1793 3033 fit
1807 3002 1865 3043 igi-

997 3044 1050 3083 tur
1066 3046 1094 3067 ei
1112 3038 1164 3075 qui
1184 3039 1340 3071 rationem
1357 3063 1366 3079 ,
1397 3041 1428 3072 id
1447 3039 1510 3079 est,
1534 3050 1651 3073 naturae
1670 3042 1794 3083 legem,
1818 3043 1865 3075 fe·

997 3085 1050 3118 qur
1068 3078 1222 3119 postulat,
1245 3081 1359 3121 (quod
1377 3091 1490 3113 omnes
1513 3082 1575 3114 sine
1597 3083 1792 3125 eitceptione
1815 3084 1861 3117 fas

997 3129 1070 3151 cere
1100 3122 1267 3162 oportet)
1306 3124 1406 3163 prima
1437 3123 1597 3156 societatis
1621 3148 1631 3164 ,
1669 3126 1766 3159 altera
1798 3128 1865 3159 veri

997 3170 1087 3208 cura:
1110 3171 1171 3208 nec
1190 3171 1300 3196 verum
1321 3168 1439 3204 quaerat
1456 3173 1590 3205 propter
1606 3176 1738 3206 verum3
1760 3167 1812 3201 fed
1830 3177 1866 3200 ut

995 3208 1060 3236 veri
1078 3203 1303 3238 oblervatione
1326 3215 1534 3243 communem
1556 3206 1648 3247 juvet
1670 3210 1838 3242 utilitatem
1856 3234 1866 3249 ,

1847 3262 1864 3283 R
