2036 3495
523 69 611 106 DE

25 160 140 201 evertes
164 170 277 194 omncs
293 167 479 203 ‘prorogant
511 167 637 202 tempus
653 182 663 198 ‚
695 167 730 191 ut
752 159 914 198 iumenta,

24 204 197 244 amancipia
214 227 224 243 ,
248 212 367 243 naves,
391 203 478 234 vala:
502 212 572 244 quae
595 211 629 234 ut
654 203 778 234 utendo
805 202 914 240 sensim

23 252 201 283 .terantui·,
224 246 351 278 interim
370 243 555 285 supersunt,
577 244 612 277 &⁷
631 243 748 289 saepius*
763 245 914 277 eumdem

25 286 201 328 “recipiunt
224 286 333 326 usum3
356 294 453 328 atque
471 295 504 318 ut
522 290 626 324 nova,
643 287 693 317 “ita
710 288 835 325 attrita,
862 289 915 317 ve-

23 327 186 362 ·sti‘menta
210 330 240 361 &
257 327 416 370 mancipia
432 329 631 370 appellantur
646 331 665 359 t.
685 336 734 369 37.
753 326 796 360 D.
813 330 846 359 de
861 327 915 360 Λῖ-

30 371 132 403 -clilitio
149 370 271 410 Edicto,
293 372 312 402 1.
328 375 358 402 6.
375 370 464 401 Dsde
480 370 744 401 rei'vina'icatione.
763 369 915 402 Siccine?

30 420 82 448 me
101 413 220 444 dubita.
244 413 296 453 qui
315 416 399 443 enim
419 412 517 443 habet
536 412 666 451 alicujus
684 411 914 443 usumfructum

30 454 186 495 corporis
197 477 206 493 ,
223 463 316 495 quem
334 453 560 486 usumfructum
570 453 767 494 appellamus
783 463 892 485 verum
903 477 914 493 ,

27 497 107 536 -ejus
123 498 211 536 quod
227 495 370 531 officium
387 494 458 526 est?
482 494 537 526 nisi
554 505 587 526 re
605 495 774 527 fruc't'uaria
790 497 834 527 uti
852 495 916 527 frui

28 537 119 580 'boni
144 540 201 569 vrri
219 537 388 570 arbitratu:
413 536 443 568 &
461 536 481 568 fi
498 535 607 568 finitus
625 537 686 568 erit
703 537 915 576 ususfructus,

43 579 206 611 restituere
223 579 311 619 quod
329 579 404 610 inde
421 579 576 609 exstabit.
592 584 624 609 at
642 587 702 610 nec
719 579 804 611 aliud
821 588 914 610 cave-

25 632 73 654 -re
89 628 162 653 euin
178 626 327 661 oportet,
345 629 439 660 quam
460 619 584 652 usurum
600 619 770 652 fruiturum
790 619 820 652 se
837 621 914 652 boni

27 664 94 696 'viri
111 663 261 694 arbitratu
273 672 281 699 ;
294 663 329 693 ’ἃ
346 671 420 693 cum
437 661 557 693 desinet
574 661 766 694 ususfructus
785 663 824 694 ad
841 672 914 695 eum

38 704 216 747 pertinere,
235 703 450 735 restituturum
463 703 593 744 sequod
611 704 685 735 inde
698 704 834 736 exstabit
849 705 867 735 l.
887 710 913 736 1.

25 745 81 779 ·D.
103 744 606 787 UJufrucYuar'ius»quemadmodum
623 752 734 777 caveat.
768 746 851 778 Haec
869 745 915 778 est

26 791 148 820 ‘natura
165 787 230 817 veri
251 786 443 818 ususfruftus
461 788 534 827 jure
551 787 645 818 Civili
662 787 838 819 constituti.
862 788 914 819 cui

26 828 114 870 ·quin
140 829 324 860 conveniat
339 828 602 860 vestimentorum
628 827 838 868 ususfructus,
860 829 915 860 vix

38 871 183 903 dubitare
203 870 288 902 licet.
319 869 431 911 potest*
444 872 527 902 enin-1
551 871 581 902 ἀ
598 870 696 902 debet
711 871 771 902 illis
789 872 835 902 uti
852 869 915 901 frui

40 912 115 943 boni
135 911 191 942 viri
209 912 361 943 arbitratu
380 911 588 943 fructum-ins:
615 911 720 952 potest
737 912 831 944 etiam
849 910 915 942 fini-

40 961 75 985 to
93 951 270 992 usufructu,
286 954 419 985 domino
439 956 525 994 quod
538 963 576 985 ex
594 953 640 984 his
658 953 813 989 exstabit,
830 952 916 984 resti-

41 1003 140 1027 tuere.
158 997 302 1027 accedit:
327 997 434 1035 quod,
460 997 567 1037 legato
585 994 717 1026 vestium
735 994 915 1033 usufructu,

38 1046 54 1068 a
74 1035 247 1067 fructuario
263 1038 401 1079 exigitur
416 1038 524 1069 cautio
542 1037 605 1068 veri
621 1036 831 1069 ususfructus:
848 1046 915 1067 non

40 1087 76 1109 ea
88 1087 157 1118 quae
174 1078 447 1110 senatusconsulti
464 1078 518 1110 cst.
535 1079 631 1118 igitur
648 1087 708 1109 nec
718 1079 852 1109 domino
870 1086 915 1108 te-

40 1128 134 1151 netur
150 1118 339 1151 fruftuarius
357 1120 482 1150 actione
499 1130 537 1151 ex
557 1120 720 1160 stipulatu:
736 1118 757 1151 fi
774 1118 866 1151 finito
883 1128 914 1149 u-

26 1160 199 1200 lsufrut‘lm
223 1162 251 1193 ei
271 1164 383 1193 reddat
405 1161 522 1193 vestem
541 1162 681 1192 attritam
703 1161 778 1192 boni
796 1161 853 1192 viri
870 1170 914 1191 ar·

26 1203 170 1234 tharam.
195 1203 226 1235 id
242 1204 343 1244 liquet
360 1204 420 1234 hac
437 1205 467 1233 in
485 1202 643 1240 formula,
670 1201 764 1232 Reddi
778 1203 851 1243 quod
867 1203 911 1232 in-

26 1246 73 1276 2de
88 1241 221 1284 exstabit.
249 1246 334 1277 idem
361 1244 466 1276 statuit
484 1242 638 1284 Ulpianus
654 1243 684 1274 in
702 1243 752 1274 illa
764 1266 773 1282 ,
800 1240 913 1283 Vestem

28 1286 118 1317 reddi·
133 1285 152 1316 l.
169 1294 197 1321 9.
216 1286 245 1327 §.
262 1296 291 1327 3.
308 1286 351 1317 D.
374 1287 432 1316 eoa.
453 1286 499 1316 tit.
519 1292 616 1325 puto,
640 1284 712 1325 quia
727 1284 773 1315 est
790 1285 912 1316 animus

24 1325 159 1357 ‹vestem
177 1328 328 1358 utendam
344 1325 513 1358 fruendam
531 1326 634 1357 dantis
645 1348 655 1364 ,
670 1335 705 1356 ut
721 1324 913 1357 frufiluarius

37 1377 108 1399 eam
129 1376 209 1399 terat
225 1369 302 1400 boni
321 1368 378 1399 viri
393 1367 566 1406 arbitratu,
583 1367 667 1399 inani
688 1367 730 1398 illi
741 1366 852 1399 futuro
867 1368 913 1407 ju-

25 1416 73 1442 ²re
92 1412 200 1441 utendi
219 1409 346 1442 fruendi
363 1419 398 1440 re
423 1408 580 1441 attritioni
605 1409 768 1447 obnoxia3
793 1408 848 1441 nifi
864 1418 913 1440 ac-

26 1452 136 1492 ·cipiat
151 1451 338 1483 facultatem
355 1461 423 1482 eam
436 1452 559 1482 terendi
578 1450 655 1482 boni
671 1451 731 1482 viri
748 1451 913 1482 arbitratu.

27 1494 167 1524 ·videtur
183 1495 280 1534 igitur
297 1493 390 1525 heres
402 1492 563 1532 stipulatus
575 1515 584 1530 ‚
601 1490 722 1523 vestem
739 1492 828 1524 reddi
845 1491 914 1523 fini-

26 1542 76 1566 ·to
92 1534 272 1574 usufructu,
287 1535 425 1576 stipulari
443 1535 531 1574 quod
549 1543 589 1565 ex
602 1533 689 1565 veste
704 1532 852 1565 exstabit.
876 1542 914 1564 ac

26 1575 62 1609 ⁴-fi
79 1577 142 1607 hoc
152 1575 215 1608 est:
229 1587 243 1608 a
273 1585 384 1618 paret,
400 1576 664 1607 vestimentorum
682 1575 914 1606 &caeterorum

29 1622 214 1659 icorporum
230 1586 373 1660 [l'lpiano
390 1627 499 1659 parem
513 1616 575 1648 effe
594 1616 842 1648 usumfruttum:
861 1626 914 1657 pa-

29 1659 64 1693 rri
80 1660 241 1702 utrimque
257 1660 426 1697 cautione,
439 1659 506 1698 pari
524 1659 634 1690 utendi
645 1657 773 1690 fruendi
789 1657 915 1697 forma,

29 1701 71 1733 ¹&
90 1711 106 1732 a
122 1702 308 1742 quantitatis
324 1699 485 1732 usufructu
502 1700 634 1731 diversa.
672 1698 742 1740 Ipse
759 1700 842 1731 hanc
860 1709 916 1732 ex-

32 1742 193 1784 -prefferat
207 1742 364 1784 Ulpianus
380 1743 399 1772 l.
414 1752 460 1782 ¹5·
477 1741 506 1783 §.
517 1751 546 1780 4.
563 1740 605 1772 D.
621 1742 655 1772 de
671 1740 839 1780 usufruftu.
863 1741 927 1774 sed'

30 1785 95 1817 ·alii
113 1785 152 1816 ad
168 1785 254 1816 hunc
270 1785 402 1816 modum
419 1783 651 1815 deformarunt.
676 1782 718 1814 Et
727 1780 916 1822 sivestimen-

41 1833 137 1858 torum
161 1825 345 1867 ususfruttus
364 1826 476 1866 legatus
493 1823 550 1863 fit,
576 1822 721 1862 nonsit-ut
737 1825 918 1866 quantitatis

39 1867 231 1909 ususfruttus
244 1868 373 1908 legetur,
389 1867 539 1898 dicendum
554 1864 593 1906 est
604 1889 613 1905 ,
635 1868 680 1897 ita
694 1868 741 1897 uti
756 1876 820 1898 eum
836 1868 915 1897 debe-

39 1919 90 1949 re,
112 1918 147 1940 ne
162 1911 313 1941 abutatur.
343 1918 395 1940 nec
410 1914 504 1939 tamen
520 1908 701 1947 locaturum,
724 1910 793 1949 quia
809 1909 853 1939 ita
868 1909 918 1939 vir

41 1953 131 1983 bonus
146 1961 204 1982 non
222 1956 363 1982 uteretur.
406 1950 532 1981 Proinde
552 1949 589 1983 δὲ’
600 1949 631 1988 ]ῖ
642 1949 764 1985 scoenicae
780 1947 867 1990 vestis
884 1959 917 1981 u-

32 1991 204 2042 jusfruaus
222 1993 349 2034 legetur,
364 1991 412 2022 vel
427 1991 530 2029 aulaei,
545 1991 592 2022 vet
607 1991 727 2022 alterius
741 1996 918 2032 apparatus.-

39 2035 108 2066 alilyi
123 2044 211 2075 quam
226 2035 357 2074 insana
366 2042 424 2064 non
439 2038 549 2064 utetur.
574 2033 630 2064 Sed
638 2043 678 2064 an
695 2031 732 2067 {5⁹
749 2034 838 2064 locare
855 2039 915 2072 pos-

32 2074 74 2116 ‹fit
89 2077 249 2107 videndum
264 2073 328 2116 est?
350 2074 392 2106 Et
404 2080 476 2115 puto
492 2074 655 2105 locaturum
666 2098 674 2112 ‚
699 2074 736 2109 &³
751 2074 816 2105 licet
833 2072 916 2115 testa-

35 2120 84 2149 tor
98 2119 291 2155 commodare,
314 2126 372 2147 non
395 2116 487 2147 locare
501 2116 607 2155 solitus
616 2116 736 2155 fuerit,
758 2123 854 2147 tamen
873 2117 915 2156 ip-

28 2161 97 2201 sum
105 2159 308 2200 sruttuurium
325 2158 487 2189 locaturum
503 2158 725 2196 tamscaenz'cam
735 2181 744 2197 ,
761 2167 848 2199 quam
863 2157 915 2196 fu-

38 2199 277 2240 neoremvestem.
301 2199 348 2231 lta
364 2201 469 2231 editur
486 2199 667 2230 Florentiae.
692 2198 839 2231 Emendo
851 2199 916 2230 nul-

38 2242 67 2274 la
84 2245 279 2274 mutatione:
306 2244 344 2272 ad
363 2241 447 2281 Sigla
465 2240 717 2282 respicientibus.
744 2238 918 2280 Etfivtsti-

37 2289 197 2315 mentorum
212 2282 399 2323 ulussruttus
412 2283 523 2323 legatus
531 2281 572 2321 fit
583 2307 591 2321 ,
607 2293 665 2313 non
672 2281 750 2320 ficut
766 2285 918 2324 quantita-

35 2327 77 2356 tis
95 2324 255 2364 usufructu
272 2325 381 2365 iegato,
397 2325 548 2354 dicendum
561 2323 610 2363 est.
642 2325 672 2355 e&
688 2325 819 2364 reliqua.
835 2323 919 2355 Scri-

37 2368 140 2409 pserat
156 2365 310 2405 Ulpianus
321 2389 330 2403 ‚
348 2374 406 2396 non
415 2364 493 2402 ficut
509 2367 687 2407 quantitatis
702 2366 747 2404 uf.
760 2366 800 2407 lg.
821 2366 916 2396 dicen-

37 2409 108 2440 dum
122 2407 171 2448 esi.
189 2407 248 2439 His
257 2407 350 2449 Siglis
362 2415 497 2447 uterque
507 2407 704 2438 indicabatur
713 2406 816 2438 sermo
828 2430 836 2442 ,
847 2408 916 2447 usu-

33 2449 141 2490 fructu
157 2450 247 2490 legato
265 2449 295 2480 ὅ(
310 2448 493 2488 ususfruttus
508 2449 626 2489 legetur.
657 2448 802 2480 auCtores
824 2447 917 2479 Vale·

37 2491 101 2523 rius
113 2491 234 2523 Probus
244 2514 254 2530 ,
271 2492 301 2522 &
313 2491 455 2530 Magno3
474 2489 647 2521 scribentes
657 2514 666 2529 ,
679 2489 767 2521 Nota
777 2490 835 2522 hac
845 2489 914 2522 VF.

36 2532 276 2572 'usumfruttztm‚
294 2531 348 2562 ista
365 2530 437 2562 LG.
455 2533 583 2572 legatum
598 2540 651 2563 aut
668 2532 798 2573 legavit,
817 2533 916 2562 deno-

39 2574 111 2604 tari.
144 2575 186 2605 ita
207 2583 281 2605 cum
300 2574 446 2614 ambigua
463 2573 540 2604 esset
555 2573 713 2615 Siglorum
731 2574 832 2605 ratio:
857 2573 914 2604 rni-

38 2614 174 2650 ramur.
188 2613 365 2646 Librarium
391 2614 503 2646 erraffe
528 2615 557 2646 &
579 2616 715 2646 alterum
735 2624 794 2655 pro
811 2615 916 2646 altero

39 2654 230 2694 subjecisse?
256 2654 398 2696 Longius
421 2666 438 2687 a
460 2655 647 2688 Florentina
675 2657 828 2696 scriptura
852 2654 916 2686 Ha·

34 2696 164 2727 ‘loandri
177 2696 293 2727 editiot
308 2696 360 2727 sed
378 2706 505 2737 propea
524 2707 597 2729 meo
614 2696 712 2729 sensu.
736 2697 817 2736 Etsi
830 2696 916 2735 vesti-

39 2743 201 2768 mentorum
211 2737 396 2776 usnsfruttus
409 2738 520 2779 legatus
529 2738 589 2778 sit,
604 2749 663 2771 non
678 2740 916 2780 quemadmodum

34 2776 65 2818 fi
78 2778 256 2819 quantitatis
271 2778 453 2818 ususfructus
469 2780 589 2821 legetur.
611 2781 642 2812 &
660 2780 834 2820 sequentia.
867 2778 915 2811 Ut

40 2828 147 2851 tamen
175 2819 309 2859 propius
328 2821 514 2852 accederem
538 2822 578 2853 ad
602 2822 821 2854 Florentinam
843 2820 916 2853 scri-

40 2868 183 2903 pturam:
210 2860 315 2891 malui.
345 2870 403 2891 non
424 2859 497 2896 sicut
512 2864 687 2903 quantitatis
703 2862 860 2904 usufruftu
881 2863 917 2893 le-

38 2910 119 2944 gato.
153 2911 168 2932 a
186 2911 246 2941 qua
264 2901 403 2933 Ieftione
427 2903 524 2934 etiam
547 2903 626 2934 stant
644 2903 770 2943 Graeci,
794 2904 842 2935 lib.
866 2907 916 2936 16.

43 2943 159 2981 Balilz'c.
177 2945 223 2973 tit.
243 2952 267 2973 1.
292 2942 333 2974 {ic
354 2950 536 2981 vertentes,
561 2944 702 2976 Fabroto
726 2947 915 2985 interprete.

42 2984 107 3029 Qui
122 2982 209 3025 voltis
226 2984 439 3025 usumfructum
461 2985 561 3023 babet,
583 2995 640 3016 non
650 2985 695 3024 sic
714 2996 746 3017 ea
761 2987 916 3026 abutitur,

43 3036 77 3058 ut
94 3027 219 3057 nzunmis
234 3036 357 3067 quorum
373 3025 558 3065 ususfruttus
574 3026 686 3068 legatus
700 3025 838 3068 estmeci
849 3027 917 3068 sam

44 3068 129 3098 locat.
176 3068 274 3099 Possis
299 3067 386 3097 forte
413 3066 443 3097 ὅ(
468 3069 509 3098 ita
533 3068 719 3107 restituere,
742 3078 800 3100 non
849 3069 917 3100 [cut

44 3111 215 3150 quantitatis
229 3107 415 3147 ususfrucius
425 3109 552 3149 legetur,
566 3109 596 3141 ὅ(
612 3118 745 3142 caetera:
763 3117 799 3141 ut
814 3110 917 3151 perin-

44 3150 87 3181 de
105 3150 157 3188 sit,
173 3159 210 3181 ac
226 3150 246 3182 ss
265 3150 414 3189 scriptum
433 3149 509 3182 esset
521 3174 529 3188 ‚
545 3150 727 3190 nonficutfi
742 3152 917 3192 quantitatis

45 3191 231 3232 ustis-fruticis
254 3192 374 3233 legetur.
419 3192 467 3223 Ac
489 3191 595 3224 nescio
613 3215 624 3232 ‚
654 3202 692 3225 an
716 3192 813 3225 simile
838 3194 915 3235 quid

673 68 1146 107 Usurnucru
1206 68 1358 106 an.1.

1776 71 1847 115 365

959 167 1108 192 occurrat
1130 160 1160 192 in
1185 159 1205 192 1.
1233 167 1280 190 11.
1317 159 1360 191 D.
1401 157 1654 204 Quemadmodum
1676 157 1840 200 flavitum

958 205 1138 234 omittuntur
1158 226 1168 241 ‚
1191 202 1222 233 in
1241 210 1303 242 qua
1322 201 1494 233 Florentiae
1513 203 1631 234 editur.
1675 202 1707 233 15
1722 202 1770 233 cui
1786 202 1839 233 via

945 246 1005 275 ’τοι
1028 244 1110 276 uam
1127 245 1301 282 debebatur,
1330 249 1364 275 ut
1387 243 1514 275 vehicuti
1531 248 1605 275 certo
1619 248 1839 285 genereutere·

944 291 1028 325 tur,
1052 287 1107 325 alio
1121 292 1224 327 genere
1233 285 1340 326 fuerat
1356 290 1442 326 usus.-
1464 286 1638 324 videamus,
1660 294 1696 316 ne
1713 285 1840 326 amiserit

944 327 1149 368 'servititteins‘'
1165 327 1202 362 ὅ)
1218 327 1277 359 alia
1287 326 1329 365 fit
1345 328 1408 370 ejus
1425 328 1547 359 conditio
1567 329 1624 369 qui'
1634 326 1759 368 amplius
1774 335 1840 358 one·

947 370 1013 409 wis,
1037 379 1125 410 quom
1142 371 1243 407 licuit,
1266 372 1401 408 vexerit,
1424 370 1573 411 magisque
1589 370 1635 401 hic
1649 369 1735 410 ptus,
1749 378 1839 411 quam

950 412 1040 443 «aliud
1055 411 1137 454 egzffe
1152 413 1307 443 videatur:
1323 411 1410 442 sicuti
1427 411 1527 442 latiore
1543 412 1647 443 itinere
1663 413 1733 451 usus
1749 420 1764 441 e
1786 415 1835 451 et,

957 459 1009 485 aut
1025 453 1055 492 fi
1072 456 1162 495 pizira
1174 454 1310 495 jumenta
1325 453 1434 495 egerit,
1457 461 1545 493 quam
1562 453 1657 485 licuit.
1694 452 1765 484 Sic-
1791 453 1839 485 lo·

958 504 1068 527 rentiae
1080 496 1196 527 editur.
1223 495 1273 526 sed
1285 495 1436 535 conjicio.
1461 494 1564 526 SIcuti
1574 494 1675 526 latiore
1688 495 1790 526 itinere
1804 502 1838 527 u·

949 538 1006 577 sus
1025 537 1100 578 effet.
1125 536 1188 572 &on
1207 537 1238 568 δε
1253 545 1404 577 expono,
1414 534 1507 574 sicuti
1516 534 1546 574 fi
1563 535 1664 567 latiore
1680 537 1782 568 itinere
1801 544 1837 568 u-

947 583 1004 617 Jus
1022 579 1097 621 effet.
1129 579 1218 619 quod
1244 588 1292 609 res
1311 576 1470 619 postulat,
1495 577 1525 609 ἃ
1543 578 1573 608 in
1591 577 1660 608 aliis
1677 577 1764 609 libris
1781 586 1837 610 ex-

957 621 1097 653 hibetur.
1123 620 1186 652 Sed
1202 621 1242 651 de
1258 619 1314 651 scri
1343 628 1410 650 tura
1426 619 1506 651 satis.
1529 618 1645 658 restat,
1662 626 1697 650 ut
1714 618 1837 652 sensum

958 662 1194 702 investigemus.
1217 662 1242 692 is
1257 661 1308 692 sen
1326 671 1359 693 us
1376 660 1432 693 est.
1471 660 1502 692 Si
1519 660 1782 693 vestimentorum
1803 669 1838 694 u-

958 703 1131 736 susfruCtus
1149 704 1272 745 legatus
1289 702 1344 734 fit:
1359 702 1422 734 effe
1436 702 1521 734 aliud
1533 703 1725 741 dicendum,
1742 710 1838 742 quam

957 745 979 778 fi
996 746 1183 786 quantitatis
1202 744 1396 776 ususfructus
1414 745 1548 786 legetur.
1580 751 1652 776 nam
1679 746 1840 785 quantita-

959 795 1023 819 tem
1043 787 1172 827 quidem
1197 786 1371 818 fructuario
1399 787 1463 819 dari
1481 787 1542 826 ita,
1567 794 1602 818 ut
1623 787 1689 827 eJ'us
1705 785 1781 825 fiat3
1805 785 1837 818 ὅτ

950 831 995 860 'ea
1012 838 1071 869 pro
1088 828 1220 859 arbitrio
1236 827 1293 859 suo
1308 828 1468 861 abutatur.
1492 836 1524 860 at
1540 828 1642 861 vestes
1659 826 1837 859 fructuario

957 878 1024 902 non
1041 869 1082 900 fic
1100 870 1185 908 dari,
1210 876 1245 900 ut
1262 870 1327 908 eJus
1346 868 1444 910 fiant;
1467 878 1579 911 neque·
1589 876 1624 902 ut
1639 868 1688 901 his
1704 868 1838 901 arbitrio

958 912 1013 942 suo
1030 911 1196 942 abutatur:
1219 909 1273 941 sed
1299 918 1331 940 ut
1348 910 1396 942 his
1414 920 1519 943 utatur
1536 911 1597 951 fic,
1614 918 1649 943 ut
1667 911 1714 942 vir
1731 911 1837 942 bonus

958 953 995 985 iis
1013 959 1168 983 uteretur.
1206 960 1245 982 an
1265 960 1342 992 ergo
1361 952 1480 984 locabit
1500 953 1603 985 vestes
1621 951 1840 984 fructuarius?

959 993 1053 1034 possit
1069 993 1162 1024 alicui
1177 992 1296 1024 videri:
1320 1002 1362 1024 eo
1381 996 1469 1034 quod
1487 993 1661 1027 fructuario
1677 993 1840 1036 competit

958 1037 1003 1067 rei
1030 1034 1208 1066 fructuariae
1233 1034 1366 1066 locatio.
1396 1035 1448 1066 sed
1466 1045 1530 1067 non
1549 1037 1656 1077 placet
1676 1035 1841 1077 Ulpiano,

958 1078 1141 1109 locaturum
1158 1075 1274 1106 vestes.
1306 1076 1378 1116 quia
1398 1077 1447 1107 vir
1464 1077 1567 1109 bonus
1585 1079 1652 1110 aliis
1670 1087 1735 1110 non
1753 1079 1841 1110 loca-

958 1127 1008 1150 ret
1025 1117 1139 1149 vestes.
1164 1117 1264 1149 debet
1279 1126 1385 1149 autem
1403 1117 1595 1151 fructuarius
1613 1120 1755 1152 vestibus
1771 1127 1840 1151 non

957 1159 1020 1198 fic,
1045 1167 1079 1190 ut
1096 1157 1152 1199 ipsi
1168 1159 1315 1197 videtur,
1338 1159 1383 1190 uti
1403 1159 1465 1190 frui
1487 1170 1546 1199 pro
1566 1161 1620 1192 suo
1640 1161 1840 1194 commodo:

955 1201 1011 1232 sed
1029 1209 1063 1231 ut
1074 1201 1123 1232 vii·
1139 1200 1244 1231 bonus
1262 1200 1311 1231 his
1329 1200 1437 1231 usurus
1454 1200 1608 1234 fruiturus
1621 1201 1709 1234 esset.
1732 1203 1840 1243 proin-

956 1243 996 1274 de
1011 1242 1033 1274 fi
1049 1241 1086 1273 fit
1102 1241 1243 1282 scaenicae
1270 1241 1365 1273 vestis
1383 1241 1594 1275 ususfructus:
1617 1250 1752 1284 oportet
1775 1242 1843 1275 sru-

957 1284 1111 1315 ctum-ium
1137 1284 1225 1315 veste
1251 1283 1290 1314 ad
1315 1282 1448 1315 scaenam
1472 1293 1676 1326 comparata,
1700 1284 1740 1316 ad
1767 1283 1843 1316 scae-

956 1335 1028 1357 nam
1048 1325 1104 1356 uti.
1135 1326 1223 1365 quod
1248 1324 1270 1356 fi
1286 1326 1324 1356 ad
1342 1325 1438 1357 alium
1455 1325 1544 1357 usum
1561 1326 1713 1365 adhibet,
1740 1326 1842 1367 magis

955 1367 1042 1398 abuti
1060 1376 1116 1405 ea,
1138 1376 1233 1407 quarn
1259 1367 1324 1406 uti,
1349 1367 1490 1399 videtur.
1537 1367 1567 1399 Si
1587 1377 1693 1400 tamen
1711 1368 1751 1400 ad
1767 1368 1844 1399 scae·

956 1417 1029 1441 narn
1053 1408 1212 1440 adhibet:
1243 1407 1349 1440 adhuc
1373 1409 1553 1449 quaeritur3
1584 1417 1691 1442 utrum
1716 1416 1844 1443 tantum

957 1459 1014 1491 per
1036 1449 1067 1481 se
1092 1450 1136 1481 uti
1162 1449 1225 1481 frui
1250 1450 1387 1489 debeat3
1413 1460 1452 1482 an
1478 1452 1575 1483 etiam
1599 1461 1658 1493 per
1675 1451 1774 1484 alium
1789 1451 1843 1484 cui

957 1501 1028 1523 eam
1046 1500 1100 1522 aut
1114 1489 1327 1530 commodet,
1342 1499 1396 1522 aut
1412 1491 1502 1523 locet
1513 1492 1530 1524 ἓ
1553 1492 1606 1525 sed
1620 1500 1713 1533 putat
1731 1492 1844 1534 Ulpia-

958 1543 1036 1571 nus,
1060 1533 1156 1564 etiam
1182 1528 1231 1564 alii
1255 1533 1434 1564 locaturum
1454 1533 1551 1565 talem
1570 1534 1710 1566 vestem:
1734 1542 1843 1575 neque

957 1573 1099 1613 referre;
1122 1582 1228 1606 utrum
1252 1583 1322 1606 eam
1340 1575 1552 1607 commodare
1569 1574 1668 1607 soleat
1688 1574 1845 1616 testator,

957 1626 997 1648 an
1019 1616 1145 1648 locare:
1168 1623 1285 1648 neutro
1309 1626 1325 1647 a
1344 1618 1471 1648 ratione
1494 1616 1572 1648 boni
1592 1616 1650 1648 viri
1666 1616 1844 1650 abhorren-

958 1666 1003 1690 te.
1035 1657 1088 1689 De
1099 1658 1311 1690 commodato
1329 1656 1416 1690 testis
1433 1658 1555 1690 Seneca
1566 1681 1576 1698 ‚
1592 1658 1791 1697 Confhlatiom
1803 1658 1845 1692 ad

959 1699 1112 1732 Marciam
1131 1706 1194 1741 cap.
1215 1709 1263 1732 10.
1294 1698 1416 1739 Alieni,
1434 1699 1583 1741 inquiens
1595 1723 1605 1739 ,
1620 1702 1845 1742 commodatique

958 1742 1118 1783 apparatus
1134 1743 1221 1782 sunt.
1253 1741 1329 1772 nihii
1346 1742 1450 1773 horum
1469 1743 1541 1773 dono
1558 1743 1667 1774 datur.-
1690 1742 1845 1775 collaticiis

958 1783 995 1818 ὅ)
1004 1785 1042 1814 ad
1055 1783 1184 1814 dominos
1198 1783 1337 1813 redituris
1347 1780 1546 1823 instrumentis
1552 1784 1652 1824 scaena
1667 1785 1842 1821 adornatur.

957 1825 1018 1856 alia
1033 1833 1070 1855 ex
1085 1824 1129 1854 his
1141 1824 1236 1864 primo
1257 1825 1322 1862 die,
1346 1825 1406 1856 alia
1420 1825 1542 1860 fecundo
1566 1826 1750 1864 referentur.-
1767 1832 1844 1868 pau·

958 1876 993 1897 ca
1008 1875 1099 1908 usque
1112 1867 1151 1896 ad
1160 1864 1252 1904 finem
1261 1865 1496 1906 perseverabunt.
1522 1865 1607 1899 Dedi
1625 1866 1756 1910 Ulpiani
1773 1867 1842 1901 sen-

959 1907 1045 1939 suin:
1068 1905 1157 1938 simul
1175 1907 1322 1947 ostendi,
1345 1907 1408 1939 esse
1426 1918 1538 1941 verum
1555 1909 1844 1955 qualiumcumque

960 1948 1095 1981 vestium
1119 1948 1366 1981 usumfructum:
1397 1950 1488 1981 nullo
1506 1949 1711 1991 discrimine,
1735 1958 1844 1984 utrum

959 1990 1020 2023 fint
1036 1991 1253 2031 quotidianae,
1268 2000 1308 2022 an
1320 1990 1482 2024 scaenicae:
1500 1992 1531 2024 in
1551 2001 1658 2034 eoque
1676 1992 1739 2024 effe
1756 1993 1844 2025 aliud

959 2033 1152 2079 dicendum,
1176 2041 1272 2073 quam
1294 2032 1316 2064 fi
1338 2033 1461 2074 legatus
1478 2032 1515 2065 fit
1530 2033 1727 2067 ususfructus
1745 2043 1845 2076 quan-

957 2082 1068 2106 titatis.
1384 2082 1385 2086 ¹

998 2115 1079 2146 Sunt
1093 2115 1164 2146 haec
1180 2122 1287 2154 certa,
1304 2125 1375 2147 mea
1391 2116 1559 2156 opinione.
1589 2117 1632 2149 At
1647 2125 1681 2150 te
1696 2125 1842 2151 moratur

957 2158 1140 2189 reverentia
1157 2155 1237 2197 Imp.
1253 2156 1415 2196 justiniani
1428 2157 1459 2199 ἓ.
1476 2168 1505 2190 2.
1523 2156 1598 2199 Just.
1609 2161 1643 2190 de
1658 2160 1841 2200 usufruttu:

961 2199 1064 2239 palam
1090 2197 1287 2237 attestantis,
1311 2198 1499 2231 vestimenta
1516 2201 1585 2241 ipso
1605 2200 1660 2233 usu
1677 2200 1844 2242 consumi;

959 2241 1100 2279 ideoque
1114 2248 1227 2271 eorum
1244 2239 1327 2281 quafi
1344 2240 1572 2273 usumfructum
1589 2242 1664 2274 effe.
1694 2252 1792 2284 atque
1807 2253 1841 2275 e-

959 2291 1003 2322 go
1026 2291 1090 2312 non
1119 2281 1253 2321 dubito;
1276 2282 1350 2322 quin
1376 2283 1521 2322 potuerit
1544 2283 1624 2324 lmp.
1647 2284 1842 2324 justinianus

962 2326 993 2354 in
1018 2321 1282 2354 vestimentorum
1308 2322 1492 2362 usufructu,
1517 2325 1651 2366 aliquod
1668 2327 1843 2366 quaerenti-

961 2365 1020 2396 bus
1039 2372 1348 2404 temperamentum,
1367 2375 1427 2406 pro
1444 2365 1593 2398 faciliore
1610 2367 1844 2409 expeditione,

960 2406 1152 2446 legislatoria
1169 2407 1214 2437 uti
1237 2405 1416 2447 potestate:
1437 2406 1517 2438 ficut
1531 2407 1562 2439 in
1577 2407 1597 2439 l.
1611 2412 1642 2440 6.
1662 2408 1691 2451 §.
1713 2417 1740 2441 1.
1759 2409 1793 2442 C.
1810 2411 1846 2442 de

951 2448 1088 2487 secundis
1109 2449 1221 2488 nuptiis
1246 2457 1283 2479 ea
1308 2446 1350 2479 ufi
1369 2447 1439 2479 sunt
1456 2447 1560 2490 lmpp.
1584 2448 1657 2481 Leo
1673 2450 1704 2483 &
1721 2450 1845 2484 Anthe-

959 2490 1040 2520 mius
1056 2489 1142 2520 circa
1164 2488 1392 2521 usumfructum
1412 2499 1517 2521 rerum
1539 2491 1710 2524 mobilium
1728 2493 1841 2525 mulie-

958 2531 999 2562 ris
1009 2530 1047 2562 ad
1059 2529 1195 2562 secunda
1205 2537 1282 2561 vota
1293 2530 1482 2564 transeuntis
1491 2554 1501 2571 ,
1511 2532 1542 2564 in
1554 2532 1745 2566 liberalitate
1753 2536 1840 2576 prio-

958 2572 1000 2604 ris
1018 2573 1132 2603 mariti.
1157 2571 1200 2604 At
1216 2572 1248 2603 in
1265 2573 1293 2604 d.
1306 2571 1372 2613 §.2.
1392 2581 1458 2604 non
1476 2573 1541 2605 hoc
1558 2574 1624 2615 agit
1638 2574 1842 2615 justinianus.

959 2622 1073 2645 contra
1090 2612 1296 2654 disputat,an
1313 2613 1501 2646 vestimenta
1513 2617 1637 2648 utendo
1652 2617 1843 2651 consuman-

958 2663 1028 2694 tur,
1044 2656 1189 2696 itemque
1207 2655 1276 2695 quis
1287 2654 1324 2686 sit
1344 2654 1471 2688 Veteris
1487 2656 1751 2699 Jurisprudentiae
1769 2659 1841 2693 usus

958 2697 1043 2728 circa
1060 2705 1172 2728 eorum
1191 2696 1430 2729 usumfructum.
1459 2706 1594 2740 utraque
1611 2709 1662 2731 res
1682 2700 1758 2733 faeti
1775 2701 1839 2733 est:

958 2748 1024 2769 non
1051 2739 1150 2778 magis
1176 2747 1193 2768 a
1211 2738 1385 2779 Principis,
1408 2748 1504 2780 quam
1518 2750 1535 2772 a
1552 2742 1708 2783 cujusque
1725 2742 1840 2784 privati

958 2779 1097 2811 hominis
1107 2779 1171 2811 fide
1186 2787 1282 2821 atque
1296 2780 1484 2814 auctoritate
1500 2784 1657 2824 pendens.
1682 2784 1777 2826 igitur
1787 2785 1839 2815 da-

959 2821 1007 2853 bis
1025 2821 1101 2852 mihi
1120 2821 1262 2853 veniam:
1280 2821 1495 2863 existimanti,
1513 2824 1633 2865 lapsum
1650 2835 1759 2857 errore
1775 2823 1841 2856 ess'e

959 2862 1191 2903 Imperatorem
1207 2863 1239 2895 in
1254 2873 1289 2895 re
1299 2863 1386 2896 fatti.
1410 2874 1522 2907 apage.
1546 2866 1668 2898 utinam
1686 2866 1768 2898 solus
1784 2866 1839 2898 hie

959 2905 1045 2945 argui
1058 2903 1160 2945 poss'et
1174 2905 1241 2946 eJ'us
1253 2914 1351 2938 error.
1376 2904 1428 2938 sed
1448 2916 1511 2948 ego
1528 2907 1692 2940 hominem
1710 2906 1792 2946 effe,
1807 2916 1840 2939 a·

959 2945 1113 2986 liquoties
1142 2946 1358 2987 deprehendi:
1382 2948 1572 2991 possemque
1596 2950 1685 2989 plura
1708 2947 1838 2983 adferre

958 2987 1125 3028 exempla:
1147 2987 1201 3020 nisi
1226 2997 1324 3020 unum
1345 2988 1507 3022 sufficeret
1533 3000 1574 3021 ex
1592 2990 1675 3020 Nov.
1695 2994 1745 3029 78.
1763 3000 1789 3022 c.
1805 3000 1838 3033 5.

959 3028 1013 3059 ubi
1028 3027 1070 3060 fic
1084 3029 1190 3061 scribit
1204 3029 1230 3062 is
1245 3029 1437 3072 Imperator.
1459 3032 1632 3062 Antoninus
1649 3030 1723 3061 Pius
1734 3040 1836 3074 cogam

958 3071 1087 3102 minatus
1109 3071 1165 3111 (ex
1187 3081 1241 3113 quo
1264 3075 1353 3105 etiam
1374 3074 1413 3104 ad
1432 3083 1484 3103 nos
1500 3072 1650 3112 appellatio
1666 3072 1724 3103 hoec
1734 3079 1837 3115 perve-

957 3112 1023 3152 nit)
1033 3112 1087 3154 jus
1102 3112 1240 3145 Romanae
1256 3116 1390 3145 civitatis
1403 3116 1488 3155 prius
1504 3115 1539 3143 ab
1552 3122 1722 3154 unoquoque
1735 3115 1839 3155 subdi.

959 3159 1053 3185 torum
1063 3155 1189 3195 petitus,
1213 3155 1251 3190 ὅ)
1274 3156 1373 3188 taliter
1388 3165 1425 3186 ex
1441 3156 1475 3185 iis
1489 3156 1541 3195 qui
1558 3159 1837 3200 vocanturperegri.

957 3195 1008 3236 ni,
1030 3197 1068 3228 ad
1082 3195 1248 3229 Romanam
1265 3198 1476 3238 ingenuitatem
1486 3196 1627 3228 deducens
1637 3219 1647 3236 ,
1662 3197 1713 3229 hoe
1723 3198 1771 3230 ille
1783 3208 1842 3231 om-

1096 3236 1200 3279 Zzss
1794 3250 1839 3274 m·
