2052 3487
338 96 865 139 D1octaT1ANus
915 106 984 134 aa·
1033 97 1497 136 Maximianus.

32 192 80 235 jus
93 191 150 232 fit,
163 193 201 226 de
218 192 348 235 publico
364 190 497 223 crimine
513 187 624 231 pacisci
641 188 693 220 vel
708 187 893 235 transigere:

23 235 107 276 -quia
130 235 252 275 legibus
270 235 346 266 nulli
363 233 438 265 licet
454 233 494 264 de
510 241 543 263 re
565 231 690 271 publica
707 229 821 277 pacisci
845 229 895 272 vel

34 277 203 317 transigere
225 276 244 307 l.
262 285 290 316 7.
314 275 343 317 §.
369 283 397 314 7.
423 272 459 308 &³
486 281 531 311 14.
552 273 619 318 item
640 270 662 301 l.
681 279 730 310 27.
750 272 827 316 334.
850 270 893 301 D.

34 319 69 349 de
88 318 182 359 paritis
196 316 213 348 ?
244 317 348 357 Atque
366 314 428 346 huc
445 312 659 345 Tertullianus
677 310 822 352 respicit,
849 311 894 357 De

28 360 110 401 fuga
126 361 157 390 in
167 359 357 400 persecutione
378 366 401 387 c.
424 364 468 387 12.
492 363 565 385 euni
581 376 590 392 ,
621 352 711 400 Miles
720 376 755 400 ,-
771 354 896 399 inquit,

35 411 79 432 me
101 400 147 431 vel
162 400 288 438 delator,
311 397 357 429 vel
372 397 504 427 inimicus
525 399 669 432 concutit,
692 394 766 424 nihil
790 393 895 434 Ccesari

34 444 171 483 exigens,
194 442 247 472 imo
263 446 360 471 contra
369 438 500 477 faciens,
523 445 589 466 cum
612 432 810 473 Christianum
825 435 894 474 legi-

35 486 88 516 bus
102 483 234 515 humanis
247 491 341 520 reum,
363 479 484 510 mercede
497 477 628 508 dimittit.
672 475 724 507 Sic
742 476 773 507 in
789 475 893 517 publi-

31 526 77 558 cis
95 524 286 556 criminibus.
651 559 655 563 Ι

76 566 163 610 Quid
181 566 210 596 in
234 562 386 604 privatis?
408 560 492 592 idem
518 560 568 591 vel
593 558 708 590 simile:
731 559 830 590 modo
854 558 895 590 de

35 607 84 639 his
102 605 303 639 criminaliter
319 611 436 644 agatur.
461 610 533 632 narn
556 600 611 632 etsi
634 610 670 631 ea
695 609 755 631 nec
777 600 818 631 sic
840 609 896 641 pu-

35 649 118 680 blica
139 647 215 678 fiant
235 646 366 676 crimina
387 644 407 675 l.
426 643 481 674 ult.
506 641 547 673 D.
570 643 603 672 de
618 641 736 681 furtis:
760 650 824 673 non
852 650 894 686 ta-

35 699 109 722 men
125 689 185 728 jam
211 688 328 726 privata
352 684 486 716 vertitur
509 682 649 719 utilitas;
677 682 785 722 (quod
803 684 834 714 in
853 691 894 713 ci-

35 731 90 762 vili
105 730 133 761 &
151 729 310 760 ordinario
325 726 447 766 judicio
469 724 557 762 fieri,
581 723 744 763 superiore
769 723 892 755 ostendi

34 771 157 812 capite)
181 769 231 800 sed
256 768 319 799 hoc
337 767 455 808 agitur,
478 766 587 805 (quod
611 765 725 797 Paulus
747 764 896 796 observat

36 813 54 844 l.
77 822 105 849 9.
136 812 165 852 ᾗ.
187 821 216 850 5.
251 809 291 840 D.
315 810 347 840 de
365 807 545 848 publicanis)
570 806 614 837 uti
644 806 780 846 publicae
804 807 896 847 'vigor

36 854 200 893 disciplinae
216 858 304 883 extra
321 851 464 881 ordinem
480 848 667 879 vindicetur.
705 846 806 888 Quod
821 856 894 878 cum

38 897 76 928 ad
92 893 270 934 exemplum
291 890 432 932 spectet,
453 889 485 921 id
506 888 570 927 est,
593 889 630 919 ad
655 887 814 928 publicam
837 890 896 919 uti-

38 936 173 971 litatem:
195 935 258 973 (uti
276 933 396 973 optime
414 930 551 963 ostendit
566 929 798 970 Tryphoninus
813 930 893 969 l.[31.

37 978 80 1011 D.
105 974 247 1017 Depofitz',
272 975 300 1005 δι
324 981 438 1014 praeter
461 972 545 1003 hunc
568 970 736 1008 Donatus,
768 972 806 1002 ad
828 970 893 1016 Te-

39 1019 174 1052 rentium
195 1040 204 1055 ,
235 1015 395 1053 Eunucho,
417 1024 444 1054 5.
463 1024 492 1055 5.
514 1013 586 1051 verfi
604 1021 631 1051 4.
658 1020 731 1043 cum
756 1012 797 1043 sic
821 1011 894 1043 scri-

39 1062 87 1092 bit
101 1084 111 1100 ,
143 1060 255 1090 Graves
276 1063 363 1097 paenae
387 1062 448 1097 quae
464 1053 578 1095 poffunt
604 1054 710 1084 caererz's
732 1055 895 1084 documento

39 1101 90 1144 effe
105 1125 114 1139 ‚
146 1099 271 1139 exempla
292 1099 447 1136 dicuntur)
470 1102 622 1140 apparet,
652 1094 799 1135 pastum,
823 1103 896 1140 qua·

39 1144 209 1179 iecumque
231 1139 283 1170 fiat
305 1139 344 1170 de
371 1138 498 1179 privatis
518 1135 637 1168 delictis
654 1159 663 1174 ,
687 1145 759 1166 cum
784 1145 824 1166 ex
848 1136 894 1166 his

41 1182 242 1216 criminaliter
257 1180 377 1221 agitur,
399 1187 567 1219 numquam
586 1177 707 1209 valere:
731 1177 803 1217 quia
820 1177 895 1217 legi-

40 1227 100 1257 bus
120 1223 194 1255 nulli
212 1221 395 1252 conceditur
411 1220 451 1251 de
471 1219 593 1258 publica
614 1219 751 1249 utilitate
767 1218 893 1257 pacisci.

82 1265 152 1298 Nec
174 1272 275 1295 tamen
294 1262 324 1293 id
342 1271 381 1292 eo
401 1261 555 1300 pertinet,
578 1268 612 1290 ut
628 1260 698 1299 quis
717 1260 829 1291 nolens
845 1268 894 1290 ac-

42 1308 164 1343 cusare,
187 1303 283 1343 magis
306 1301 466 1340 accusare,
491 1310 583 1341 quam
607 1310 700 1342 agere
717 1324 726 1339 ,
750 1309 894 1341 cogatur.

42 1348 116 1381 Non
138 1345 219 1376 enirn
243 1346 285 1374 ita
309 1342 368 1374 est:
392 1343 421 1374 <St
438 1343 520 1373 clare
548 1342 627 1382 Imp.
654 1340 894 1380 Diocletianus,

40 1389 156 1421 Invitus
171 1409 180 1425 ‚
211 1385 329 1425 inquit,
351 1393 434 1425 agere
453 1384 498 1414 vel
514 1385 648 1420 accusare
671 1392 750 1414 nemo
774 1389 895 1424 cogatur

39 1431 57 1461 l.
84 1429 158 1460 unic.
185 1427 216 1458 C.
267 1425 309 1456 Ut
331 1435 409 1455 nerno
431 1427 545 1456 invitus
572 1434 655 1466 agere
687 1425 733 1455 vel
760 1427 894 1464 accusare

39 1476 165 1512 cogatur.
208 1467 268 1499 Sed
294 1466 356 1498 huc
382 1466 515 1506 spectat,
540 1474 574 1497 ut
593 1466 737 1507 paetum,
761 1466 781 1497 fl
805 1467 894 1507 quod

38 1511 116 1549 fiat,
140 1509 188 1541 Ne
202 1509 306 1539 crimen
327 1511 492 1547 accusetur,
515 1508 628 1540 nullius
653 1507 808 1539 momenti
832 1506 895 1538 effe

38 1551 256 1592 intelligatur':
287 1547 432 1586 scilicet,
462 1550 533 1589 quia
565 1548 644 1589 pacti
669 1549 709 1580 de
739 1548 841 1580 aliena
862 1558 896 1580 re

37 1593 111 1626 fatti
127 1593 165 1623 ab
180 1601 219 1623 eo
236 1591 285 1622 cui
302 1599 365 1622 non
388 1589 432 1622 est
453 1589 630 1631 paciscendi
653 1588 808 1629 facultas,
831 1599 894 1621 non

36 1635 82 1667 est
105 1632 277 1673 probabilis
299 1630 398 1662 causa.
428 1632 535 1672 potius
558 1631 656 1671 turpis
676 1631 810 1663 dicenda
833 1630 897 1663 est:

36 1674 226 1717 praesertim,
249 1672 270 1705 fi
286 1671 358 1711 fiat,
382 1673 518 1712 pecunia
540 1672 611 1703 data
626 1694 636 1711 ,
659 1680 712 1703 aut
733 1672 898 1711 promissa,

34 1722 89 1749 aut
112 1711 261 1789 retifirita3
290 1714 409 1755 quippe
427 1735 438 1753 ,
460 1721 533 1745 cum
552 1713 615 1753 jam
638 1712 802 1746 manifesta
827 1722 899 1747 cot-

34 1757 143 1800 ruptio
192 1763 215 1788 t.

1744 102 1811 145 23¹

982 186 1088 227 Eique
1106 188 1149 218 rei
1167 188 1261 219 etiam
1280 187 1343 219 hoc
1359 187 1480 219 indicio
1498 185 1560 219 esse
1577 185 1701 227 potest,
1717 182 1808 228 quod

939 229 992 269 qui
1017 229 1057 259 de
1079 229 1264 260 criminibus
1289 229 1513 270 transigerent,
1535 228 1691 269 ejusmodi
1718 229 1808 268 pasta

937 278 1001 301 non
1022 269 1143 309 palam,
1168 278 1200 301 ut
1220 270 1288 301 haec
1304 280 1373 311 quae
1393 269 1522 302 honesta
1541 272 1569 301 ὅ(
1587 270 1672 302 licita
1688 269 1808 309 essent,

937 310 990 342 sed
1021 311 1198 342 clanculum
1230 312 1259 343 δε
1288 311 1443 343 furtivum
1475 311 1505 342 in
1532 311 1690 351 modum,
1720 310 1808 342 face-

937 358 1018 383 rent.
1067 351 1234 384 Donatum
1257 354 1328 384 audi
1352 353 1391 385 ad
1416 353 1492 385 illud
1515 351 1688 392 Terentii,
1710 352 1804 384 Phor-

936 394 1028 424 mione
1047 403 1076 432 4.
1093 403 1122 433 3.

979 434 1038 465 Soli
1061 434 1158 472 liunus
1181 444 1260 466 nunc
1284 435 1330 467 hic
1345 458 1355 475 ‚
1386 436 1523 476 inquam,
1546 435 1621 466 eho!
1649 435 1714 474 dic,
1736 434 1806 477 quial

1080 476 1151 506 velis
1172 477 1238 507 dari

983 515 1050 547 Tibi
1071 517 1103 547 in
1117 527 1255 555 manum,
1278 523 1312 547 ut
1328 518 1413 548 herus
1431 517 1476 548 his
1492 515 1604 558 desistat
1621 517 1745 548 litibus?

940 556 992 588 Sic
1007 558 1091 589 enim
1117 561 1176 596 ait,
1201 558 1303 589 Datur
1324 561 1349 589 ei
1365 560 1396 588 in
1410 568 1528 590 manum
1544 560 1595 599 qui
1609 559 1721 598 furtim
1733 558 1808 589 acci-

931 599 979 639 pit
993 596 1057 636 fine
1083 600 1190 630 arbitro
1206 622 1216 637 ‚
1247 605 1300 630 aut
1322 601 1474 640 interprete
1490 623 1501 637 ,
1530 606 1563 631 ut
1598 602 1807 640 prevaricator

936 645 988 670 aiat
1004 640 1099 681 judex
1123 646 1283 681 corruptus.
1328 640 1462 672 Donato
1486 642 1614 682 jungam
1636 641 1810 673 Tertullia-

936 689 1029 718 num,
1058 681 1105 712 lib.
1148 681 1195 713 De
1204 682 1287 723 fuga
1300 683 1330 712 in
1344 683 1537 722 persecutione
1561 692 1584 712 c.
1607 691 1653 713 12.
1702 682 1809 713 Verba

937 720 1141 754 Tertulliani.
1188 722 1233 754 Tu
1251 729 1347 755 autem
1366 730 1415 763 pro
1433 733 1461 754 eo
1480 724 1631 763 pacisceris
1648 733 1713 753 cum
1730 723 1808 754 [lela-

938 768 1014 800 tore,
1037 763 1083 793 vel
1106 763 1214 803 milite,
1237 764 1283 795 vel
1302 765 1468 804 furunculo
1491 765 1585 806 aliquo
1610 763 1733 802 Praefide
1755 765 1808 799 sub

938 805 1038 835 tunica
1060 803 1096 838 ὅ)
1111 804 1183 842 finu
1207 806 1283 845 quod
1304 806 1390 847 ajunt
1401 806 1530 843 furtivo.
1579 805 1808 847 Symmachum

938 854 1069 885 quoque
1091 846 1139 876 lib.
1158 856 1186 877 2.
1207 844 1299 886 Epist.
1318 857 1367 888 75.
1393 846 1498 878 Verba
1515 847 1708 888 Symmachi.
1734 847 1809 878 Cum

937 887 1090 928 injudicio
1109 887 1292 926 Praefectum
1299 889 1415 928 famosa
1432 889 1518 927 causa
1527 890 1684 929 penderet;
1708 887 1811 925 Disco-

937 929 994 958 lius
1008 929 1059 968 qui
1072 928 1157 966 furti
1179 929 1320 960 detulerat
1343 928 1480 960 astionem
1496 953 1505 968 ,
1536 930 1696 970 multosque
1719 927 1810 970 nostri

936 970 1044 999 ordinis
1059 970 1146 999 varia
1163 971 1361 1001 criminatione
1373 970 1600 1010 perstrinxerat,
1623 971 1729 1002 occulte
1744 980 1810 1001 cum

936 1012 988 1040 reis
1009 1011 1084 1041 inita
1098 1009 1230 1050 pastione
1247 1021 1304 1041 non
1321 1010 1385 1048 fine
1404 1013 1599 1052 disceptatoris
1615 1013 1730 1043 invidia
1749 1012 1811 1043 elu-
1841 1032 1849 1043 x

932 1050 973 1090 fit
990 1060 1119 1082 examen.
1162 1051 1216 1082 Est
1233 1052 1327 1093 igitur
1345 1055 1448 1085 omnis
1465 1054 1594 1093 quidem
1622 1053 1703 1094 pasti
1721 1077 1730 1093 ,
1755 1053 1810 1085 sed

939 1093 1156 1125 transactionis
1174 1093 1204 1124 in
1222 1094 1351 1133 primis,
1374 1103 1447 1125 cum
1465 1096 1504 1126 de
1520 1095 1652 1126 crimine
1670 1094 1725 1133 fit,
1750 1095 1809 1127 illi*

937 1135 1001 1165 cita
1018 1141 1071 1166 aut
1090 1134 1188 1174 turpis
1211 1133 1317 1166 causa:
1341 1134 1404 1166 five
1430 1145 1540 1174 reum,
1563 1135 1626 1167 sive
1651 1135 1812 1168 accusatm

937 1184 1023 1213 rem,
1046 1174 1185 1215 spectes:
1210 1176 1282 1216 quia
1305 1184 1438 1216 uterque
1464 1178 1504 1209 de
1530 1186 1563 1208 re
1580 1177 1708 1217 publica
1725 1178 1811 1208 malo

938 1218 1088 1256 exemplo
1111 1216 1288 1257 paciscitur.
1312 1219 1430 1258 quippe
1448 1219 1528 1249 alter
1546 1217 1744 1256 adversario,
1767 1228 1810 1250 ne

939 1258 1038 1290 laesam
1070 1259 1213 1289 vindicet
1244 1258 1440 1298 disciplinam
1459 1282 1468 1297 ,
1501 1259 1669 1298 pecuniam
1701 1260 1754 1291 dat
1779 1262 1812 1291 in

938 1309 1084 1338 manum,
1109 1305 1215 1331 motus
1239 1299 1434 1331 conscientia
1461 1300 1620 1338 criminis;
1644 1309 1705 1330 nec
1723 1302 1812 1331 (iatu-

937 1351 987 1373 rus
1005 1364 1013 1379 ,
1037 1340 1058 1372 s1
1075 1350 1112 1372 ea
1130 1350 1195 1372 non
1212 1349 1398 1372 moveretur
1420 1341 1439 1372 l.
1457 1351 1507 1382 34.
1532 1340 1574 1371 D.
1597 1342 1629 1371 cie
1646 1341 1712 1381 jure
1725 1339 1813 1381 fisci:

937 1383 1017 1414 alter
1040 1382 1200 1423 publicam
1234 1383 1342 1423 prodit
1373 1382 1495 1414 causam
1527 1391 1620 1422 quam
1648 1381 1675 1413 sc.
1702 1383 1812 1414 ulcisci

938 1424 1022 1456 velle
1041 1422 1227 1464 profitetur-3
1252 1423 1282 1455 &
1299 1431 1332 1455 ut
1351 1425 1484 1464 prodat,
1508 1424 1645 1463 patitur,
1670 1422 1699 1454 se
1716 1433 1812 1461 pecu-

936 1466 986 1497 nia
1005 1466 1176 1505 corrumpi.
1221 1464 1404 1505 Numquam
1420 1465 1516 1505 igitur
1533 1465 1618 1496 valet
1635 1465 1740 1504 pactio
1757 1468 1812 1497 auli

938 1506 1108 1538 transactio
1132 1507 1172 1537 de
1191 1506 1327 1545 publicis
1346 1514 1399 1537 aut
1417 1505 1548 1546 privatis
1568 1507 1752 1538 criminibus
1770 1515 1812 1538 ex

939 1548 1054 1588 quibus
1072 1547 1278 1579 criminaliter
1300 1548 1419 1589 agitur:
1444 1547 1515 1587 quia
1541 1547 1731 1586 plerumque
1749 1556 1813 1580 tur-¹

941 1590 1026 1630 piter
1042 1612 1053 1628 ‚
1082 1587 1206 1626 semper
1230 1588 1270 1619 de
1293 1599 1326 1620 re
1349 1588 1495 1628 publica,
1527 1586 1572 1619 fit.
1620 1588 1725 1628 Atque
1748 1589 1811 1620 hoc

942 1631 1050 1662 nescio
1074 1639 1112 1661 an
1137 1629 1251 1662 Paulus
1268 1628 1424 1672 significet
1446 1630 1493 1660 lib.
1515 1638 1540 1660 1.
1564 1629 1692 1660 Sentent.
1716 1630 1762 1660 tit.
1784 1638 1813 1662 Ι.»

940 1671 969 1713 §.
986 1671 1041 1704 ult.
1067 1680 1155 1708 curn,
1180 1670 1228 1702 De
1244 1671 1428 1709 criminibus,
1453 1670 1574 1710 inquit,
1618 1676 1710 1712 ropter
1730 1670 1812 1712 insa-l

940 1714 1028 1746 miani
1043 1722 1122 1745 nemo
1136 1721 1202 1745 cuin
1218 1713 1382 1756 adversario
1396 1712 1501 1754 pacisci
1512 1677 1615 1753 potest.)

751 1865 962 1910 emur
1018 1865 1108 1910 VI.

39 1965 218 2022 Accustztori
241 1969 355 2007 nullam
379 1985 417 2008 ex
446 1973 651 2008 transactione
669 1973 703 2008 de
728 1974 854 2008 crimine
879 1971 935 2018 effi
958 1973 1129 2016 petitionem
1149 1981 1159 2004 .·
1185 1969 1240 2016 et'st
1261 1972 1334 2017 quid
1356 1983 1375 2006 a
1401 1984 1449 2007 reo
1461 1972 1695 2020 stipulatustsit.
1748 1966 1816 2009 stn-

108 2032 287 2070 peratores,
308 2022 518 2056 Diocletianus
536 2019 577 2060 ἐξ
599 2023 839 2064 Maximianus,
866 2020 991 2066 expositi
1013 2021 1033 2055 l.
1053 2031 1086 2062 9.
1116 2021 1147 2054 C.
1175 2022 1209 2055 de
1227 2021 1433 2056 contrahenda
1446 2023 1662 2069 stipulatione.
1705 2023 1815 2058 Etiam

111 2072 295 2108 Valerianus
315 2068 356 2109 Εὖ)
384 2072 541 2105 Gallienus
567 2071 586 2106 l.
606 2080 637 2115 3.
667 2071 698 2107 C.
725 2070 779 2105 Ad
805 2068 1104 2116 Senatnsconstlltum
1134 2068 1361 2114 Turpilianum.

125 2169 206 2199 eque
228 2159 260 2190 id
286 2158 396 2190 Paulus
421 2164 543 2189 tantum
567 2157 721 2196 testatur3
745 2156 797 2190 sed
822 2156 902 2189 Dio·

39 2162 116 2235 N
145 2201 297 2233 cletianus
318 2209 447 2240 quoque
472 2199 502 2230 δε
529 2199 741 2231 Maximianus
766 2208 901 2240 quorum

39 2239 226 2273 sententiam
249 2240 493 2282 investigamus:
534 2240 598 2272 hoc
624 2241 758 2281 amplius
789 2241 904 2271 volunt

40 2283 86 2314 illi
124 2283 358 2323 Imperatores,
398 2280 571 2313 accusatori
611 2283 663 2322 qui
701 2282 741 2313 de
770 2282 903 2312 crimine

39 2323 206 2365 transegit,
236 2323 351 2354 nullam
382 2332 422 2354 ex
449 2323 659 2354 transactione
682 2323 744 2354 esse
771 2323 899 2363 petitio-

38 2374 183 2404 nem3ne
199 2363 220 2395 si
235 2364 278 2395 ob
295 2364 503 2395 omittendam
520 2364 647 2401 quidem
665 2363 901 2396 accusationem

40 2407 114 2444 quid
138 2415 155 2437 a
173 2413 229 2438 reo
251 2405 410 2444 stipulatus
430 2404 475 2436 sit.
518 2404 625 2436 Verba
650 2404 846 2437 Diocletiani
871 2405 902 2436 δι’.

41 2445 246 2485 Maximiani,
277 2446 298 2478 fi
325 2447 393 2486 quis
416 2445 568 2486 inspicere
592 2446 686 2485 velit,
709 2446 838 2487 apposui
862 2455 903 2478 ex

41 2489 60 2519 l.
76 2497 105 2524 9.
129 2489 161 2519 C.
179 2489 211 2519 de
228 2488 419 2518 contrahenda
432 2485 632 2528 stipulatione.
655 2497 692 2519 ea
710 2488 806 2519 verba
822 2486 920 2518 sunt:

62 2529 219 2571 Siquidem
242 2527 353 2559 Zenoni
375 2526 534 2569 stipulanti
561 2530 660 2560 mortis
683 2529 729 2560 vel
758 2529 905 2560 cruciatus

102 2573 223 2610 corporis
240 2571 357 2601 territus
373 2571 471 2600 timore
480 2568 671 2610 spopondisti:
694 2571 832 2609 adversus
855 2579 904 2600 ex-

100 2613 251 2649 perientem
264 2611 423 2650 exceptione
436 2609 576 2651 proposita
590 2611 707 2651 defendi
718 2618 806 2652 potes.
851 2611 905 2642 Sin

106 2659 171 2681 vero
197 2652 269 2682 nibil
292 2652 348 2683 tale
367 2653 525 2692 probetur.-
554 2653 742 2692 accusationis
767 2649 907 2692 institutae

107 2691 152 2720 vel
160 2691 272 2729 futurae
284 2698 441 2731 praetextu,
464 2702 520 2724 non
536 2694 568 2723 ob
589 2699 716 2733 turpem,
733 2694 786 2734 secl
804 2694 906 2732 proba·

107 2730 186 2775 bilem
209 2734 320 2769 causam
342 2734 440 2764 habita.
461 2733 664 2774 stipulatione,
686 2733 825 2774 promiffio
848 2743 907 2765 non

107 2772 283 2810 infirmatur.
324 2773 377 2804 Sin
400 2781 495 2805 autem
509 2776 541 2805 ob
558 2785 614 2806 non
630 2773 838 2814 instituendam
859 2784 905 2805 ac·

108 2812 280 2851 cusationem
296 2815 420 2845 criminis
431 2817 554 2855 pecunia
567 2816 701 2856 pronzt'ffa
711 2816 771 2855 fit,
796 2825 860 2846 cuni
876 2816 909 2846 [le

106 2853 270 2893 hujusmodi
291 2853 379 2892 causis
392 2856 498 2896 pacisci
511 2865 570 2894 non
586 2856 688 2897 liceat,
705 2859 806 2899 petitio
826 2858 910 2887 dene-

104 2900 204 2935 gatar.

46 2934 142 2966 Facta
158 2935 189 2966 in
214 2935 272 2965 hac
296 2934 367 2975 lege
392 2938 556 2969 transactio
581 2939 664 2971 inter
685 2937 851 2970 Zenonem
879 2937 910 2968 &

45 2975 242 3016 Capitonem
267 2975 307 3007 de
331 2976 448 3008 delifto
473 2987 512 3009 ex
538 2988 602 3017 quo
623 2988 749 3020 poterat
773 2979 911 3011 civiliter

49 3017 80 3049 ἀ
96 3018 298 3048 criminaliter
320 3016 384 3057 agi:
407 3020 493 3057 quod
509 3020 615 3051 multis
637 3022 668 3052 in
693 3019 811 3052 casibus
834 3029 909 3051 con-

51 3059 173 3099 tingere
184 3081 192 3096 ,
210 3059 308 3089 docet
325 3067 382 3090 nos
398 3058 417 3088 l.
438 3060 516 3090 unic.
535 3060 567 3091 C.
584 3061 709 3104 Quando
726 3062 822 3092 civilis
837 3060 910 3092 actio

52 3100 195 3131 criminali
206 3100 381 3141 proejttdicet.
429 3099 510 3132 Cum
534 3110 610 3133 vero
625 3102 664 3133 de
686 3103 753 3142 jure
770 3103 835 3143 eius
857 3110 911 3143 pa-

50 3140 162 3172 trionis
184 3141 401 3179 dubitaretur,
431 3140 565 3173 consulti
588 3152 605 3174 a
630 3142 789 3188 Capitone
811 3142 911 3184 Impe-

49 3188 194 3221 ratores,
225 3183 253 3215 ei
276 3180 317 3213 sic
341 3181 590 3223 rescripserunt:
617 3183 638 3217 fi
663 3183 740 3224 ubi,
772 3183 910 3226 Capite,

945 2166 1034 2188 metu
1063 2157 1175 2188 mortis
1207 2158 1260 2189 vel
1286 2158 1442 2189 cruciatus
1469 2161 1614 2200 corporis
1641 2165 1770 2191 extorta
1798 2166 1817 2190 a

946 2197 1081 2229 Zenone
1110 2198 1147 2230 sit
1171 2199 1360 2238 promiffio:
1394 2209 1427 2229 es
1452 2201 1580 2240 quidem
1614 2201 1717 2233 subtili
1747 2201 1817 2240 juro

946 2240 1125 2280 obligatus3
1149 2240 1201 2270 sed
1219 2239 1364 2272 adversus
1383 2240 1486 2273 bonos
1508 2251 1623 2273 mores
1649 2251 1744 2282 potes
1763 2243 1819 2283 igi-

947 2289 996 2312 tur
1015 2290 1065 2319 te,
1089 2280 1110 2312 fi
1132 2281 1353 2320 conveniam,
1378 2281 1555 2314 defendere
1581 2283 1743 2324 proposita
1765 2292 1820 2314 ex·

945 2323 1116 2363 ceptione,
1148 2321 1248 2364 Quod
1272 2331 1375 2354 metus
1401 2323 1499 2354 causa.
1530 2326 1616 2364 quod
1642 2324 1663 2356 si
1689 2325 1720 2355 id
1752 2333 1819 2355 non

944 2363 996 2402 fit;
1022 2363 1073 2395 sed
1091 2371 1122 2394 te
1137 2363 1337 2404 probabilem
1357 2364 1400 2395 ob
1417 2365 1537 2396 causam
1556 2365 1721 2406 obligasti,
1743 2373 1818 2396 cum

945 2403 1129 2445 tranfigeres
1161 2405 1201 2436 de
1235 2405 1320 2436 civili
1355 2405 1384 2436 dt
1414 2407 1592 2446 pecuniaria
1628 2416 1668 2437 ex
1694 2406 1817 2437 delicto

945 2445 1087 2477 actione:
1111 2445 1197 2477 recte
1221 2447 1359 2484 teneris;
1390 2455 1451 2478 nec
1474 2448 1595 2487 poteris
1621 2455 1671 2486 te,
1695 2446 1716 2478 fi
1742 2456 1820 2479 con-

948 2488 1111 2525 veniaris,
1148 2496 1184 2517 ea
1210 2487 1405 2527 exceptione
1433 2488 1543 2527 tueri3
1583 2488 1638 2519 etsi
1667 2489 1745 2520 velis
1771 2490 1819 2520 uti

947 2536 1107 2569 praetextu
1123 2527 1332 2559 accusationis
1350 2527 1497 2559 institutae
1516 2529 1567 2561 vel
1584 2528 1699 2560 futurae
1725 2539 1820 2570 quarn

947 2571 1124 2600 metueris:
1151 2570 1224 2608 quia
1246 2578 1310 2600 non
1330 2569 1373 2600 ob
1390 2569 1510 2602 causam
1538 2579 1606 2601 eam
1630 2579 1756 2611 turpem
1773 2579 1820 2602 at-

949 2620 1012 2650 que
1036 2610 1280 2650 improbabilem
1307 2610 1411 2640 habita
1437 2610 1596 2652 stipulatio
1616 2611 1680 2651 est;
1704 2612 1756 2643 sed
1778 2622 1820 2644 ne

949 2651 1033 2682 civili
1058 2652 1087 2682 &
1113 2650 1294 2691 pecuniaria
1318 2651 1444 2682 afflone
1467 2654 1705 2686 conveniretis:
1729 2654 1819 2694 quod

949 2693 1038 2724 nullo
1052 2693 1120 2733 jure
1140 2692 1347 2731 improbatur.
1391 2693 1480 2734 Quid
1496 2716 1505 2732 ,
1529 2693 1550 2725 fi
1576 2695 1745 2735 pecuniam
1769 2695 1820 2727 sti-

948 2734 1070 2774 pulanti
1089 2733 1287 2772 promiseris,
1311 2743 1351 2765 ne
1375 2733 1522 2765 adversus
1547 2742 1579 2766 te
1603 2736 1743 2768 criminis
1766 2746 1817 2768 ac-

951 2773 1147 2805 cusationem
1165 2773 1305 2805 instituat
1322 2775 1337 2806 ἱ)
1357 2775 1419 2815 jam
1435 2776 1644 2817 denegabitur
1662 2779 1690 2809 ei
1714 2788 1754 2809 ex
1772 2777 1820 2808 ssi-

952 2815 1061 2855 pulatu
1079 2814 1181 2847 actio:
1205 2816 1277 2855 quia
1294 2816 1334 2846 de
1356 2817 1536 2856 hujusmodi
1559 2817 1674 2855 causis,
1698 2819 1820 2859 quales-

951 2865 1091 2895 cumque
1115 2855 1193 2894 fint,
1230 2857 1344 2896 pacisci
1372 2867 1437 2889 non
1470 2859 1563 2898 licet3
1587 2869 1659 2890 cum
1692 2870 1755 2891 non
1781 2858 1818 2889 sit

952 2897 1150 2937 probabilis,
1182 2896 1234 2929 sed
1260 2899 1359 2938 turpis
1386 2899 1415 2930 ἀ
1445 2899 1573 2939 illicita,
1613 2900 1694 2941 pacti
1718 2899 1818 2930 causa.

954 2937 1030 2970 Non
1061 2939 1154 2978 igitur
1176 2939 1260 2970 valet
1287 2940 1457 2972 transactio
1487 2942 1527 2972 de
1558 2941 1735 2973 omittenda
1760 2940 1820 2970 cri-

952 2979 1046 3010 minis
1063 2979 1181 3020 publici
1201 2988 1256 3011 aut
1273 2981 1386 3020 privati
1403 2982 1625 3017 accusatione;
1655 2989 1759 3020 neque
1778 2988 1820 3011 ex

953 3029 990 3051 ea
1005 3020 1098 3060 quid,
1121 3020 1176 3052 etsi
1199 3020 1327 3062 sequuta
1354 3022 1574 3063 stipulatione,
1598 3022 1678 3062 exigi
1704 3019 1818 3058 potest.

953 3070 990 3092 ac
1013 3060 1167 3093 veriffime
1190 3061 1344 3103 Ulpianus
1368 3064 1386 3094 l.
1410 3073 1437 3104 7.
1464 3064 1492 3105 §.
1515 3067 1560 3095 16.
1588 3063 1628 3093 D.
1647 3065 1680 3092 ae
1701 3061 1820 3102 patus,

953 3102 1150 3142 Generaliter,
1174 3104 1297 3145 inquit,
1321 3107 1430 3146 quoties
1441 3104 1559 3145 patiam
1575 3113 1592 3133 a
1605 3103 1675 3143 jure
1697 3105 1821 3134 commu-⁴

951 3147 983 3174 ni
1006 3149 1142 3175 remotum
1159 3143 1219 3184 esi,
1238 3146 1353 3183 servari
1369 3147 1418 3176 hoc
1442 3155 1498 3175 non
1523 3149 1645 3183 oportet.-
1671 3153 1722 3174 nec
1746 3144 1822 3186 lega-

951 3185 996 3218 ri.-
1017 3193 1066 3218 nec
1074 3185 1290 3228 jusjurandum
1311 3189 1344 3219 de
1359 3187 1408 3221 hoc
1423 3184 1573 3224 (idatium,
1597 3193 1631 3216 ne
1653 3185 1717 3227 quis
1731 3190 1821 3265 agpt,

1780 3235 1819 3259 ei*
