2036 3495
463 138 528 176 An
556 138 636 175 Lm.
665 133 729 174 IV.
766 134 863 173 Tir.
893 135 934 174 ΙΙ.
971 138 1065 189 Quod
1075 146 1171 175 metus
1187 135 1279 187 caiisa
1296 141 1503 188 gestiriizeri't.
1834 148 1877 190 85

85 235 185 273 puto,
210 229 283 271 quia
308 229 436 262 infamia
453 238 516 262 non
541 229 661 276 pendet
679 237 695 258 a
714 227 802 274 faffito
821 236 873 259 aut
891 229 959 277 opi-

80 274 180 305 nione
199 274 312 313 privati
330 272 480 304 hominis:
510 271 561 303 scd
579 280 594 301 a
607 278 694 316 ¹¹²¹]ef
718 279 751 300 ut
770 280 806 314 in*
822 272 897 301 loco
914 272 956 302 di-

86 314 181 346 Cluni.
200 315 243 346 est
261 315 354 355 igitur
370 313 546 346 meticulosi
565 312 704 343 hominis
716 334 725 348 ,
742 311 772 342 ὅ(
791 312 820 342 ie
837 320 956 344 terren-

1001 235 1099 261 ratum
1116 230 1184 271 effe,
1207 232 1283 265 quod
1299 232 1405 273 aliquis
1421 242 1477 262 non
1499 233 1569 274 quia
1587 233 1680 265 voluit
1696 233 1797 273 tatius
1813 234 1873 275 esi,

992 275 1043 309 sed
1060 273 1129 312 quia
1144 272 1258 303 coactus
1273 272 1321 312 esb.
1345 274 1417 305 nz’lJz't
1434 273 1529 305 [ruteni
1545 275 1648 315 rasere,
1669 282 1720 317 per
1739 287 1822 318 quem
1838 279 1874 308 it-

1000 313 1021 343 li·
1039 314 1226 354 izrcqy‘esuz't.
1250 315 1383 355 iniquum
1400 318 1474 346 enim
1489 320 1565 357 quod
1582 318 1772 357 relbz‘izdt'tur,
1789 319 1872 358 fucit·

81 356 129 387 tis.
157 357 241 388 idem
267 356 374 387 censet
397 356 547 395 Ulpianus
565 355 604 385 de
623 362 737 384 timore
755 353 884 393 alicujus
901 364 954 385 ve-
991 355 1120 394 fortium
1136 356 1194 394 ejus
1211 356 1370 396 quipaffics
1380 357 1438 396 est,
1454 367 1510 388 non
1522 361 1641 398 persona
1650 360 1800 399 facientis.
1826 361 1875 393 Ita.

79 398 219 429 xationis
244 401 272 429 d.
291 398 309 429 l.
325 406 352 437 7.
391 397 539 428 Similiter
562 395 647 434 ajunt
675 394 898 426 Diocletianus
922 398 952 427 dt
998 395 1060 426 est:
1085 405 1156 435 quia
1176 395 1297 427 Praetor
1313 400 1504 437 generaliter
1519 401 1682 440 iniprobat
1697 403 1786 442 quod
1808 412 1874 434 me-

76 439 296 470 Maximianus
316 439 335 469 l.
353 448 384 475 9.
404 438 437 469 C.
455 439 482 468 h.
504 444 525 468 t.
552 444 672 468 metum
694 445 757 467 non
773 437 951 476 jactationi-

997 445 1046 468 tiis
1071 436 1160 467 causa
1181 438 1303 478 gestum
1330 438 1384 477 fit3
1408 449 1468 471 nec
1483 441 1611 480 adjicit,
1634 451 1651 473 a
1667 452 1733 482 quo
1747 443 1873 484 gestum

76 480 136 512 bus
159 489 299 518 tantum,
323 479 373 511 sed
388 480 558 510 atrocitate
579 477 653 508 facti
676 479 890 518 comprobari,
915 488 952 509 ac
995 478 1047 510 fit:
1065 488 1214 519 apparet,
1232 489 1296 510 non
1314 482 1497 519 personam,
1516 482 1567 514 sed
1583 493 1668 522 rein,
1685 493 1817 525 notare3
1835 490 1874 517 ac·

75 522 161 554 belle
182 521 334 563 Ulpianus
349 521 368 552 l.
385 531 413 557 9.
435 521 475 551 Di
493 521 521 551 h.
539 526 560 551 t⁴
583 519 729 566 Memor,
753 521 874 566 inquit,
898 522 951 567 de-

73 563 186 595 bemus
204 563 348 604 accipere
366 562 552 602 praesentein
572 563 645 601 (etii
663 560 760 592 futuri
778 570 831 591 aut
849 571 949 594 immi·—

74 607 180 636 nentis
197 604 349 645 periculi)
373 613 438 636 non
458 604 671 642 suspicionem
696 603 852 633 insci-endi
870 604 944 643 ejus.

74 646 105 678 &
121 648 226 684 addit,
246 649 285 676 ita
305 646 517 685 Pomponium
534 645 668 676 ici-ibere
685 645 737 675 lib.
757 651 812 677 28:
836 654 946 683 putare

73 689 177 725 enirn,
193 695 311 719 metum
330 687 410 726 effe,
427 686 447 719 fi
463 688 568 719 illatus
584 685 629 717 cst
646 688 741 718 tiiiior
759 687 797 716 ab
817 688 943 726 aliquo:

69 729 101 761 id
118 729 180 767 est,
197 737 229 759 ut
245 738 307 770 ego
325 738 476 769 expono,
494 738 556 759 non
568 738 584 759 a
601 727 649 763 se,
670 727 720 758 scd
736 728 776 758 ab
791 728 853 758 aiio
864 737 946 767 quo:

73 771 240 808 quomodo
258 772 370 811 aliquid
382 771 433 811 jus
444 780 501 809 pro
512 771 566 801 alio
582 779 635 810 quo
647 769 716 810 jure
732 770 848 800 dicitur
866 770 885 799 l.
902 779 945 805 19.

70 810 114 843 1).
133 813 165 842 de
177 813 273 842 damn.
292 812 392 850 infecit.
427 812 502 843 lude
519 811 629 842 tractat
646 812 843 851 Pomponius
863 812 945 851 apud

72 852 244 894 Ulpianum
262 855 290 884 ri.
309 848 327 884 l]
344 864 372 890 9.
399 853 421 886 si
443 853 577 884 fundum
596 861 701 884 meum
721 853 944 898 dereliquero,

69 896 195 932 audito,
212 895 242 925 id
260 893 322 933 est,
339 904 410 926 cum
428 895 576 926 audiss‘ern
589 918 598 932 ,
615 896 703 933 quod
723 902 791 933 quis
808 903 881 940 cuin
899 903 945 924 aro

69 937 126 968 mis
144 937 289 973 veniret,
311 947 347 967 an
367 938 455 968 locus
471 936 505 968 iit
525 937 599 967 huic
618 936 742 966 Edicto.
776 935 806 966 <St
824 936 944 981 refert,

68 976 257 1010 Labeonem
269 978 466 1016 existimare,
483 978 598 1009 Edicto
616 978 724 1008 locum
744 986 808 1007 uon
823 976 903 1013 esse,
915 977 945 1008 &

69 1019 163 1051 Unde
181 1020 210 1049 vi
228 1020 428 1051 interdictum
446 1019 583 1058 cessare3
606 1028 643 1049 ac
659 1019 829 1058 praefatur,
854 1017 945 1064 Quoj

69 1062 153 1093 niam
176 1070 240 1092 non
266 1062 376 1092 videor
395 1063 424 1092 vi
449 1061 590 1101 deicstus
614 1062 667 1101 qui
696 1069 760 1091 non
778 1062 944 1098 expectavi

71 1102 186 1143 dejici,
211 1101 261 1134 sed
280 1103 406 1144 profugi
425 1103 519 1134 ultro.
567 1102 619 1133 Sic
637 1102 698 1132 ille.
724 1100 774 1132 sed
790 1102 881 1132 aliter
895 1100 945 1146 Ju-

71 1144 171 1176 lianus
189 1144 209 1174 l.
225 1153 274 1185 3-3.
294 1143 323 1186 §
342 1156 370 1176 2.
388 1144 429 1176 D.
448 1147 480 1175 de
496 1144 624 1184 usurpat.
643 1143 679 1178 ὅ)
696 1149 814 1183 usucap.
838 1143 943 1173 verbis

70 1185 286 1224 sequentibus.
312 1186 347 1216 Si
363 1187 494 1217 dominus
502 1187 597 1225 fiiizdz'
612 1185 736 1215 homines
752 1190 878 1215 armatos
895 1193 943 1214 ve*

70 1228 180 1258 nientes
194 1225 423 1266 existimaverit,
446 1234 532 1267 [itque
552 1228 594 1257 iter
607 1225 785 1266 profugerit:
797 1227 942 1272 ’quamvis

70 1278 150 1300 nemo
167 1278 263 1298 eorum
273 1269 407 1307 fundum
422 1267 561 1309 ingreffus
571 1267 596 1306 s
596 1269 688 1305 uerit,
711 1268 744 1311 ‘vt'
756 1266 880 1305 deyetzus
896 1276 941 1314 vt-

69 1312 162 1341 detur.
189 1309 308 1340 Verum
325 1309 474 1340 ass'entior
488 1309 611 1348 Jacobo
628 1308 864 1354 Cujacio‚qp1·0
881 1317 941 1339 exz-

59 1350 226 1392 flz'maveri't
242 1351 359 1391 legenti
377 1352 552 1381 extimuerit.
569 1351 736 1390 quomodo
752 1358 848 1380 etiam
867 1359 942 1381 con-

65 1393 141 1433 Jecit
167 1391 349 1429 narramus,
373 1392 448 1423 Not.
476 1401 568 1431 marg.
594 1391 732 1427 addens,
758 1389 787 1420 se
814 1393 842 1421 in
860 1390 941 1422 libro

68 1434 285 1474 manuscripto
310 1433 458 1474 reperisse
480 1433 665 1464 extiiiiaverit
684 1442 693 1461 .·
718 1433 801 1463 unde
821 1432 942 1464 sublata

68 1476 175 1512 litera,
199 1485 234 1513 a,
261 1474 353 1506 facile
371 1474 438 1506 fieri
455 1476 630 1505 extimuerit.
674 1472 728 1504 Est
745 1483 821 1505 vero
836 1474 877 1505 sic
892 1473 941 1520 Ju-

69 1515 144 1547 liani
163 1516 284 1555 sensus,
308 1517 337 1547 Si
356 1517 504 1548 dominus
521 1515 611 1560 fundi
629 1516 814 1546 extimuerit
837 1515 940 1547 homi·

69 1565 125 1589 nes
142 1565 278 1589 armatos
295 1567 375 1598 quos
395 1558 523 1588 videbat
540 1558 578 1588 ad
597 1557 625 1587 ie
644 1558 879 1596 venire,atque
897 1559 940 1588 ita

69 1598 252 1639 profugerit
265 1621 273 1637 ,
298 1599 484 1639 intelligitur
500 1601 530 1629 vi
550 1598 707 1637 dejectus,
725 1608 868 1637 quamws
886 1608 940 1629 ne-

70 1648 125 1671 mo
143 1648 252 1670 eorum
271 1638 403 1671 fundum
421 1639 570 1680 ingress‘us
587 1639 694 1671 fuerit.
725 1641 767 1670 ita
791 1640 940 1678 interest,

70 1689 176 1712 utrum
195 1689 263 1720 quis
289 1682 461 1718 audiverit,
488 1682 597 1712 venire
621 1689 757 1712 armatos
777 1680 940 1720 homines,

70 1731 108 1753 an
129 1723 251 1753 viderit.
277 1723 316 1753 de
334 1732 374 1753 eo
391 1723 442 1761 qui
458 1723 615 1753 audiverit
629 1724 758 1760 venire,
783 1724 847 1764 agit
864 1724 895 1754 in
912 1726 938 1755 d.

71 1764 91 1795 l.
110 1773 139 1799 9.
159 1763 372 1803 Pomponius,
389 1764 418 1795 dt
437 1763 611 1804 Ulpianus,
635 1763 664 1794 &
686 1763 815 1795 Labeo:
840 1765 879 1795 de
898 1774 939 1796 eo

69 1806 123 1843 qui
143 1806 220 1835 vidit
236 1806 273 1836 ad
292 1805 320 1835 l'e
337 1806 501 1837 venientes
516 1805 655 1846 Julianus
670 1806 697 1837 d.
715 1807 734 1837 l.
751 1815 800 1848 33.
816 1805 844 1848 §.
863 1816 890 1838 2.
910 1806 940 1839 &

69 1846 186 1878 Cicero
206 1846 262 1878 Pro
280 1847 402 1877 Caecina.

109 1888 172 1918 §ed
189 1889 291 1929 pergit
307 1889 337 1919 in
357 1887 470 1919 Edicto
502 1887 641 1927 Praetor,
667 1889 771 1933 Quod,
794 1889 939 1929 inquiens

66 1935 176 1967 metus,
199 1935 285 1968 causa
296 1927 408 1970 gestum
427 1933 499 1968 erit,
523 1936 619 1962 mitum
633 1941 690 1961 ‘non
709 1932 818 1961 habebo.
852 1931 939 1974 Quid

64 1972 197 2011 proprie
211 1969 247 2001 fit
264 1969 399 2011 Gestum,
424 1972 541 2003 indicat
557 1982 596 2003 ex
615 1971 769 2003 Labeone
786 1971 940 2013 Ulpianus

67 2012 88 2043 l.
102 2020 146 2048 19.
166 2011 204 2042 D,
228 2014 260 2042 (ie
275 2011 462 2054 verb.signi'f.
481 2012 531 2044 sed
548 2014 578 2044 in
595 2013 658 2044 hoc
670 2013 805 2053 Edicto,
823 2015 851 2045 ὅ(
871 2015 938 2055 qui·

64 2053 197 2084 busdam
207 2054 292 2092 aliis,
308 2054 429 2094 gestum
441 2053 501 2093 est,
519 2056 654 2094 qualiter
664 2055 798 2094 qualiter
807 2055 939 2096 gestum,

63 2094 129 2127 five
138 2094 354 2134 obligatione,
370 2095 433 2127 five
448 2096 655 2136 liberatione,
673 2096 736 2128 five
754 2098 938 2130 traditione.

65 2130 136 2166 haec
152 2137 237 2167 enirn
258 2136 370 2168 Editio
385 2136 635 2178 comprehendi,
653 2146 739 2170 totus
755 2139 875 2170 evincit
884 2139 939 2171 Ti-

66 2177 163 2208 tulus.
180 2178 249 2216 plus
261 2178 367 2210 scribit
384 2177 538 2219 Ulpianus
547 2180 565 2210 l.
576 2189 604 2216 9-
613 2186 657 2220 pr.
668 2180 696 2211 h.
707 2187 728 2211 t.
747 2179 765 2211 si
782 2179 869 2212 forte
886 2182 937 2212 ad·

63 2217 166 2248 hibita
182 2227 276 2250 manu
291 2219 321 2249 in
348 2229 421 2250 meo
439 2219 506 2251 solo
524 2229 580 2261 per
596 2223 659 2253 vim
675 2221 832 2257 aedifices,
857 2232 936 2262 quo-

67 2260 152 2291 niam
176 2266 264 2291 metu
289 2261 392 2300 patior
416 2261 448 2292 id
473 2269 505 2292 te
529 2261 657 2300 facere,
679 2263 708 2294 ἃ
731 2264 937 2296 interdictum

65 2300 166 2342 Quod
186 2311 213 2332 vi
231 2309 282 2332 aut
300 2302 402 2341 clam,
426 2303 455 2334 ὅ(
474 2302 536 2334 hoc
553 2303 700 2336 Edictum
720 2305 826 2336 locum
843 2305 937 2337 habe-

63 2350 107 2373 re.
134 2343 219 2382 quod
237 2342 257 2374 fi
277 2352 332 2383 per
351 2346 414 2375 vim
435 2345 491 2375 tibi
516 2345 735 2384 poffeffionem
753 2347 913 2378 tradidero
927 2370 936 2386 ,

62 2383 278 2423 Pomponium
303 2385 425 2423 dicere,
451 2384 566 2417 Edisto
591 2387 696 2418 locum
716 2386 799 2427 effe,
824 2398 935 2420 veruin

61 2425 265 2457 interdictum
282 2424 376 2458 Unde
393 2427 423 2458 vi
441 2426 571 2459 cess'are:
590 2429 740 2469 quoniam
759 2438 824 2461 non
845 2429 889 2461 est
906 2430 936 2461 vi

63 2466 221 2505 dejectus,
245 2469 299 2506 qui
320 2468 501 2508 compulsus
517 2468 561 2500 est
580 2471 610 2501 in
629 2470 850 2510 poffesfionem
866 2474 936 2503 mit-

65 2513 141 2538 tere.
157 2508 209 2538 Sic
220 2507 372 2548 Ulpianus
387 2511 417 2541 in
436 2512 452 2541 l.
464 2519 495 2550 5.
515 2509 547 2541 D
572 2512 605 2541 de
620 2513 654 2542 vi
668 2511 704 2545 &2⁹
720 2513 753 2543 vi
769 2522 840 2543 arm.
859 2522 936 2544 con-

64 2547 222 2587 jungenda
238 2558 310 2581 curn
326 2552 354 2581 d.
375 2551 394 2582 l.
411 2559 440 2587 9.
466 2553 594 2593 quando
611 2561 744 2594 utraque
760 2553 805 2585 est
824 2553 933 2594 Ulpia-

65 2589 118 2626 ni,
134 2596 229 2628 atque
243 2591 407 2632 allegantis
425 2592 658 2632 Pomponium,
677 2595 706 2626 ὃ(
726 2602 877 2635 praeterea
895 2605 935 2627 ex

66 2630 181 2661 eodem
197 2631 339 2663 librom.
359 2633 406 2664 Ad
419 2633 573 2667 Edictum.
593 2636 758 2668 Postremo
776 2645 868 2668 notat
880 2636 934 2668 Ul-

64 2670 175 2715 pianus
192 2672 220 2701 d.
238 2671 259 2714 l„
274 2682 302 2708 9.
322 2673 349 2714 ᾗ.
375 2684 402 2705 2.
432 2675 525 2707 etiam
548 2676 673 2708 aedificii
699 2678 934 2718 depositionem

64 2711 95 2742 ἂ
118 2712 196 2742 servi
220 2713 489 2747 manumiffionem
512 2719 550 2748 ad
575 2718 664 2758 hujus
686 2718 790 2750 Edicu
812 2719 933 2750 restitu-

64 2753 188 2783 tionem
210 2755 338 2794 porrigi.
384 2755 423 2786 Et
440 2765 543 2790 tamen
562 2759 592 2790 id
610 2759 651 2791 iic
673 2762 933 2801 temperandum:

63 2802 106 2824 ne
123 2795 317 2826 manumiffio
332 2797 424 2827 viaut
439 2805 526 2829 metu
542 2800 684 2840 expressa
695 2825 703 2839 ‚
721 2802 933 2834 rescindatur:

64 2834 119 2865 sed
134 2835 217 2866 acrio
233 2836 264 2866 in
275 2838 484 2875 quadruplum
495 2840 603 2879 detur3
620 2850 827 2883 praeterquam
845 2845 875 2875 in
886 2853 932 2874 ca-

64 2875 98 2907 su
108 2876 125 2906 l.
135 2885 162 2911 o.
173 2876 209 2910 &⁹
221 2886 264 2917 17.
277 2877 317 2908 D.
327 2876 391 2922 Qui
399 2878 436 2912 &2⁹
445 2888 462 2909 α
471 2882 547 2920 quib.
559 2883 718 2923 manumiff.
728 2884 774 2916 lib.
785 2885 935 2925 izoizflant.

104 2916 270 2949 Promittit
286 2919 380 2959 igitur
406 2920 541 2960 l'raetor,
566 2931 665 2955 ratum
681 2926 710 2955 se
726 2935 792 2958 non
811 2927 933 2957 habitu-

62 2967 133 2990 rum
146 2981 154 2996 ,
178 2960 267 2999 quod
282 2968 386 2991 metus
401 2961 490 2992 causa
506 2963 627 3002 gestum
645 2966 713 2996 erit.
753 2967 795 2998 Et
819 2969 874 3008 (ut
891 2968 933 2998 ait

63 2999 221 3040 Ulpianus
238 3001 255 3032 λ.
270 3010 296 3036 9.
308 3001 335 3042 δ.
350 3010 372 3032 ι.
384 3003 411 3033 b.
426 3003 468 3042 t.)
486 3006 801 3040 animadvertendum
813 3032 822 3047 ‚
846 3010 933 3048 quod

62 3041 186 3075 Praetor
204 3042 267 3073 hoc
278 3041 392 3074 Edicto
408 3046 598 3083 generaliter
613 3048 642 3078 &
660 3048 689 3078 in
702 3057 767 3081 rem
783 3052 934 3089 loquitur.

61 3083 160 3114 verba
187 3082 334 3123 Ulpiani:
358 3085 542 3117 Generaliter
567 3086 603 3121 ὅ)
623 3090 654 3119 in
675 3098 751 3128 rem,
775 3091 857 3123 idem
884 3100 934 3121 va-

64 3123 153 3161 lent;
176 3133 210 3156 ut
228 3127 258 3157 in
276 3126 294 3156 l.
316 3135 343 3166 7.
362 3126 390 3168 ᾗ.
415 3132 444 3160 8.
463 3126 504 3158 D.
522 3130 555 3158 de
568 3129 670 3167 pastis.
695 3132 783 3170 quod
803 3142 880 3163 vero
896 3133 935 3164 ad

59 3165 108 3205 jus
123 3168 255 3203 attinet,
278 3167 320 3198 fic
345 3170 493 3207 praeclare
516 3169 585 3201 infit
606 3171 746 3209 Seneca,
773 3172 881 3212 Pater,
906 3176 933 3206 d.

62 3206 108 3236 lib.
126 3216 156 3244 4.
174 3207 349 3248 Controvers.
366 3213 415 3240 26.
438 3210 544 3252 Neque
561 3212 626 3243 Lex
642 3214 789 3245 adhibenti
801 3218 861 3246 vim
877 3218 932 3246 im-

53 3250 162 3287 Jci'tur.
170 3249 225 3289 sed
233 3249 313 3291 paffo
329 3250 492 3289 liiocurri't:
507 3252 741 3295 &iniquarum
754 3257 890 3298 videtur,
901 3258 931 3290 ia

995 530 1071 551 vere
1091 520 1197 560 lubjici
1216 522 1254 551 ab
1274 520 1412 562 Ulpiano
1431 525 1457 554 d.
1474 523 1501 565 §.
1518 532 1543 556 1.
1559 524 1618 561 Δρ.
1639 525 1713 557 ideo
1729 527 1804 558 nihil
1825 537 1873 558 re<

994 560 1079 592 ferre
1091 585 1100 600 ,
1115 572 1131 592 a
1149 572 1214 601 quo
1233 563 1335 594 illatus
1348 563 1382 595 sit
1400 574 1521 596 metus:
1537 574 1642 597 utrum
1659 566 1817 606 finguiaris
1833 567 1871 603 sst

989 603 1143 643 persona,
1167 613 1204 634 an
1226 605 1385 644 populus,
1410 606 1460 637 vel
1476 607 1582 644 curia,
1607 609 1656 639 vel
1675 610 1871 650 collegium,

989 646 1039 675 vel
1056 653 1192 685 corpus:
1209 655 1225 676 a
1243 654 1449 687 quocumque
1468 649 1552 678 enim
1576 649 1621 679 vis
1640 648 1720 680 facia
1739 650 1794 690 fit,
1817 651 1868 682 fo-

989 695 1023 717 re
1040 686 1235 718 huicizldisto
1254 688 1370 718 locum.
1388 689 1486 720 Addit
1499 698 1605 721 tamen
1625 688 1868 731 Ulpianus‚ex—

989 729 1052 766 cipi
1065 738 1081 757 a
1092 728 1292 767 Pomponio,
1312 729 1376 760 Nisi
1393 731 1511 770 aliquid
1525 740 1541 761 a
1557 738 1590 762 te
1604 740 1784 772 acceperO,
1801 743 1869 774 quo

990 769 1087 809 magis
1101 778 1133 799 te
1149 776 1255 800 tuerer
1271 773 1311 801 de
1328 772 1358 801 vi
1377 771 1534 811 hostium,
1552 773 1601 804 vel
1619 774 1799 813 latronum,
1816 776 1869 808 vei

989 811 1112 849 populi.
1132 818 1228 850 atquc
1244 812 1407 851 eleganter
1425 814 1544 854 inquit:
1562 816 1731 853 nimirum,
1749 824 1784 847 ut
1799 818 1868 849 illa·-

989 860 1019 881 ta
1045 852 1101 881 tibi
1127 860 1164 881 ea
1189 853 1219 882 in
1244 851 1348 893 specie
1366 857 1411 885 vis
1429 854 1483 893 fit3
1510 862 1616 888 tamen
1635 856 1655 888 fi
1672 856 1736 896 ipse
1754 857 1808 889 {im
1825 859 1867 890 ab

988 902 1024 923 ea
1035 893 1173 930 alienus3
1190 903 1253 923 non
1271 895 1377 925 debeo
1389 906 1451 936 ego
1468 897 1520 935 qui
1540 898 1596 928 tibi
1614 898 1721 939 profui
1737 901 1866 940 optimo

987 933 1143 970 consilio,
1165 934 1229 964 hoc
1255 934 1370 966 Edicto
1394 939 1507 968 teneri.
1532 939 1598 970 imo
1621 941 1735 972 videor
1759 942 1868 982 potius

987 974 1143 1014 accepisse
1161 985 1268 1015 operae
1288 986 1367 1007 meae
1384 981 1586 1019 mercedem,
1613 991 1709 1022 quam
1731 990 1868 1024 propter

988 1016 1052 1047 vim
1070 1026 1106 1047 ac
1124 1016 1208 1047 malo
1226 1027 1325 1048 more.

1028 1059 1082 1088 Ait
1107 1067 1206 1098 porro
1230 1059 1371 1098 Praetor,
1397 1061 1509 1093 Ratum
1532 1073 1589 1094 uon
1606 1065 1718 1097 habebo.
1763 1066 1866 1100 Hisce

987 1100 1094 1130 verbis
1120 1100 1283 1139 improbat
1307 1111 1404 1132 omne
1429 1105 1516 1142 quod
1534 1105 1569 1136 fit
1590 1107 1616 1136 vi
1636 1115 1689 1137 aut
1708 1116 1796 1139 metu
1810 1118 1866 1150 ge·

987 1140 1087 1172 stum:
1104 1141 1134 1172 in
1154 1142 1260 1182 primis
1277 1141 1296 1172 si
1315 1144 1391 1182 quid
1406 1145 1450 1175 ob
1471 1146 1534 1176 hoc
1552 1147 1628 1178 abiit
1647 1149 1710 1179 vim
1729 1159 1782 1181 aut
1798 1159 1866 1181 ine·

988 1190 1053 1213 tum
1072 1182 1167 1222 passo.
1194 1182 1268 1214 Non
1281 1186 1410 1221 quidem
1428 1187 1527 1226 liquet
1545 1188 1607 1218 hoc
1618 1188 1720 1221 Edicit
1737 1192 1864 1225 verbim

986 1223 1037 1255 sed
1054 1223 1252 1264 consequens
1269 1225 1332 1256 effe
1350 1229 1448 1258 menti
1466 1230 1496 1259 dt
1513 1228 1675 1261 sententiae
1695 1231 1843 1264 Praetoris
1855 1256 1868 1272 ,

985 1274 1049 1296 non
1068 1267 1167 1296 modo
1184 1268 1328 1306 ratione,
1347 1268 1399 1299 sed
1418 1269 1446 1299 δι
1466 1269 1643 1309 posteriore
1659 1272 1758 1305 Ediffi
1777 1275 1864 1315 capi-

988 1314 1040 1344 te,
1064 1308 1261 1348 intelligitur.
1295 1309 1425 1340 Interim
1443 1318 1611 1350 putemus,
1639 1323 1710 1345 eum
1731 1317 1866 1354 pollice·

986 1349 1031 1386 ri,
1055 1349 1086 1379 in
1113 1350 1271 1390 integrum
1293 1350 1458 1383 restituere
1480 1357 1567 1393 quod
1588 1364 1643 1395 per
1660 1357 1781 1387 caulam
1800 1367 1865 1388 me·

986 1397 1035 1420 tus
1049 1390 1125 1429 juris
1138 1391 1310 1422 subtilitate
1327 1392 1364 1423 fit
1382 1393 1532 1426 amissum.
1559 1405 1630 1427 nam
1643 1396 1682 1435 fi,
1699 1406 1732 1429 ut
1751 1399 1866 1431 ionant:

987 1431 1090 1462 Edicii
1109 1432 1223 1471 verba,
1241 1443 1304 1464 non
1323 1433 1419 1466 babet
1436 1444 1539 1467 ratum
1553 1438 1640 1476 quod
1651 1438 1794 1472 estinetu
1810 1451 1868 1482 ge-

987 1473 1085 1505 stum:
1103 1473 1304 1506 manifestum
1317 1475 1380 1514 est,
1397 1477 1598 1517 quidquidfit
1616 1488 1705 1511 metu
1721 1482 1867 1522 gestum,

986 1515 1184 1554 rescindere,
1211 1515 1262 1547 seu
1286 1517 1466 1559 negligere,
1491 1519 1555 1550 hoc
1578 1519 1643 1559 est,
1667 1522 1722 1553 illo
1742 1523 1864 1556 habere

985 1558 1104 1595 modo,
1120 1566 1184 1596 quo
1195 1567 1282 1596 erat,
1298 1567 1466 1599 antequam
1479 1561 1652 1593 intervenit
1663 1572 1777 1596 metus.
1796 1575 1865 1598 erat

984 1606 1090 1629 autem
1110 1607 1175 1629 tuin
1193 1601 1349 1639 integi-um
1367 1601 1414 1640 jus
1433 1603 1520 1639 quod
1532 1602 1650 1635 deinde
1666 1613 1722 1644 per
1740 1613 1865 1639 metum

981 1640 1056 1679 juris
1075 1640 1314 1680 scrupulositate
1332 1642 1377 1673 est
1392 1643 1557 1675 sublatum.
1598 1645 1651 1676 Ait
1669 1646 1766 1687 igitur
1781 1648 1865 1680 Prae»

986 1689 1056 1719 tor,
1082 1681 1192 1712 Ratum
1208 1692 1264 1713 nori
1285 1684 1405 1715 habebo.-
1428 1694 1489 1716 nec
1505 1686 1591 1717 addit
1609 1695 1743 1727 tempus.
1772 1691 1862 1723 nullo

983 1724 1076 1763 igitur
1090 1732 1237 1764 tempore
1249 1723 1379 1756 habebit
1394 1727 1612 1769 ratuml.21.§
1638 1737 1660 1760 1.
1672 1730 1699 1760 h.
1710 1735 1732 1761 t.
1752 1729 1804 1762 De
1820 1738 1862 1764 eo

983 1766 1175 1803 videndum,
1199 1775 1273 1797 num
1299 1767 1439 1806 intersit,
1463 1777 1567 1800 utrum
1587 1770 1774 1810 imperfecta
1792 1783 1862 1813 res,

984 1806 1015 1837 id
1034 1806 1097 1844 est,
1123 1815 1245 1838 tantum
1265 1808 1431 1848 promissa,
1450 1811 1593 1843 nondum
1612 1813 1723 1843 tradita
1740 1813 1796 1853 fit,
1819 1825 1861 1848 an

981 1848 1042 1888 jam
1059 1848 1094 1879 fit
1113 1848 1273 1888 perfetta,
1299 1851 1330 1881 id
1346 1849 1411 1889 est,
1427 1853 1600 1884 traditione
1618 1855 1862 1890 consummata?

984 1890 1046 1920 Sed
1063 1899 1128 1921 non
1147 1900 1245 1930 puto,
1269 1892 1434 1924 interesse:
1457 1894 1528 1933 quia
1554 1894 1597 1925 est
1621 1897 1777 1936 generalis
1801 1898 1863 1931 ser-

983 1941 1037 1963 mo
1056 1954 1065 1969 ,
1090 1931 1188 1974 Quod
1207 1941 1310 1963 metus
1327 1933 1416 1965 causa
1431 1935 1554 1975 gestum
1570 1937 1631 1968 erit
1645 1960 1654 1976 ,
1675 1945 1777 1971 ratum
1795 1949 1861 1974 non

984 1973 1121 2004 habebo.
1147 1972 1181 2004 fit
1199 1983 1306 2006 autem
1331 1976 1519 2015 dupliciter,
1542 1986 1576 2009 ut
1597 1988 1647 2010 res
1671 1979 1861 2021 imperfesta

984 2025 1048 2046 non
1065 2015 1217 2046 habeatur
1228 2025 1302 2048 rata.
1326 2018 1460 2051 primum
1472 2021 1667 2060 exceptione
1679 2020 1778 2063 Quod
1795 2033 1861 2055 ine-

984 2065 1032 2087 tus
1051 2057 1159 2096 causa3
1176 2057 1194 2087 si
1213 2057 1380 2095 prornifl'or
1397 2068 1516 2091 metum
1531 2060 1628 2099 paffus
1645 2065 1861 2098 conveniatur

982 2098 1108 2129 afflone
1125 2109 1165 2129 ex
1181 2098 1336 2138 stipulatu.
1362 2100 1478 2132 deinde
1494 2102 1621 2134 afflone
1637 2103 1737 2146 Quod
1755 2114 1860 2140 metus

983 2139 1089 2171 causa:
1103 2139 1158 2171 nifi
1176 2139 1369 2172 adversarius
1387 2143 1626 2182 promiffionem
1645 2154 1733 2177 metu
1749 2156 1860 2180 extor·

980 2189 1062 2220 tarn,
1081 2182 1171 2213 tollat
1184 2192 1239 2221 per
1254 2184 1534 2222 acceptilationem
1552 2186 1571 2216 l.
1589 2196 1618 2223 9.
1636 2186 1665 2228 ᾗ.
1682 2197 1713 2227 3.
1732 2188 1771 2219 D.
1788 2190 1816 2220 h.
1835 2195 1858 2223 t.

980 2226 1067 2263 qnod
1078 2222 1097 2254 fi
1115 2233 1162 2253 res
1171 2224 1206 2253 iit
1215 2225 1436 2256 numeratione
1447 2226 1608 2265 perfecta:
1627 2229 1732 2267 potest
1743 2230 1860 2263 rescin-

980 2265 1010 2296 di
1027 2264 1151 2295 athone
1162 2263 1262 2307 Quod
1273 2274 1375 2297 metus
1389 2268 1495 2299 causa:
1512 2268 1566 2300 etii
1583 2271 1748 2309 morianas,
1762 2281 1859 2310 quam

979 2306 999 2338 fi
1018 2314 1151 2345 utraque
1163 2309 1192 2338 dt
1209 2306 1408 2347 stipulatio&
1427 2311 1607 2341 numeratio
1625 2320 1711 2342 metu
1729 2321 1858 2346 extorta

980 2348 1025 2379 fit.
1043 2356 1114 2378 nain
1132 2347 1153 2379 si
1171 2348 1233 2379 sola
1251 2356 1380 2381 extorta
1395 2350 1430 2381 sit
1448 2353 1645 2384 numeratio:
1663 2354 1771 2394 potest
1788 2357 1857 2396 qui·

981 2390 1053 2420 dem
1069 2389 1138 2420 aliis
1156 2389 1276 2430 legibus
1295 2391 1358 2423 ess'e
1376 2392 1484 2430 locus;
1503 2392 1555 2423 sed
1573 2393 1655 2425 aerio
1674 2393 1774 2437 Quod
1792 2407 1858 2429 ine-

981 2438 1031 2461 tus
1055 2430 1145 2461 causa
1169 2431 1281 2462 cess'at:
1308 2433 1381 2472 quia
1398 2441 1431 2464 ut
1448 2436 1627 2466 numeratio
1644 2435 1726 2468 facta
1745 2437 1781 2469 sit
1799 2448 1858 2480 per

979 2479 1121 2504 metum:
1145 2480 1177 2504 at
1195 2473 1353 2513 stipulatio
1379 2483 1481 2505 metus
1499 2475 1589 2507 causa
1614 2476 1695 2509 fasta
1719 2489 1783 2511 non
1810 2481 1858 2512 est

978 2514 998 2545 l.
1022 2522 1067 2545 12.
1086 2513 1115 2555 §.
1132 2514 1185 2546 ult.
1206 2514 1245 2545 D.
1264 2515 1293 2546 h.
1313 2522 1332 2546 t.
1358 2514 1478 2547 Eadem
1496 2517 1620 2548 ratione
1635 2518 1656 2551 fi
1676 2519 1738 2552 sola
1753 2520 1789 2553 fit
1806 2522 1857 2554 sti-

979 2555 1101 2596 pulatio
1120 2556 1149 2586 vi
1168 2563 1221 2587 aut
1237 2564 1324 2587 metu
1344 2565 1491 2597 extorta,
1510 2560 1638 2591 traditio
1658 2565 1854 2595 numeratio-

979 2606 1020 2628 ve
1037 2606 1103 2628 non
1121 2596 1174 2628 fit:
1200 2596 1292 2628 cessat
1314 2597 1477 2636 EdiCtuim
1503 2610 1613 2632 verum
1630 2605 1793 2636 condictio
1810 2606 1853 2636 ob

978 2637 1101 2669 causam
1126 2647 1251 2677 turpem
1271 2647 1325 2670 aut
1340 2640 1482 2680 injustam
1500 2642 1709 2676 nihilominus
1725 2647 1854 2678 dabitur

977 2680 996 2711 l.
1014 2688 1042 2719 7.
1063 2679 1104 2711 D.
1122 2681 1155 2710 cle
1171 2679 1289 2710 condier.
1308 2682 1340 2712 ob
1355 2687 1432 2723 turp.
1451 2685 1526 2722 σαπῇ
1554 2684 1670 2724 Plane,
1694 2687 1714 2719 fi
1731 2697 1852 2720 metum

979 2720 1097 2761 paffus,
1114 2722 1202 2752 malit
1219 2729 1328 2753 vetere
1338 2726 1473 2762 experiri
1489 2725 1634 2766 actione,
1650 2728 1752 2760 sivein
1769 2739 1853 2768 rem,

980 2762 1082 2793 sivein
1101 2762 1265 2802 personam
1277 2786 1286 2801 ,
1302 2765 1411 2796 omiffa
1428 2765 1526 2809 Quod
1537 2777 1641 2800 metus
1652 2770 1739 2801 causa
1753 2770 1851 2800 aetio-

978 2812 1042 2841 ne,
1060 2806 1103 2834 ait
1128 2802 1280 2844 Ulpianus
1297 2807 1323 2836 d.
1340 2807 1358 2837 l.
1378 2816 1405 2843 9.
1424 2807 1452 2850 §.
1469 2818 1497 2846 4.
1521 2810 1570 2849 jus
1586 2810 1667 2843 ess‘e:
1690 2820 1761 2842 narn
1780 2821 1851 2849 pcr-

978 2847 1062 2876 mitti
1081 2847 1111 2876 in
1131 2855 1195 2876 rem
1214 2846 1388 2887 astionem,
1403 2849 1544 2890 rescissa,
1569 2852 1599 2882 id
1618 2852 1682 2890 est,
1706 2852 1850 2892 neglecta

979 2887 1167 2917 traditione:
1190 2889 1219 2918 in
1242 2888 1406 2927 personam
1433 2901 1531 2930 vero,
1555 2891 1694 2930 rescissa,
1717 2892 1779 2923 sive
1796 2902 1851 2924 ne·

977 2927 1098 2968 glesta,
1122 2930 1368 2969 acceptilatione
1387 2933 1436 2963 vel
1455 2934 1512 2964 alia
1530 2934 1726 2963 liberatione.
1768 2932 1851 2966 Uera

978 2978 1083 3000 tamen
1100 2979 1207 3011 agatur
1223 2971 1368 3012 actione,
1386 2983 1451 3005 non
1468 2974 1513 3005 est
1530 2974 1662 3004 ‹iii-ecta:
1685 2975 1777 3013 (nain
1795 2976 1850 3008 illa

978 3010 1117 3042 extincta
1131 3012 1206 3051 juris
1225 3012 1397 3046 subtilitate
1414 3024 1581 3054 numquam
1600 3015 1778 3056 reviviscit)
1795 3018 1849 3050 sed

979 3052 1024 3083 est
1041 3053 1141 3089 utilis,
1168 3054 1199 3084 id
1215 3054 1279 3092 est,
1299 3056 1511 3093 restitutoria‚
1529 3065 1568 3085 ex
1586 3055 1731 3088 Praetotis
1750 3059 1849 3099 aequi-

979 3101 1044 3124 tate
1056 3095 1211 3135 recipiens
1222 3104 1366 3129 veterem
1383 3098 1567 3138 qualitatem
1579 3105 1671 3136 quam
1682 3122 1691 3137 ,
1709 3107 1743 3130 ut
1761 3101 1848 3139 dixi,

977 3136 1050 3175 juris
1066 3135 1238 3168 subtilitate
1255 3139 1407 3170 amiserat.
1433 3139 1492 3174 ita,
1517 3146 1620 3170 utrum
1646 3141 1782 3179 directa,
1807 3151 1847 3174 an

977 3177 1064 3215 utili,
1082 3178 1208 3210 actione
1225 3188 1352 3220 agatur,
1369 3180 1446 3210 nihil
1465 3178 1610 3210 interest:
1626 3181 1680 3213 nisi
1697 3185 1783 3222 quod
1799 3184 1847 3214 di-

974 3219 1057 3250 recta
1080 3220 1124 3250 est
1150 3229 1318 3261 perpetua:
1342 3221 1410 3251 haec
1434 3228 1556 3251 tantum
1583 3226 1741 3264 competit
1765 3225 1846 3256 intra

972 3262 1230 3334 annumltditilem,
1246 3270 1280 3294 ut
1289 3261 1360 3302 post
1372 3262 1506 3295 dicetur.
1524 3270 1676 3302 praeterea
1692 3265 1842 3305 interest,

1135 3312 1154 3344 3
1758 3309 1846 3349 quod
