2036 3495
162 75 230 109 266

163 161 296 194 nomine
313 159 344 190 in
362 167 413 190 eas
429 157 607 191 aaronem,
626 152 677 183 vel
696 153 734 182 ab
754 151 801 182 liis
820 149 1035 190 petitionem,

166 203 242 235 dari.
274 200 372 243 Quod
389 207 423 230 ut
436 197 569 238 probem
581 218 589 232 ,
614 193 735 234 poffem
752 191 865 223 testem
883 191 1036 222 adhibere

166 242 336 284 Ulpianum
363 240 382 270 l.
408 249 438 270 2.
460 245 505 278 pr.
534 235 570 269 δ”
588 234 617 275 §.
637 243 663 266 1.
683 233 726 265 D.
745 234 802 264 eod.
820 234 866 264 tit.
890 232 944 263 sed
961 241 1038 271 prae·

165 285 242 322 stat,
255 281 317 324 ipsa
333 281 492 311 adducere
501 277 635 309 Senatus
655 275 753 306 verba
769 275 808 305 de
826 273 940 314 quibus
953 280 1037 313 qua:-

168 327 257 357 ritur.
302 321 439 352 Primum
456 319 498 350 ait
515 318 669 355 Senatus,
692 314 742 348 M.
762 315 897 346 Silanum
914 313 951 349 ὅ)
970 313 1038 345 Vel-

168 366 256 407 lejzcm
275 362 427 399 Tutorem,
454 359 607 399 Consules,
631 359 720 388 verba
728 355 829 397 feczjffe
843 357 876 387 de
891 356 1039 400 obligatio-

167 408 251 438 nibus
259 403 453 444 foeminarum
471 411 533 441 quae
548 406 598 437 pro
616 399 682 430 aliis
702 408 753 430 reae
764 398 881 437 fierenm
917 394 1040 437 Signifi-

168 454 220 478 cat
235 453 340 476 autem
350 467 360 483 ,
372 442 510 475 retulisse
522 439 678 474 Consules
693 440 733 471 de
751 438 953 480 prohibenda
971 446 1040 468 om-

167 489 199 520 ni
219 494 322 518 rerum
340 483 609 526 personarumque
626 481 885 528 obligatione'ex
901 489 962 520 qua
978 477 1039 524 sq:-

168 529 261 562 minae
276 536 336 568 pro
353 527 422 558 allis
439 524 607 557 conveniri
623 523 750 554 afflone
772 531 804 554 m
826 530 893 568 rem
905 543 928 568 ⁵.
939 521 992 552 vel
1008 529 1040 566 m

168 569 363 611 personam,
388 567 514 606 poffint.
542 564 634 597 -Huc
656 565 742 595 enim
767 571 874 604 pergit
901 571 968 602 ejus
993 570 1040 592 vis

169 610 360 646 locutionis,
384 608 458 654 Quae
470 614 524 649 pro
538 607 605 638 aliis
620 605 806 644 reaefierent:
832 613 865 635 ut
883 603 983 643 liquet
999 611 1042 634 ex

170 654 191 685 l.
208 661 258 689 29.
277 651 320 683 D.
336 652 395 682 eod.
416 651 459 681 til:r
478 650 510 681 in
527 657 587 689 qua
604 645 646 679 stc
660 648 825 688 recipitur.
852 645 981 677 Deinde
998 645 1043 675 ait

169 694 324 731 Senatus,
348 692 436 738 Quod
454 692 500 721 -ad
517 687 712 730 fidejuffiones
737 687 774 722 &⁹
796 687 895 719 mutui
916 687 1044 717 dationes

170 737 274 778 quibus
291 741 346 776 pro
371 734 437 765 aliis
461 730 668 771 intercefferinc
682 731 812 769 foemz'nae
830 729 976 769 pertimt:
998 733 1043 758 ta·

171 775 252 815 metsi
275 782 344 807 ome
365 775 483 806 videtur
495 775 538 804 ita
550 773 604 813 jus
617 771 726 802 distum
742 770 812 811 effe,
835 779 871 800 ne
886 779 914 801 eo
931 769 1045 816 nomine

172 819 210 851 ab
226 819 270 849 bis
279 817 399 858 petitio,
421 824 494 846 neve
508 815 540 845 in
556 823 603 846 eas
618 812 691 844 αὲἶίο
709 814 811 851 detur,
829 820 896 842 cum
909 820 956 842 eos
971 819 1045 841 vm-

172 860 249 892 libus
269 857 370 900 officiis
389 857 483 897 fungi
497 878 507 894 ‚
543 855 581 889 ἐξ
604 855 667 897 ejus
688 855 804 895 generis
828 853 1047 893 obligationibus

173 899 312 942 obstringi
333 908 390 931 non
407 896 449 936 sit
474 906 606 939 (equum,
630 896 769 927 arbitrari
790 895 949 933 Senatum,
973 892 1048 924 reste

173 948 261 984 atque
275 941 372 972 ordine
381 939 518 981 fasturos
533 941 571 970 ad
587 947 657 980 quos
672 939 704 968 de
719 947 751 969 ea
769 946 799 969 ro
814 936 918 978 injure
934 936 1050 966 nclitum

174 986 229 1015 eri-t
240 1007 250 1022 ‚
267 981 295 1021 fi
315 983 445 1013 dederim
462 987 594 1022 operam,
617 986 652 1010 ut
667 980 698 1010 in
712 988 745 1010 σα
759 985 791 1009 re
805 978 932 1008 Senatus
945 977 1048 1007 volun·

173 1031 218 1057 tas
236 1024 375 1064 servetur.
424 1022 467 1054 Et
492 1028 650 1063 apparet,
672 1029 738 1052 non
768 1021 871 1051 minus
897 1018 1046 1056 Senatui,

174 1075 269 1107 quam
297 1063 491 1097 Consulibus
501 1062 598 1103 {esse
616 1061 840 1102 propositum,
865 1060 1015 1092 foeminas
1032 1068 1049 1090 a

175 1108 400 1148 qualicumque
423 1115 484 1147 pro
509 1105 579 1136 aliis
600 1104 824 1135 interceffione
846 1126 855 1141 ‚
888 1110 1049 1148 tamquam

176 1150 216 1181 ab
232 1149 343 1180 officio
362 1147 460 1186 virili,
486 1147 516 1178 &
532 1145 691 1178 foeminini
716 1144 805 1176 sexus
833 1139 1049 1186 infirmitatem

176 1191 382 1232 egrediente,
394 1194 583 1228 removere;
602 1186 657 1223 etsi
673 1192 796 1218 tantum
805 1183 1050 1230 fidejzsffionestac

176 1233 273 1264 mutui
289 1231 418 1262 dationes
435 1227 591 1271 appellen
618 1227 702 1260 Nam
725 1228 836 1268 (quod
851 1227 1050 1266 Pomponius

176 1273 308 1314 attingit
321 1272 340 1304 l.
359 1282 409 1313 32.
428 1271 458 1314 §r
476 1279 505 1304 2.
525 1270 567 1303 D.
586 1268 644 1303 eod.
663 1269 731 1310 tic.)
748 1268 811 1300 huc
827 1267 946 1308 spectat
962 1274 1049 1298 totus

174 1315 309 1346 Senatus
335 1312 459 1351 sermo,
483 1321 524 1344 ne
547 1312 680 1352 exejus
703 1310 829 1352 generis
844 1309 1050 1350 obligationi-

177 1356 236 1387 bus
247 1378 256 1394 ‚
272 1365 289 1386 a
309 1355 421 1396 quibus
436 1361 524 1387 arcet
538 1353 708 1392 fceminas,
724 1352 763 1382 ab
780 1351 828 1383 his
844 1351 980 1391 petitio,
997 1359 1049 1381 ne-

177 1406 218 1430 ve
233 1397 267 1430 in
285 1405 336 1429 em
353 1396 456 1437 aetio,
473 1396 584 1429 deturz
601 1394 737 1437 perinde
754 1393 834 1435 utin
847 1392 972 1424 illarum
988 1400 1048 1433 pro

426 68 685 104 GnnAnnr
735 64 930 99 Νοοοτ
983 61 1475 96 ΟΒεειῑνΑτιοΝυΜ
1526 59 1672 96 L113.I.

1079 149 1157 180 viris
1184 147 1243 180 suis
1269 148 1545 181 interceffionibus
1561 156 1636 182 ante
1653 149 1854 186 observatum
1872 149 1948 188 fuis·

1078 189 1131 228 se,
1154 191 1185 221 in
1208 190 1402 222 antecess'um
1426 190 1504 222 dixi.
1545 189 1589 222 Et
1612 191 1653 223 de
1675 192 1800 225 afflone
1823 203 1892 234 quae
1914 197 1947 230 iu

1080 231 1247 273 personam
1264 232 1371 270 venit,
1395 240 1482 263 certa
1507 240 1557 262 res
1574 231 1640 270 est;
1664 241 1738 264 cum
1759 235 1872 266 mulier
1888 245 1948 275 pro

1080 273 1147 304 aliis
1158 280 1212 303 aut
1232 275 1332 304 mutui
1350 273 1481 305 datione
1498 280 1551 303 aut
1561 272 1780 314 fideiuffione,
1796 283 1864 315 quae
1880 276 1950 310 sunt

1084 313 1217 345 Senatus
1245 315 1411 355 exempla,
1434 314 1626 347 interceffit:
1650 315 1724 355 quia
1749 315 1798 346 his
1819 316 1953 351 alienam

1083 355 1315 395 obligationem
1335 358 1365 387 in
1382 355 1550 401 personam
1567 356 1650 387 suam
1663 355 1809 397 suscepit.
1833 356 1955 391 Verum

1083 398 1172 436 quod
1189 397 1229 428 ad
1245 397 1437 437 petitionem
1449 405 1568 429 attinet
1583 406 1654 438 quae
1671 397 1703 429 in
1719 406 1787 429 rem
1803 397 1849 429 est
1860 421 1870 437 ‚
1888 399 1954 439 eius
1975 393 1977 421 ἶ

1085 438 1154 478 quis
1179 438 1249 470 usus
1273 439 1305 469 in
1329 437 1528 479 fidejussione
1550 446 1604 470 aut
1626 439 1728 470 mutui
1746 439 1878 470 datione
1893 439 1955 473 ess'e

1084 479 1216 519 potest?
1241 487 1274 511 at
1298 480 1327 511 in
1357 481 1492 520 pignore
1519 489 1585 520 quo
1605 480 1710 512 minus
1727 480 1892 519 obtineat,
1912 481 1958 513 ni-

1084 520 1248 560 hilvetat3
1263 529 1337 552 cum
1359 521 1473 552 mulier
1490 522 1556 561 eJus
1575 521 1808 553 constitutione
1822 522 1958 556 alienam
1987 520 1989 522 ’

1084 562 1319 603 obligationem
1337 571 1403 594 non
1426 562 1460 593 in
1477 562 1644 603 personam
1663 562 1769 602 suam3
1789 561 1842 594 sed
1858 563 1889 594 in
1907 572 1957 596 res

1084 602 1171 642 suas,
1194 603 1352 635 admittat.
1385 602 1486 645 Quod
1502 603 1523 635 fi
1540 603 1603 636 est:
1628 604 1798 645 probatum
1815 603 1881 643 est,
1903 604 1956 637 Se-

1085 651 1195 676 natum
1222 641 1426 684 fidejuffionis
1451 654 1488 676 ac
1510 646 1612 677 mutui
1637 646 1775 678 dationis
1792 645 1958 678 mentione

1088 686 1219 726 quidem
1231 686 1276 716 uti
1295 695 1354 726 pro
1369 686 1525 727 exemplis
1541 686 1774 719 interceffionis
1785 710 1795 726 ,
1821 686 1874 718 sed
1891 696 1958 719 om-

1086 735 1160 759 nem
1179 726 1325 759 foeminis
1341 727 1599 760 intercessionem
1624 728 1799 769 prohibere
1819 727 1883 759 fine
1898 729 1958 762 dis-

1088 770 1242 800 crimine:
1266 767 1412 809 prorsus,
1436 776 1471 800 ut
1487 768 1507 801 fi
1525 778 1620 810 quam
1637 768 1771 801 alienam
1786 769 1957 811 obligatio-

1088 819 1181 843 nem:
1199 819 1318 842 novam
1336 817 1390 841 aut
1409 817 1573 850 veterem,
1597 811 1628 843 in
1646 810 1796 852 personas
1814 809 1898 849 suas,
1915 811 1961 844 in·
2010 829 2029 845 ι,

1089 861 1128 883 ve
1145 859 1195 884 res
1214 851 1280 883 suas
1291 874 1300 891 ‚
1318 852 1371 883 vel
1387 852 1629 899 participando,
1645 852 1698 883 vel
1717 851 1961 893 transferendo,

1089 893 1277 934 suscipiant,
1302 893 1375 935 quia
1391 902 1451 934 pro
1468 893 1535 925 aliis
1554 893 1780 934 intercedunt,
1803 893 1891 925 recte
1905 903 1962 926 no-

1090 936 1126 966 ]it
1149 935 1302 974 Senatus,
1324 942 1377 966 aut
1399 934 1439 966 ab
1462 934 1510 967 his
1533 935 1747 975 petitionem,
1773 942 1827 967 aut
1850 936 1883 967 in
1906 944 1959 968 eas

1090 976 1268 1015 actionem,
1293 976 1358 1008 (lari
1375 975 1395 1007 l.
1412 980 1440 1010 8.
1466 983 1511 1018 pr.
1529 976 1565 1011 ὅ)
1590 976 1620 1019 §.
1642 986 1670 1009 1.
1691 977 1711 1008 l.
1729 985 1776 1013 29.
1796 975 1839 1008 D.
1856 978 1924 1008 item
1937 976 1959 1009 l.

1090 1027 1120 1055 4.
1140 1017 1178 1052 &³
1194 1017 1215 1049 b.
1237 1022 1284 1052 18.
1302 1018 1336 1049 C.
1353 1018 1412 1049 eod.
1429 1018 1474 1049 tit.
1500 1018 1608 1059 Atque
1627 1017 1698 1049 haec
1713 1017 1805 1049 causa
1818 1016 1883 1057 est,
1906 1025 1963 1051 cur

1091 1059 1230 1092 Veteres
1248 1059 1312 1090 hoc
1328 1059 1648 1092 Senatuscousultum
1664 1069 1730 1091 non
1747 1059 1801 1091 De
1816 1058 1964 1091 foemina-

1091 1110 1161 1132 rum
1183 1100 1446 1140 Fideiuffionibus
1464 1100 1495 1132 ἃ.
1513 1100 1624 1133 Mutui
1642 1100 1826 1133 dationibus
1851 1110 1911 1142 pro
1932 1110 1963 1133 a·

1093 1143 1141 1174 liis
1152 1165 1162 1181 ‚
1179 1141 1231 1174 sed
1249 1142 1302 1174 De
1321 1141 1600 1174 Interceffionibus
1611 1166 1621 1182 ‚
1636 1142 1799 1184 appellent
1816 1143 1836 1174 l.
1853 1151 1902 1179 29.
1917 1140 1962 1174 D.

1093 1182 1130 1218 ὅ)
1138 1185 1158 1215 l.
1174 1193 1219 1220 19-
1232 1184 1266 1215 C.
1277 1185 1334 1215 eod.
1347 1185 1394 1215 tit.
1403 1184 1422 1215 I.
1432 1193 1483 1222 40.
1492 1185 1525 1216 de
1533 1183 1709 1216 condictione
1717 1184 1835 1216 indebiti
1844 1194 1852 1216 :
1862 1184 1939 1215 item
1948 1206 1961 1223 ,

1093 1226 1191 1256 curin
1209 1225 1276 1265 ejus
1294 1225 1494 1257 enarratione
1513 1228 1613 1268 magis
1624 1233 1807 1266 exponant,
1823 1225 1900 1266 quid
1916 1226 1963 1257 in-

1093 1267 1301 1306 terceflione,
1317 1275 1412 1307 quarn
1428 1268 1506 1307 quid
1520 1266 1718 1308 fidejuffione
1728 1275 1782 1299 aut
1794 1267 1896 1299 mutui
1913 1266 1965 1297 da·

1092 1309 1203 1348 tione,
1226 1308 1521 1348 comprehendatur
1543 1310 1563 1342 l.
1591 1319 1618 1341 1.
1639 1315 1689 1350 pr.
1713 1308 1732 1339 l.
1761 1308 1835 1350 2.§.
1851 1308 1905 1339 ult.
1924 1306 1962 1342 ἐπ’

1091 1349 1111 1382 l.
1129 1354 1158 1384 8.
1172 1356 1221 1390 pr.
1239 1348 1276 1384 ὅ)
1290 1349 1320 1390 §.
1341 1359 1369 1382 1.
1391 1349 1434 1382 D.
1458 1350 1509 1383 Act
1532 1350 1822 1392 Senatusconsultum
1839 1348 1963 1391 Velleja-

1091 1400 1174 1423 num.

642 1515 969 1568 FINIS
1038 1514 1394 1568 LIBRI
1457 1516 1494 1567 I.

491 1646 1592 1734 ‚osssnRvATioNUM

1771 3201 1963 3238 GER’ARo
