2036 3495
480 74 552 108 Dr.
592 72 800 106 Paetis
841 81 900 106 ET
943 70 1488 109 TRANSACTIONIBUs.

89 176 148 199 tur.
178 173 350 205 numquam
370 163 453 195 enim
473 160 610 193 servatur
627 161 750 202 patiam
772 160 810 191 de
829 158 960 190 crimine

88 207 222 245 factum,
247 216 286 238 ne
310 205 435 247 capitali
453 203 592 244 quidem.
618 205 648 233 <St
667 201 711 233 est
729 200 853 241 insignis
871 210 960 231 error

85 248 351 285 existimantium,
370 245 564 278 contrarium
584 242 747 284 significari
764 244 802 274 ab
822 241 958 281 Ulpiano

93 291 111 322 ι’,
136 290 189 321 ult.
216 289 256 320 D.
282 291 315 320 {le
333 286 595 328 prevaricatione,
634 285 663 316 6:
690 283 955 323 imperatoribus,

49 326 50 329 ¹
88 331 299 363 Diocletiano
327 331 355 361 (St
383 327 604 364 Maximiano,
627 325 646 357 l.
667 330 714 360 18.
736 325 768 355 C.
794 326 827 355 cie
844 330 957 355 transa-

89 373 238 404 ttionibus.
257 381 328 403 nam
340 371 425 411 quod
441 369 479 399 ad
497 366 668 408 Ulpianum
678 366 819 411 attinet,
832 366 855 396 is
872 374 958 396 num-

89 423 201 454 quam,
225 423 263 443 ne
280 421 335 452 per
353 411 505 442 somnium
521 409 665 449 quidem,
684 407 854 448 cogitavit,
872 406 960 447 quod

90 456 118 486 ei
136 454 330 485 adscribitur.
360 453 454 490 Sci03
477 452 539 490 ait,
562 449 600 481 In
615 451 740 480 omnibus
758 446 867 486 caulis,
888 455 959 488 prce-

90 503 219 536 zerquam
241 496 273 525 in
288 494 437 534 sangnine
459 493 509 532 qui
524 490 676 522 delatorem
692 491 835 530 corrupit,
858 499 894 520 ex
911 489 959 519 Se-

90 536 303 573 natnscons'ulta
316 542 368 576 pro
383 533 458 565 vitto
473 533 601 563 babetur.
626 532 688 563 Sed
707 531 754 562 liis
772 532 876 561 verbis
893 540 959 561 non

89 578 206 619 probat
223 573 355 618 'pastum
376 576 414 605 (le
438 573 562 613 capitali
584 573 715 604 crimine
738 571 876 610 factum3
899 580 959 602 nec

93 620 179 657 vult,
197 618 229 649 id
248 617 358 649 servari
378 623 467 646 certo
485 614 581 645 Civili
599 614 688 654 Jure:
713 621 834 644 tantum
851 613 959 653 (quod

91 661 189 691 miror
211 668 274 690 non
297 655 548 689 animadvertisse
572 663 622 686 tot
644 656 792 696 praeclara
815 655 959 695 ingenia)

91 701 254 740 indigitat,
281 709 368 730 reum
395 700 424 729 in
441 696 530 728 causa
546 696 716 737 sanguinis,
741 695 760 728 si
778 705 871 735 quam
887 705 961 726 cum

91 742 232 772 delatore
250 740 365 771 fecerit
382 738 626 770 transactionem
639 761 648 777 ,
672 739 715 768 ob
738 746 806 768 eam
825 746 889 768 non
909 736 960 767 lia-

90 783 157 813 beri
176 791 233 821 pro
251 781 357 820 vict03
382 781 412 812 id
430 779 491 817 est,
510 788 574 810 non
592 779 713 819 puniri:
737 787 770 809 ut
788 780 961 818 puniuntur

92 825 144 864 qui
162 823 192 854 in
208 823 274 854 aliis
293 822 355 854 fisci
379 821 605 862 quaestionibus
622 821 797 852 delatorem
819 828 959 850 corrum-

91 872 191 905 puiit;
214 863 276 895 sive
300 865 434 903 pecunia
457 864 527 894 data
545 871 617 893 cum
642 862 785 893 delatore
802 859 960 901 paciscun-

93 914 159 944 tur,
177 915 214 936 ne
233 904 368 936 accuset.
393 905 424 935 id
441 913 483 934 eo
499 903 602 934 verius
620 901 753 940 censeo,
770 902 857 940 quod
875 902 960 932 idem

91 945 247 987 Ulpianus
265 947 284 979 l.
296 956 345 983 29.
366 944 406 976 D.
426 946 459 975 [ie
470 943 608 985 jzirefifci
624 943 712 975 simili
731 944 849 981 modo,
864 941 959 983 Ejtls,

91 989 211 1028 inquit,
235 990 285 1029 qui
308 987 458 1017 delatorem
483 986 629 1026 corrupit,
652 995 684 1015 ea
707 985 829 1015 conditio
847 981 906 1023 est,
927 989 962 1013 ut

86 1036 142 1070 pro
165 1028 242 1060 vibio
269 1030 420 1060 habeatur:
441 1037 508 1058 nam
526 1028 557 1057 in
568 1026 714 1066 fiscalibus
734 1024 826 1063 causis
851 1026 881 1055 iol
899 1033 961 1054 con-

86 1069 227 1112 stitutum
242 1069 288 1110 esi.
313 1069 353 1100 Et
370 1077 473 1099 tamen
484 1069 514 1099 in
532 1069 550 1099 l.
566 1077 591 1099 1.
603 1067 643 1098 D.
660 1069 691 1097 de
707 1068 783 1097 bonis
800 1075 893 1096 eorum
913 1066 963 1106 qui

94 1112 347 1151 antesenientiam
371 1110 492 1145 scribit,
518 1108 554 1139 ln
578 1108 747 1149 capitalibus
763 1107 929 1138 criminibus
944 1116 963 1136 α

96 1153 282 1190 Principibus
298 1153 434 1183 decretum
450 1150 519 1190 effe,
541 1159 597 1180 non
614 1157 710 1180 nocere
725 1150 751 1179 ei
765 1150 815 1188 qui
828 1147 962 1186 adversa-

93 1196 170 1224 rium
189 1196 330 1234 corrupit:
344 1194 396 1232 sed
413 1193 444 1222 in
468 1192 511 1221 bis
535 1192 646 1221 demum
665 1199 725 1230 quse
736 1196 851 1230 poenom
867 1189 964 1218 mortis

95 1236 251 1266 continent.
277 1244 345 1264 nam
369 1232 565 1274 ignoscendum
590 1230 722 1271 censuiffe
737 1231 762 1260 ei
778 1230 829 1270 qui
843 1229 962 1269 sangui-

95 1285 159 1306 nem
174 1276 258 1313 lirum
273 1275 396 1316 qualiter
414 1273 537 1314 qualiter
552 1273 725 1311 redemptum
742 1272 844 1301 voluit.
889 1270 963 1301 Nec

95 1317 153 1348 alia
175 1316 219 1347 est
243 1315 395 1346 sententia
412 1315 511 1353 impp.
532 1312 704 1343 Dioletiani
722 1313 751 1342 <St
775 1311 961 1342 Maximiani

96 1359 126 1389 in
143 1358 170 1388 d.
188 1357 206 1388 l.
230 1362 276 1390 18.
304 1357 341 1388 ad
369 1355 523 1386 Libellum
543 1354 703 1393 cujusdam
721 1352 882 1390 Valentis,
907 1352 962 1383 lio-

94 1398 186 1430 minis
203 1398 333 1438 privati,
345 1396 582 1427 rescribentium
599 1397 628 1425 in
641 1394 708 1425 iiaec
726 1394 832 1424 verba.
846 1393 961 1431 Transi-

92 1449 158 1482 gere
172 1440 217 1470 vel
228 1440 335 1479 pacisci
349 1439 381 1468 de
396 1438 513 1468 crimine
530 1436 649 1476 capitali
658 1440 787 1475 ‚excepto
804 1435 959 1473 adulterio,

91 1481 265 1522 prohibitam
291 1489 346 1510 non
370 1476 427 1518 eft:
451 1479 481 1508 in
504 1477 568 1508 aliis
587 1483 681 1508 autem
696 1477 816 1517 publicis
833 1477 960 1507 crimini-

96 1525 165 1561 bus,
187 1532 247 1562 quie
255 1520 414 1561 stinguitur
428 1527 541 1559 paenanz
557 1528 613 1549 non
627 1520 784 1560 ingerunt,
808 1516 962 1559 tranfigere

94 1573 152 1594 non
169 1563 251 1601 licet,
276 1565 347 1593 citra
359 1561 431 1600 falsi
447 1560 662 1599 accusationem.
708 1559 760 1590 Sic
777 1560 861 1590 enirn
879 1560 962 1590 acci-

95 1605 246 1644 piendum
264 1603 308 1635 est
326 1602 542 1642 Rescriptum,
566 1600 647 1641 quasi
668 1600 793 1633 Valenti
812 1600 852 1632 de
873 1609 963 1632 more

95 1644 290 1684 consulenti,
308 1654 376 1685 quae
393 1641 559 1675 transactio
577 1643 616 1673 de
631 1641 814 1674 criminibus
830 1642 964 1681 publicis

95 1685 196 1724 satta,
220 1686 323 1718 evitet
346 1684 412 1717 salsi
438 1681 691 1722 accusationem,
714 1689 768 1716 aut
785 1681 840 1713 sub
859 1692 895 1714 ea
918 1692 965 1714 re-

95 1727 272 1767 linquatur,
295 1727 359 1758 hoc
373 1725 600 1766 respondeatur
619 1725 729 1757 modo.
774 1723 964 1765 Postquam,

97 1767 215 1801 Valens
226 1767 344 1808 ,visum
355 1765 639 1807 PrincipibuS,reo
654 1775 719 1798 non
735 1773 853 1798 nocere
870 1772 965 1798 trans·

1807 86 1879 124 457

1001 159 1160 192 actionem
1174 183 1183 199 ,
1201 168 1355 202 corrupto
1371 163 1400 193 in
1420 161 1606 202 capitalibus
1624 163 1808 196 criminibus
1824 166 1878 196 ad·

1002 201 1159 233 versario:
1184 202 1301 233 deinde
1325 212 1389 234 non
1415 203 1520 244 potest
1541 204 1569 235 ci
1588 205 1616 236 in
1644 205 1689 237 his
1712 205 1874 241 prohibita

1002 242 1122 274 censeri
1148 244 1336 282 transaCti03
1360 245 1545 285 utique,‘ut
1569 247 1612 277 ob
1638 255 1707 278 earn
1729 245 1783 278 fiat
1799 256 1872 278 reus

1001 283 1084 314 falsi:
1106 293 1177 315 nam
1193 283 1249 315 etsi
1268 285 1433 317 transaffio
1451 287 1490 318 de
1510 287 1557 318 his
1574 285 1642 318 fieri
1662 288 1783 329 legibus
1800 297 1873 328 pro—

1001 324 1164 363 hibeatur,
1188 325 1218 356 δε
1240 325 1322 357 faeta
1345 327 1464 358 incidat
1482 328 1513 359 in
1529 327 1596 359 falfi
1613 330 1750 362 crimen:
1773 328 1808 360 fit
1827 337 1873 360 ta-

1001 375 1076 398 men
1100 365 1281 406 Principum
1308 368 1502 400 humanitate
1517 392 1526 406 ,
1549 376 1583 400 ut
1604 368 1667 403 falsi
1694 380 1789 410 poena
1813 380 1871 402 reo

1001 406 1182 448 sanguinem
1210 407 1296 439 suum
1320 410 1456 449 qualiter
1480 411 1614 450 qualiter
1632 412 1824 451 redimenti,
1848 412 1873 447 i-

1000 448 1179 490 gnoscatur.
1196 450 1388 490 aliteratque
1404 451 1435 482 in
1445 452 1628 484 criminibus
1640 453 1794 494 sanguinis
1806 463 1873 494 poe-

1002 499 1075 521 nam
1091 499 1156 521 non
1175 492 1402 531 ingerentibus.
1426 501 1496 524 nam
1514 493 1544 524 in
1562 493 1609 524 his
1625 503 1689 525 non
1703 494 1807 534 potest
1825 504 1875 526 re-

1001 540 1037 562 us
1064 530 1252 572 transigere,
1276 534 1349 572 quin
1376 532 1441 565 falsi
1463 534 1594 566 crimine
1615 542 1775 568 teneatur:
1799 536 1873 576 quia

1001 582 1066 604 non
1084 573 1201 612 placuit
1218 572 1437 614 Principibus,
1455 585 1511 606 reo
1526 575 1556 606 in
1570 575 1616 606 his
1628 585 1698 615 quae
1713 586 1776 608 non
1795 586 1873 608 con-

1003 614 1104 645 tinent
1124 614 1276 655 sanguinis
1293 624 1440 655 poenam,
1463 615 1526 648 five
1548 617 1765 649 transactionis
1778 641 1788 654 ,
1810 617 1875 649 five

1004 657 1239 695 corruptionis,
1256 656 1286 687 id
1305 657 1348 687 est
1360 680 1368 695 ,
1386 658 1509 697 peccati
1529 658 1652 690 veniam
1669 659 1753 690 dare.
1770 658 1872 701 Quod

1003 696 1098 735 fiest,
1114 705 1147 727 ut
1164 696 1208 727 est
1223 698 1429 729 veriffimum:
1447 698 1570 739 prorsus
1586 699 1660 731 mihi
1679 699 1872 740 persuadeo,

1003 746 1068 769 non
1095 736 1232 777 spectare
1260 739 1323 770 hoc
1351 738 1543 772 Diocletiani
1561 740 1590 772 ἀ
1608 740 1793 772 Maximiani
1810 741 1873 772 Re-

1003 778 1152 824 scriptum
1169 780 1207 809 ad
1225 778 1371 812 Ettritum
1389 781 1535 813 Praetoris
1560 784 1599 814 de
1615 782 1712 822 pactis
1729 791 1873 814 conven-

1002 826 1062 865 tis,
1079 827 1113 850 ut
1130 819 1192 850 huc
1203 829 1302 859 usque
1317 822 1356 852 ab
1373 823 1521 854 omnibus
1537 824 1694 855 creditur:
1712 833 1772 855 nec
1788 833 1804 855 a
1819 833 1873 855 me

1002 869 1158 900 impetro,
1173 870 1214 891 ne
1230 862 1449 902 negligentiae‚
1469 866 1497 895 δι
1515 865 1643 904 quidem
1660 864 1763 897 crassae
1779 874 1816 896 ac
1832 866 1875 896 la-

1004 909 1044 931 tae
1058 900 1200 945 accusem
1220 902 1300 947 juris
1317 902 1413 934 nostri
1430 905 1652 937 Architectos:
1675 907 1728 947 qui
1754 907 1785 938 id
1803 906 1873 938 col-

1003 942 1149 988 locarunt
1167 942 1220 972 sub
1237 941 1350 974 Titulo
1368 943 1514 984 Codicis,
1533 946 1584 977 De
1598 947 1873 979 transactionibus.

1002 993 1069 1015 non
1084 992 1167 1014 enim
1185 982 1229 1014 est
1246 984 1336 1022 liujus
1346 983 1447 1016 Tituli
1464 986 1552 1025 finis,
1569 990 1692 1020 tradere
1709 998 1745 1020 ac
1763 988 1875 1021 defini-

1003 1034 1056 1062 re,
1073 1024 1200 1065 quando
1218 1025 1388 1056 transactio
1404 1027 1550 1058 adversus
1570 1028 1655 1070 leges
1665 1029 1747 1062 faeta
1763 1031 1803 1062 de
1813 1030 1874 1061 cri-

1005 1066 1169 1097 minalibus
1186 1063 1250 1096 fisci
1267 1066 1510 1107 quaestionibus,
1527 1068 1592 1100 falsi
1608 1070 1809 1102 accusatione
1825 1080 1876 1102 ca-

1004 1106 1151 1147 stigetur:
1176 1106 1228 1137 sed
1253 1115 1323 1146 quae
1351 1107 1387 1138 sit
1411 1109 1457 1139 vis
1481 1111 1700 1142 transactionis
1724 1112 1876 1143 derebus

1004 1148 1135 1187 privatis
1159 1157 1263 1188 neque
1279 1148 1356 1178 dolo
1373 1150 1476 1187 malo,
1501 1160 1606 1191 neque
1623 1152 1770 1184 adversus
1787 1154 1876 1193 leges

1003 1187 1105 1220 faCtae.
1123 1189 1207 1220 nulla
1223 1189 1319 1230 igitur
1333 1188 1396 1220 fuit
1411 1190 1500 1221 causa
1517 1193 1657 1230 ponendi
1675 1193 1739 1226 hoc
1755 1193 1877 1225 Rescri-

1004 1238 1094 1270 ptum
1113 1229 1167 1260 sub
1182 1228 1317 1269 Titu10,
1342 1230 1394 1262 De
1418 1233 1699 1273 transactionibus,
1723 1235 1761 1266 ad
1778 1244 1876 1274 quem

1004 1280 1068 1303 non
1085 1271 1241 1312 pertinet:
1258 1273 1353 1312 magis
1368 1274 1530 1312 oportuit,
1546 1274 1682 1315 aliquam
1699 1276 1727 1306 ei
1743 1275 1815 1316 eligi
1834 1275 1878 1306 se-

1005 1312 1078 1344 dem
1105 1312 1187 1344 libro
1206 1312 1339 1345 Codicis
1364 1323 1474 1353 nono,
1497 1315 1549 1346 ubi
1566 1316 1605 1346 de
1623 1316 1808 1348 criminibus
1822 1326 1878 1347 co-

1005 1363 1139 1394 rumque
1164 1354 1287 1392 poenis,
1311 1362 1364 1385 aut
1389 1358 1517 1387 decimo
1534 1379 1544 1394 ,
1568 1357 1621 1387 ubi
1645 1358 1686 1388 de
1711 1357 1790 1389 Fisci
1809 1358 1877 1398 J'ure

1005 1396 1115 1436 agitur.
1161 1394 1281 1426 Verum
1313 1395 1378 1427 hoc
1401 1397 1431 1428 in
1461 1398 1694 1436 praesentiarum
1719 1399 1825 1430 obiter
1849 1399 1880 1430 δε

1006 1435 1090 1477 quasi
1107 1436 1137 1467 in
1154 1435 1341 1468 transcursu.
1379 1446 1450 1469 nam
1469 1439 1499 1470 id
1511 1462 1521 1478 ‚
1546 1439 1575 1470 δί
1593 1438 1613 1470 si
1630 1441 1704 1480 quid
1725 1450 1879 1481 praeterea

1004 1478 1144 1518 pertinet
1169 1478 1208 1508 ad
1231 1477 1382 1509 illustrem
1406 1480 1487 1510 hanc
1510 1480 1718 1519 quaestionem
1742 1481 1880 1513 infelici-

1005 1526 1054 1550 ter
1073 1517 1247 1561 expositam
1264 1519 1414 1552 haetenus
1429 1521 1467 1551 ab
1486 1520 1718 1560 Interpretibus
1731 1521 1815 1554 fama
1832 1523 1881 1554 iu·

1005 1560 1090 1601 genii
1111 1567 1208 1600 atque
1234 1561 1422 1593 eruditionis
1444 1562 1541 1602 longe
1566 1563 1735 1595 clarissimis
1751 1586 1760 1600 ,
1784 1563 1881 1595 extri-

1005 1602 1098 1640 cavi,
1122 1610 1214 1641 quam
1237 1603 1350 1640 potui,
1373 1602 1606 1643 diligentiffime
1629 1603 1709 1637 libro
1736 1603 1882 1645 singulari

1006 1651 1102 1683 quem
1120 1641 1275 1682 inscripsi,
1292 1641 1509 1674 Diocletianum
1524 1643 1560 1678 ἐξ
1579 1644 1819 1683 Maximianum,
1834 1644 1881 1684 s-

1005 1693 1042 1715 ve
1058 1685 1092 1715 cle
1106 1683 1301 1715 transactione
1323 1682 1359 1718 ἐξ
1380 1684 1513 1724 pactione
1535 1687 1704 1718 criminum:
1725 1685 1813 1718 simul
1835 1687 1880 1718 ibi

1007 1724 1243 1798 offensdi’'haec
1267 1726 1295 1757 d.
1315 1725 1336 1756 l.
1357 1731 1403 1761 18.
1428 1725 1545 1767 verba,
1570 1727 1698 1769 ExcePto
1719 1728 1879 1768 adulterio,

1007 1776 1025 1798 e
1054 1777 1071 1798 e
1099 1775 1198 1808 puria.

773 1870 982 1907 CAPUT
1038 1871 1176 1908 XVII.

506 1967 508 1970 >
526 1948 575 1984 De
592 1947 796 1983 tratisat‘iione
810 1947 1024 1983 alimentorum
1041 1959 1082 1983 ex
1098 1948 1247 1984 Oratione
1263 1948 1306 1983 D.
1322 1949 1441 1986 Marci.

98 2061 278 2134 Longum
297 2058 383 2090 foret
393 2081 402 2097 ,
421 2057 440 2089 si
453 2057 568 2089 vellem
578 2081 586 2096 ‚
598 2057 704 2089 omnia
720 2066 863 2089 enarrare
877 2057 966 2096 pasta

175 2109 335 2131 conventa
351 2109 420 2139 quae
433 2098 508 2130 fiant
523 2098 668 2130 adversus
682 2099 787 2139 leges,
803 2106 900 2138 atque
915 2099 966 2129 ad-

99 2141 203 2174 versus
221 2142 377 2181 publicam
395 2141 581 2172 utilitatem:
598 2149 658 2171 nec
674 2147 778 2171 tamen
795 2140 966 2180 praeteribo

100 2182 343 2219 transactionem
360 2183 399 2213 de
415 2181 571 2212 alimentis
590 2181 698 2212 ultima
717 2181 884 2212 voluntate
899 2181 968 2211 reli-

102 2224 168 2255 ctis.
195 2232 264 2254 nam
284 2233 337 2261 ea,
359 2222 412 2253 nisi
434 2222 552 2254 Praetor
569 2222 678 2253 auctor
695 2220 767 2260 fiat,
786 2222 967 2254 transactio-

100 2274 173 2296 nem
196 2264 384 2302 admittere,
409 2262 449 2295 D.
475 2263 605 2295 Marcus
629 2264 731 2294 vetuit
757 2262 913 2294 Oratione
936 2263 967 2294 in

100 2305 217 2337 Senatu
234 2305 379 2336 recitata:
403 2313 475 2335 cuin
493 2314 528 2334 ea
545 2304 714 2335 transactio
734 2312 806 2335 ante
824 2305 908 2335 nulla
925 2305 968 2336 le-

100 2356 140 2388 ge
157 2347 405 2386 improbaretur:
423 2345 450 2375 &
463 2354 478 2375 a
496 2344 636 2376 Praetore
653 2345 716 2376 hoc
733 2345 849 2376 Edicto
867 2344 966 2376 serva·

101 2397 196 2420 retur.
223 2386 386 2417 Orationis
402 2385 538 2417 formam
556 2385 708 2426 Ulpianus
724 2387 793 2417 libro
810 2386 909 2426 quinto
923 2386 967 2416 De

103 2430 229 2459 omnibns
246 2428 437 2458 tribunalibus
452 2427 582 2458 exhibet
599 2428 615 2457 l.
634 2432 661 2461 8.
680 2427 722 2458 D.
747 2429 779 2458 cie
793 2426 964 2459 transabiio-

104 2471 203 2500 nibus:
226 2478 432 2508 quamquam,
456 2468 499 2498 ob
525 2468 663 2500 secutum
687 2477 762 2500 mox
783 2468 967 2509 Amplisiimi

107 2509 230 2540 Ordinis
243 2510 415 2541 Decretum
426 2532 434 2547 ,
451 2508 734 2541 Senatusconsulto
750 2518 816 2541 rem
834 2510 968 2548 imputat

106 2549 124 2580 l.
144 2559 190 2589 23⁴
206 2550 234 2590 ἓ.
252 2560 279 2581 2.
300 2551 338 2581 D.
357 2552 389 2581 de
405 2549 578 2581 condictione
597 2551 724 2582 indebiti.
745 2552 841 2582 verba
862 2550 969 2590 Ulpia-

107 2589 137 2619 ni
165 2599 204 2620 ex
228 2591 255 2621 cl.
277 2591 296 2621 l.
323 2596 349 2624 8,
370 2591 436 2621 haec
457 2591 534 2622 sunt.
580 2592 652 2622 Cum
671 2592 700 2623 bi
713 2593 816 2632 quibus
833 2592 969 2622 alimenta

108 2629 205 2660 retina
226 2637 332 2668 erant,
356 2632 446 2670 facile
474 2631 686 2673 transigerent,
714 2634 839 2664 contenti
861 2634 968 2664 modico

103 2671 250 2711 proesenti,·
270 2670 367 2709 Divus
383 2672 504 2703 Morcus
523 2673 662 2704 Oratione
677 2676 708 2704 in
722 2674 834 2705 Senatu
848 2676 969 2704 recitata

107 2710 217 2752 effecit,
242 2710 290 2741 Ne
314 2711 395 2741 aliter
417 2713 615 2744 alimentorum
633 2715 790 2746 transactio
806 2723 871 2746 rata
886 2714 968 2755 effet,

109 2761 195 2793 quam
212 2750 324 2781 nonore
342 2751 568 2791 Prcecorefafta.
600 2755 662 2786 Hic
678 2765 770 2787 tenor
787 2755 968 2787 Orationis:

108 2803 173 2823 non
198 2793 437 2838 tamen-omnis.
467 2802 538 2825 nam
561 2803 712 2834 praeterea
735 2797 817 2836 jussit
835 2796 970 2836 Oratio,

107 2840 278 2873 praetorem
305 2841 461 2871 inquirere
487 2836 526 2865 de
548 2836 654 2874 causa,
680 2838 719 2868 de
744 2839 859 2876 modo,
885 2838 914 2869 δε
931 2838 972 2869 de

109 2874 239 2915 persona
255 2872 505 2914 transigentium:
530 2883 563 2905 ut
576 2877 659 2908 idem
677 2876 828 2917 Ulpianus
843 2878 972 2910 testatur

108 2917 136 2946 d.
153 2915 171 2947 l.
189 2920 216 2948 8.
233 2914 260 2955 §.
283 2918 308 2945 8.
334 2914 386 2945 icd
408 2923 466 2944 nec
491 2918 678 2954 generaliter
703 2919 840 2958 permisit
859 2921 898 2950 de
919 2920 972 2950 ali-

107 2957 224 2987 mentis
250 2954 392 2995 transigi:
419 2954 470 2986 sed
486 2957 662 2995 specialiter
678 2958 717 2988 de
733 2960 908 2998 alimentis,
932 2961 972 2991 de

108 2995 325 3034 habitatione,
343 2998 382 3026 de
399 2995 560 3028 vestiario:
585 2998 671 3037 quod
690 2998 827 3032 similiter
842 3009 972 3032 annota-

108 3040 155 3069 vit
172 3037 326 3077 Ulpianus
342 3039 369 3067 d.
391 3037 408 3067 l.
428 3041 454 3069 8.
473 3037 502 3078 §.
523 3047 566 3069 12.
599 3038 653 3069 Est
669 3039 698 3070 &
715 3040 792 3072 illud
808 3041 974 3073 observan-

109 3079 182 3110 dum
194 3102 202 3117 ,
220 3079 306 3116 quod
321 3079 469 3109 alimenta
486 3078 586 3110 solent
604 3078 734 3110 infirmae
752 3083 835 3112 aetati
853 3082 973 3121 praesta-

111 3120 134 3150 ri
151 3129 189 3150 ex
212 3118 321 3157 Fisco,
347 3128 400 3150 aut
417 3120 543 3158 aerario,
566 3127 617 3151 aut
640 3130 708 3152 arca
733 3122 914 3162 reipublicae
932 3125 974 3155 ci-

110 3161 226 3193 vitatis.
259 3160 373 3193 horum
394 3161 617 3195 alimentorum
637 3162 808 3196 meminere
826 3163 973 3198 Historiae

1008 2051 1155 2092 Augustae
1181 2051 1350 2091 scriptores
1375 2053 1481 2084 multis
1510 2054 1607 2086 locis:
1631 2054 1724 2085 etiam
1748 2053 1881 2096 sequens

1009 2092 1156 2126 Marmor
1173 2094 1256 2134 apud
1275 2091 1447 2125 Gruterum
1463 2102 1504 2134 pa¹
1527 2119 1534 2126 .
1547 2104 1618 2135 5394.
1642 2094 1731 2132 [ulcr.
1748 2105 1779 2135 4.

1228 2132 1266 2163 L.
1293 2105 1534 2167 CASVR15.
1558 2135 1595 2166 L.
1622 2134 1655 2166 F.
1768 2141 1770 2143 ’

1186 2172 1301 2207 CLV.
1326 2174 1707 2209 SPECVLATORI

1301 2223 1333 2254 ll
1370 2222 1468 2256 VIR.
1492 2224 1514 2255 Ι.

1382 2263 1407 2294 Ε
1449 2288 1455 2295 .
1481 2264 1569 2297 ALI

1393 2305 1414 2337 I.
1441 2305 1478 2337 R.
1497 2307 1529 2338 P.
1554 2306 1582 2337 C
1632 2307 1668 2338 R.

1140 2345 1367 2378 POPVLO.
1393 2355 1412 2383 φ
1436 2346 1742 2379 PRAEBITAE

1008 2387 1187 2419 Alexander
1207 2396 1337 2427 quoque
1354 2388 1374 2418 l.
1392 2397 1421 2428 3.
1442 2388 1474 2419 C.
1500 2390 1532 2419 de
1549 2388 1838 2428 compensationibus,
1861 2388 1884 2419 i-

1010 2436 1074 2459 tem
1094 2428 1204 2460 Paulus
1222 2429 1242 2459 l.
1266 2437 1331 2460 122.
1354 2428 1394 2459 D.
1411 2430 1444 2459 cle
1459 2429 1560 2469 legatis
1576 2429 1624 2459 lib.
1650 2439 1682 2467 1,
1700 2430 1729 2461 ὅ(
1748 2429 1885 2460 Marcia-

1010 2479 1066 2500 nus
1083 2469 1103 2500 l.
1124 2479 1190 2510 117.
1206 2469 1249 2501 D.
1266 2471 1324 2501 eod.
1343 2472 1388 2500 tit.
1415 2469 1467 2501 De
1485 2471 1531 2502 liis
1547 2478 1654 2502 autem
1671 2470 1829 2503 alimentis
1849 2480 1882 2501 e-

1011 2512 1086 2542 tiam
1104 2509 1146 2542 D.
1162 2511 1309 2542 Marcum
1326 2509 1540 2549 constituisse,
1564 2511 1673 2543 auctor
1690 2512 1735 2543 est
1752 2511 1884 2552 Capito-

1011 2552 1112 2590 linus,
1128 2553 1159 2583 in
1175 2553 1235 2593 ejus
1251 2553 1316 2583 vita
1333 2562 1357 2582 c.
1380 2560 1426 2583 11.
1443 2553 1540 2583 verba
1556 2552 1740 2593 Capitolini.
1767 2553 1814 2584 De
1829 2553 1885 2583 ali-

1011 2594 1115 2624 mentis
1135 2594 1258 2632 publicis
1282 2593 1375 2623 nzulta
1389 2594 1546 2633 prudenter
1571 2595 1694 2625 invenit.
1738 2594 1812 2626 Nec
1827 2595 1885 2625 im-

1012 2634 1186 2675 probabilis
1203 2633 1247 2665 est
1263 2633 1416 2664 sententia
1436 2633 1528 2666 isaaci
1547 2634 1743 2675 Casauboni,
1762 2636 1802 2667 V.
1822 2635 1883 2667 CL.

1012 2676 1237 2713 existimantis,
1261 2674 1477 2714 Capitolinum
1495 2675 1639 2716 scripsisse
1651 2701 1659 2715 ‚
1678 2677 1724 2708 De
1739 2678 1886 2709 alimentis

1008 2716 1133 2757 publicis
1150 2740 1160 2755 ,
1180 2717 1374 2756 privatisque.
1420 2716 1481 2748 Sed
1507 2727 1568 2749 nos
1589 2719 1677 2758 quod
1701 2719 1791 2760 hujus
1819 2718 1885 2750 loci

1014 2756 1077 2793 est,
1101 2758 1140 2788 de
1161 2757 1291 2796 privatis
1311 2757 1499 2790 videbimus.

1055 2798 1110 2829 Ait
1130 2797 1263 2836 Oratio,
1280 2798 1351 2829 Cum
1365 2799 1395 2829 bi
1403 2800 1507 2840 quibus
1516 2801 1653 2833 alimenta
1667 2801 1765 2832 relifia
1781 2804 1883 2836 erant,

1008 2837 1100 2879 facile
1118 2838 1325 2880 transigerent,
1349 2842 1475 2871 contenti
1489 2843 1594 2873 modico
1607 2844 1748 2884 praelenti.
1788 2840 1882 2871 Ratio

1017 2879 1179 2910 Orationis
1196 2880 1361 2920 justiffirna.
1393 2891 1527 2922 nempe,
1552 2892 1586 2915 ut
1603 2883 1751 2915 effectum
1767 2882 1885 2913 habeat

1015 2922 1066 2960 pia
1082 2920 1111 2952 &
1127 2922 1259 2961 provida
1272 2922 1417 2955 voluntas
1429 2923 1609 2964 testatoris3
1626 2925 1741 2955 relictis
1757 2923 1886 2953 alimen-

1017 2964 1056 2993 tis
1083 2962 1211 3001 annuis,
1235 2963 1286 2994 vel
1309 2964 1472 2998 menstruis
1489 2990 1498 3004 ,
1524 2967 1576 2998 vel
1601 2966 1736 3002 diutim,
1763 2963 1884 3001 homini

1016 3004 1165 3043 pauperi,
1188 3004 1238 3035 vel
1258 3003 1360 3045 segni,
1386 3007 1436 3037 vel
1455 3008 1612 3048 prodigo,
1636 3006 1666 3036 id
1685 3004 1824 3045 agentis,
1848 3013 1884 3036 ut

1016 3043 1186 3085 egestatem
1202 3054 1384 3078 removeret
1399 3048 1438 3079 ab
1456 3058 1518 3087 eo,
1535 3057 1628 3087 quem
1647 3046 1763 3076 sciebat
1778 3047 1884 3085 perdi-

1018 3093 1122 3117 turum
1139 3086 1389 3125 repraeseiitatam
1405 3090 1570 3129 pecuniam
1582 3111 1591 3125 ‚
1609 3087 1838 3126 &interceptis
1855 3098 1885 3120 a·

1016 3126 1152 3158 limentis
1170 3127 1224 3159 fibi
1241 3129 1372 3170 aliisque
1391 3130 1479 3162 oneri
1496 3128 1647 3160 futurum.
1682 3137 1752 3159 nam
1771 3129 1802 3160 hi
1820 3131 1886 3170 qui·

1016 3167 1073 3200 bus
1084 3168 1231 3240 alimfnta
1247 3171 1485 3212 relinquuntur,
1497 3170 1684 3211 plerumque
1701 3171 1779 3202 tales
1797 3170 1885 3209 sunt,

1182 3219 1214 3242 ii
1240 3221 1255 3250 3
1848 3220 1881 3243 nt
