2036 3495
370 123 433 159 AD
466 123 558 158 Lm.
586 123 642 157 111Δ
679 122 778 156 Τιτ.
808 121 866 158 ΠΙ.
904 123 954 158 Di·
966 126 1216 169 procuratorilzis
1236 125 1507 176 &lifrifizribm

35 213 119 248 enim
137 223 202 246 non
232 212 345 245 debuit
366 213 557 245 adversarius
575 219 708 253 propter
725 220 911 259 procurato·

34 265 101 288 rem
119 257 221 288 minus
239 256 404 295 accipere,
424 264 517 296 quam
537 255 697 286 habiturus
714 254 812 293 estet,
828 255 911 300 iiip-

33 297 64 330 se
89 298 198 339 egiil'et
225 298 388 328 dominus:
413 298 454 328 ita
478 298 507 328 ei
533 295 667 334 sufficit,
692 304 709 325 a
739 295 909 328 defenlore

34 341 186 379 consequi
205 346 345 376 tantuin,
363 347 514 377 quantum
532 337 696 383 habitui-us
713 337 808 376 ess'et,
825 337 845 368 si
863 339 910 379 ip-

35 384 103 414 sum
119 380 316 413 conveniss'et
333 381 510 411 dominum.
557 378 667 412 Debet
680 380 776 419 igitur
792 388 909 419 procu-

33 434 121 456 rator
137 423 298 454 dominum
315 420 512 458 defendere,
535 419 555 451 fi
573 422 832 452 reconveniatur.
856 421 908 453 sed

34 465 189 506 quando?
204 463 415 503 Imperatores
427 486 436 500 ‚
452 461 679 493 Diocletianus
697 462 726 493 &
737 462 907 493 Maximia-

33 517 92 539 nus
108 507 127 537 Ζ.
141 507 220 536 unic.
233 505 264 535 C.
282 506 315 534 de
327 503 495 540 satisdorido
508 503 640 543 jubent;
657 503 850 535 defenfionis
867 504 909 536 al-

33 548 228 588 legationem
244 544 310 576 fieri
321 545 351 575 in
365 545 429 576 litis
441 547 594 577 exordio:
612 546 642 575 id
654 544 697 576 est
708 569 716 583 ‚
734 554 807 576 ante
818 546 906 577 litem

32 588 252 621 contestatam.
278 586 372 627 igitur
388 586 408 617 fi
428 588 458 617 in
478 588 614 617 exordio
633 586 667 617 fit
687 586 814 625 omissa3
837 587 908 628 post

33 631 122 662 litem
147 627 352 660 contestatam
370 627 428 658 fiet
450 627 660 668 praepostere:
687 636 721 659 iit
745 628 826 660 solet
846 629 908 660 dici

33 673 74 704 de
98 669 344 711 exceptionibus
370 670 524 701 dilatoriis
542 679 582 700 ex
608 669 739 710 persona
762 679 909 710 procura-

32 714 129 745 toris:
155 720 285 752 quarum
310 711 376 740 baec
395 711 441 742 est
458 710 596 750 species,
621 720 803 750 comparata
822 712 909 742 vide-

30 757 107 786 iicet
136 755 174 784 ad
198 752 431 783 removendum
465 760 708 792 procuratorem
732 762 796 784 non
822 761 907 790 para-

31 805 116 833 tum,
136 794 301 826 dominum
320 794 505 825 defendere.
529 794 608 826 Satis
625 796 665 825 de
684 795 790 835 priore
802 793 906 825 Edifti

28 837 185 870 membro.

69 879 220 917 Sequitur
243 876 409 918 posterius.
432 877 498 917 ejus
525 878 621 908 verba
649 877 737 914 sunt,
761 885 795 908 ut
820 876 908 916 supra

32 921 98 952 dixi
117 929 157 951 ex
179 920 198 949 l.
215 929 265 960 33.
288 918 316 959 §
336 929 364 959 3.
383 918 424 949 D.
442 919 469 949 h.
490 924 511 949 t.
531 918 570 949 Et
587 920 613 949 ei
627 929 746 960 quocum
755 928 783 949 eo
798 919 909 948 nomine

31 968 117 1004 aget,
141 962 171 991 iii
193 966 291 991 ratum
307 961 407 990 habere
425 970 489 991 eum
503 962 541 991 ad
557 970 640 1000 quem
657 971 688 991 etz
705 970 749 991 res
763 961 907 1000 pertinet,

31 1005 96 1035 boni
123 1005 183 1033 virt
205 1003 351 1032 arbitratu
376 1002 502 1036 lotisdet.
546 1001 601 1033 Est
621 1011 698 1032 vero
718 1002 747 1033 &
766 1001 816 1032 sua
835 1000 909 1031 huic

30 1045 112 1086 parti
130 1045 281 1084 aequitas:
308 1052 382 1074 cum
405 1044 498 1083 poflit
522 1044 575 1083 qui
593 1053 650 1083 per
666 1051 908 1083 procuratorem

31 1087 243 1117 conveniatur
260 1108 269 1122 ‚
295 1094 464 1123 metuere3
487 1093 527 1115 ne
555 1085 704 1116 dominus
728 1086 842 1115 iterum
869 1083 909 1114 de

32 1128 144 1160 eadem
162 1137 195 1157 re
205 1129 407 1167 experiatur3
424 1127 452 1157 dt
464 1125 641 1157 absolutum
655 1125 769 1166 judicis
785 1125 908 1155 senten-

33 1170 76 1200 tia
95 1178 157 1200 non
177 1167 246 1199 satis
265 1176 389 1198 tueatur
406 1168 449 1198 rei
465 1168 611 1206 judicatae
628 1168 791 1206 exceptio.
827 1165 907 1197 Vult

32 1211 131 1252 igitur
153 1210 294 1247 Praetor,
318 1210 358 1240 de
375 1216 445 1239 rato
463 1208 619 1246 satisdan,
642 1209 673 1239 id
689 1207 753 1245 est,
777 1207 906 1252 datisnfi-

32 1251 259 1292 dejiiffoiibus,
277 1251 317 1280 de
334 1258 404 1280 rato
423 1252 546 1288 caveri,
563 1249 602 1280 ab
614 1259 654 1280 eo
668 1249 720 1289 qui
736 1248 790 1280 fibi
809 1249 905 1279 actio-

32 1303 107 1325 nem
128 1293 254 1324 alterius
273 1292 402 1322 nomine
420 1289 600 1330 postulabit.
645 1289 719 1321 Nec
745 1289 906 1330 distinguit

31 1334 154 1366 Praetoi·
171 1333 340 1364 astionem.
364 1332 488 1371 itaque,
511 1339 543 1362 ut
564 1331 670 1371 supra,
694 1330 735 1362 fic
752 1330 805 1362 bic
823 1333 907 1377 ‹iice-

32 1385 118 1414 nius,
144 1382 344 1415 quacumque
360 1373 484 1404 actione
507 1381 616 1414 agatur
634 1374 738 1404 alieno
755 1382 907 1412 nomine,

33 1425 186 1458 oportere
206 1415 289 1446 bunc
308 1416 360 1455 qui
380 1424 447 1446 eam
466 1414 657 1455 postulabit,
682 1423 798 1460 cavere
814 1414 846 1445 id
863 1423 907 1444 ra-

33 1467 101 1490 tum
127 1457 308 1488 habiturum
333 1466 405 1487 eum
429 1457 468 1487 ad
485 1465 579 1496 quem
600 1466 636 1487 ea
652 1466 701 1487 res
718 1456 904 1496 pertinebit.

33 1500 212 1536 Caeterum,
236 1498 345 1538 (quod
369 1507 409 1528 ex
426 1498 609 1538 Pomponio
629 1497 777 1528 observat
799 1495 908 1537 Ulpia-

34 1551 94 1573 nus
112 1540 130 1571 i.
149 1549 198 1580 39.
216 1539 245 1580 §.
261 1548 287 1571 1.
304 1538 347 1570 D.
363 1540 391 1569 b.
408 1540 451 1578 t.)
468 1540 625 1570 interdum
642 1539 775 1570 debebit
791 1548 906 1579 procu-

36 1589 142 1619 rator,
165 1581 242 1612 licet
265 1580 319 1611 suo
338 1581 469 1611 nornine
487 1581 689 1619 experiatur,
712 1580 752 1611 de
771 1587 841 1611 rato
860 1589 908 1611 ca-

36 1631 131 1654 vere:
148 1622 178 1652 &
194 1620 298 1652 adfert
314 1622 379 1652 duo
396 1623 542 1661 exempla
554 1620 720 1661 Ulpianus.
738 1630 833 1652 unum
851 1621 907 1660 est,

36 1664 68 1696 Si
86 1663 284 1704 procuratori
309 1661 516 1694 constitutum
533 1662 595 1701 est,
619 1664 648 1694 ὃ(
664 1673 704 1694 ex
721 1672 757 1694 ea
773 1662 862 1694 causa
880 1672 909 1694 a·

37 1712 102 1747 gat.
123 1705 166 1735 ait
182 1704 265 1735 enim
284 1702 457 1744 Ulpianus,
481 1704 541 1735 effe
558 1705 597 1735 de
619 1711 689 1735 rato
705 1704 845 1735 cautioni
864 1704 909 1735 lo-

38 1755 130 1785 cum,
149 1745 244 1786 idque
254 1745 468 1785 Pomponium
486 1745 631 1777 scribere·
649 1746 781 1777 alterum
801 1755 908 1777 exem-

39 1788 128 1828 plum
145 1786 208 1825 est,
227 1786 256 1817 Si
275 1787 488 1827 jusjurandum
506 1797 563 1819 reo
581 1787 718 1819 delatum
734 1797 749 1818 a
761 1796 908 1828 procura-

41 1838 113 1860 tore
132 1828 247 1860 ae‘toris
272 1829 470 1868 procuratori
494 1828 667 1868 referatur,
690 1830 719 1860 δι
735 1830 906 1870 isjuravit‚

41 1869 139 1902 attor-i
164 1870 228 1901 dari
253 1878 418 1910 oportere.
441 1871 505 1910 agit
529 1871 612 1902 enim
635 1871 698 1902 hoc
714 1872 833 1911 iudicio
853 1871 908 1902 suo

40 1912 174 1943 nomine
197 1919 330 1950 propter
355 1910 440 1942 suum
464 1912 694 1952 jusjuranduiii;
719 1922 778 1944 nec
800 1914 909 1953 potuit

40 1953 111 1984 haee
125 1953 209 1983 actio
226 1953 359 1983 domino
376 1961 580 1992 competere:
599 1954 650 1985 sed
669 1954 800 1985 debebit
812 1955 851 1984 de
862 1963 908 1985 ra-

41 2002 76 2025 to
95 2003 219 2024 cavere.
268 1992 341 2024 Nec
363 1994 466 2024 obstat
484 1995 502 2025 i.
520 2005 547 2030 9.
565 1995 591 2036 ᾗ,
607 2002 674 2035 pen.
692 1995 735 2026 D.
753 1997 784 2026 cie
794 1996 908 2038 jureju-

40 2037 150 2066 rando:
172 2042 206 2065 ut
223 2033 276 2065 sub
294 2035 348 2064 illo
366 2034 480 2066 Titulo
499 2037 633 2067 dicetur.

81 2075 197 2117 Similis
216 2074 368 2115 inspectio
384 2076 447 2115 est,
471 2079 520 2108 cui
544 2087 658 2109 cavei-e
681 2078 705 2109 is
722 2078 927 2118 procurator*

41 2118 166 2149 debeat.
212 2117 263 2147 Ait
280 2126 384 2148 autem
403 2117 540 2156 Praetor,
565 2118 604 2150 Εἰ
617 2129 738 2160 quocum
755 2130 783 2150 eo
801 2121 914 2151 nomine

40 2164 115 2200 aget.
151 2157 202 2189 Sic
216 2157 399 2197 scripturam
416 2159 550 2191 restituit
567 2161 743 2192 Acciri-sius.
783 2161 912 2194 Floren-

41 2202 94 2231 tiae
113 2200 236 2231 editur:
262 2200 300 2230 Ei
314 2209 369 2240 quo
387 2203 517 2232 nomine:
538 2203 626 2233 nullo
646 2202 741 2234 senili.
768 2203 871 2235 malim
891 2204 913 2234 i·

40 2242 145 2283 gitur,
162 2240 201 2271 Ei
210 2250 331 2281 quocum
340 2251 368 2272 eo
382 2243 495 2272 nomino
510 2249 583 2284 aget.
611 2243 674 2275 Hic
685 2254 763 2275 vero
774 2245 818 2275 est
829 2255 911 2276 reus.

79 2282 209 2314 Deinde
224 2283 267 2312 ait
280 2281 416 2321 Praetor,
432 2283 469 2314 Id
477 2291 572 2315 ratum
588 2285 687 2316 licitere
698 2295 761 2316 eum
778 2288 815 2317 ud
830 2296 914 2327 quem

42 2334 76 2356 ea
96 2333 139 2355 res
148 2324 285 2364 pertinet.
327 2323 436 2363 Dicit,
467 2326 565 2356 hahere
581 2336 639 2366 pro
658 2327 825 2358 habiturum
841 2327 912 2368 effe,

38 2365 110 2396 satis
131 2364 239 2396 usitata
257 2365 410 2405 loquendi
427 2365 540 2398 forma.
584 2367 645 2399 Per
664 2378 735 2400 eum
752 2376 857 2400 autem
875 2370 914 2400 ad

38 2416 135 2447 quem
151 2415 187 2437 ea
204 2415 252 2438 res
263 2408 420 2446 pertinet,
437 2408 587 2450 intelligit
604 2410 769 2441 dominum
788 2411 871 2450 litis,
884 2411 914 2441 δε

38 2448 160 2480 solum:
175 2455 210 2478 ut
229 2448 312 2479 bene
331 2448 479 2480 observat
497 2448 652 2490 Ulpianus
669 2452 687 2482 l.
703 2461 751 2491 39.
770 2451 797 2493 ὃ,
820 2462 848 2484 2.
871 2451 914 2484 D.

42 2489 70 2520 b.
87 2496 109 2520 t.
137 2499 207 2520 nam
227 2489 265 2520 ad
289 2499 361 2521 euin
378 2500 427 2521 res
450 2491 669 2532 principaliter
686 2496 838 2531 pei-tinet.
861 2494 915 2524 ad-

43 2531 108 2568 dit,
131 2538 264 2562 caeteros
280 2531 457 2564 creditores
476 2543 516 2564 eo
534 2534 635 2565 verbo
655 2543 719 2565 non
738 2535 914 2566 contineri:

42 2571 74 2602 &
100 2570 268 2610 praefatur,
290 2581 360 2603 nam
387 2583 446 2604 nec
469 2574 523 2611 ipsi
543 2575 677 2607 domino
696 2576 778 2607 hanc
794 2576 916 2607 cautio·

42 2620 117 2643 nem
140 2612 334 2644 incumbere.
357 2613 459 2646 sensus
483 2615 628 2656 Ulpiani:
655 2618 743 2658 quod
766 2627 802 2648 ea
820 2618 855 2649 lis
875 2617 915 2648 ad

43 2653 221 2698 creditores
239 2654 366 2692 quidem
392 2665 448 2695 per
475 2657 738 2698 consequentiam
758 2659 914 2698 pertinet:

44 2701 76 2724 at
102 2695 318 2733 principaliter
341 2696 380 2726 ad
398 2706 454 2729 eos
470 2708 533 2730 non
552 2701 702 2739 pertinet.
732 2701 827 2741 igitur
841 2709 914 2731 cum

44 2735 179 2766 domino
195 2743 258 2765 non
279 2735 436 2768 incumbit
452 2748 488 2769 ea
511 2741 637 2781 cautio,
659 2751 725 2773 non
742 2741 787 2772 est
805 2741 915 2780 causa,

43 2785 101 2807 cur
127 2775 291 2806 incumbat
313 2776 377 2815 eius
404 2782 614 2815 procuratori.
658 2782 783 2815 Eodem
798 2782 918 2824 spectat

45 2818 67 2848 l.
108 2826 136 2853 ς),
155 2816 184 2858 §.
198 2826 227 2857 3.
247 2815 369 2858 &seqq
388 2818 430 2848 D.
447 2820 474 2850 b.
491 2827 512 2851 t.

112 2867 187 2889 orro
198 2859 241 2888 ait
258 2857 398 2896 Praetor,
413 2859 487 2891 Boni
501 2864 561 2893 viri
576 2865 729 2896 arbitratu.
753 2865 834 2898 Haec
845 2875 916 2896 ver-

44 2900 107 2939 ba,
123 2907 158 2930 ut
174 2899 331 2937 vidimus,
347 2901 441 2932 etiam
459 2903 490 2933 in
508 2902 667 2941 superiore
684 2915 795 2938 extant
812 2907 916 2938 Editti

43 2948 156 2982 parte:
173 2940 225 2972 sed
242 2940 284 2970 ibi
300 2940 339 2972 ad
350 2943 481 2975 modum
493 2944 702 2985 defensionis,
718 2947 770 2979 hic
781 2950 820 2980 ad
839 2956 918 2979 tem-

42 2992 103 3024 pus
116 2981 327 3013 satisdationis
339 3005 348 3020 ,
366 2982 515 3023 spectant.
539 2985 613 3016 Huc
634 2988 728 3028 igitur
745 2990 828 3021 redit
845 2989 918 3020 Edi-

45 3024 88 3056 tn
105 3022 226 3056 sensus:
244 3031 278 3054 ut
296 3032 485 3063 procurator
499 3025 643 3065 satisdet,
659 3038 732 3062 cum
748 3032 796 3062 vir
816 3031 918 3062 bonus

44 3065 272 3104 arbitrabitur,
295 3074 369 3097 eum
394 3074 547 3107 oportere
565 3069 729 3109 satisdare,
753 3072 920 3103 dominum

43 3116 113 3139 rem
131 3114 227 3138 ratam
245 3106 436 3139 habiturum.
462 3108 526 3140 hoc
541 3119 618 3141 vero
638 3111 767 3151 incidit,
792 3115 920 3153 quoties

47 3148 155 3180 absens
173 3148 261 3180 dedit
277 3157 531 3189 procuratorem.
564 3161 634 3183 nam
664 3152 824 3192 praesentis
848 3163 919 3194 pro-

47 3196 227 3221 curatorem
251 3189 374 3221 Praetoi·
399 3193 528 3233 excepit
561 3193 764 3231 sequentibus
793 3197 915 3235 verbis,

48 3229 242 3272 Praeterqziam
252 3230 281 3271 fi
290 3232 439 3274 presentis
447 3240 620 3275 procurator
627 3234 679 3276 sit.
702 3236 792 3272 Idem
809 3246 912 3272 tamen

1793 137 1836 175 61)

955 216 1003 246 vel
1038 216 1067 247 in
1104 216 1239 248 absentis
1271 226 1482 258 procuratore
1508 219 1552 252 est
1578 220 1833 261 observandum,

954 258 1079 297 quoties
1097 268 1153 289 reo
1172 268 1235 289 non
1252 260 1295 291 cst
1306 262 1504 301 periculum3
1522 272 1561 293 ne
1577 264 1743 302 dominus,
1763 274 1829 297 non

952 299 1088 338 praesti'ta
1112 300 1285 339 cautione,
1307 302 1347 333 de
1370 304 1480 334 eadem
1499 314 1531 335 re
1549 306 1663 337 iterum
1687 307 1831 346 experia-

953 348 1020 370 tur:
1044 349 1107 371 non
1128 342 1319 373 arbitraturo
1337 343 1431 376 facile
1449 346 1518 376 viro
1535 346 1643 385 bono,
1661 347 1711 378 vel
1732 348 1830 380 talem

951 390 1195 421 procuratorem
1222 383 1413 422 supervacua
1431 388 1580 419 cautione
1604 390 1739 420 onerari.
1763 389 1829 420 hoc

952 431 1039 453 cei-te
1055 424 1186 462 aequitas
1206 423 1360 465 suggerit,
1379 426 1433 457 etsi
1446 428 1513 465 jure
1529 429 1724 462 deliciamur.
1749 430 1828 463 Pro-

951 465 1025 495 inde
1050 466 1235 504 vitleanius,
1261 468 1389 504 quando
1414 469 1452 499 ab
1469 468 1598 502 absente
1618 472 1716 503 metui
1735 472 1829 512 poffic

951 506 1013 538 tale
1032 506 1219 546 periculum.
1250 506 1367 540 Dices:
1385 510 1510 549 quoties
1527 512 1685 545 incertum
1702 514 1831 545 manda-

951 555 1017 578 tum
1033 547 1086 578 est.
1108 548 1138 578 <Sc
1156 547 1195 578 sic
1217 547 1382 580 definitum
1400 551 1418 580 l.
1442 560 1466 582 1.
1487 551 1519 582 C.
1537 553 1563 583 l).
1582 560 1603 584 t.
1630 553 1692 586 Sed
1706 556 1767 595 jam
1787 554 1830 585 sc-

952 598 1051 629 quens
1076 589 1206 630 quaeiiio
1229 589 1295 628 eft,
1321 592 1481 630 quodnam
1508 594 1652 626 videatur
1669 597 1827 628 incertum

954 631 1161 662 mandatum?
1179 629 1335 670 Ulpianus
1354 634 1477 665 veroin
1498 634 1555 675 l.3.
1573 635 1601 676 ᾗ.
1620 645 1648 667 2.
1670 635 1711 668 D.
1737 637 1781 669 Ut
1798 640 1831 670 in·

947 672 1054 713 poffeff.
1072 673 1158 713 legat.
1175 671 1215 703 sic
1232 673 1318 704 sinit:
1343 674 1372 705 Si
1392 675 1572 715 dubitetur,
1589 686 1626 708 an
1645 679 1830 711 mandatum

951 712 1004 751 lit,
1023 714 1072 744 vel
1085 723 1148 743 non
1166 713 1220 752 sit,
1238 716 1277 745 de
1294 724 1362 746 rato
1372 717 1480 747 cautio
1497 719 1556 748 erit
1573 720 1741 759 exigenda.
1768 720 1833 751 Eo-

953 756 1124 793 queniodo
1142 755 1237 786 etiam
1255 757 1293 787 de
1312 764 1419 788 tutore
1433 759 1516 791 idem
1536 760 1677 799 loquitur
1695 761 1710 791 lv
1725 771 1772 801 23.
1787 761 1832 793 l).

952 798 984 826 (le
1001 794 1194 836 sicliiiiniflrot.
1214 804 1362 829 tutorum.-
1380 801 1430 839 qui
1443 800 1531 832 loeus
1548 802 1592 833 est
1609 811 1649 832 ex
1666 802 1760 839 lib.9.
1780 803 1832 834 Ad

953 837 1113 868 Edictum.
1158 837 1255 878 igitur
1280 839 1300 870 fi
1326 841 1456 873 evidens
1479 842 1514 873 sit
1530 844 1712 875 mandatum
1729 867 1738 881 ,
1763 853 1830 875 non

953 879 1092 919 exigitur
1116 879 1154 909 ab
1178 879 1313 911 absentis
1333 890 1543 920 procuratore
1560 887 1600 916 de
1617 893 1686 916 rato
1703 887 1829 918 cautio:

953 929 1014 951 nee
1039 920 1156 960 inagi33
1180 919 1201 951 ii
1224 920 1362 953 fateatur
1384 924 1408 953 is
1435 934 1624 964 procurator
1640 951 1649 965 ‚
1679 937 1742 958 iion
1766 927 1831 959 effe

953 961 1152 992 mandatum:
1170 961 1241 1001 quia
1260 971 1325 993 tum
1345 973 1530 998 removetur
1542 975 1703 1008 tamquam
1722 968 1830 1000 falsus.

954 1003 1028 1042 quid
1050 1002 1070 1033 si
1096 1002 1198 1039 dicat,
1222 1005 1404 1037 mandatum
1423 1007 1503 1046 else,
1528 1008 1579 1040 sed
1599 1019 1663 1041 non
1683 1010 1830 1051 probet?

953 1045 994 1075 nil
1013 1051 1112 1074 muto.
1145 1045 1220 1083 quin
1246 1053 1280 1075 ut
1298 1048 1453 1085 probetur
1471 1049 1607 1082 absentis
1628 1053 1831 1092 mandatum3

952 1094 1012 1116 nec
1031 1085 1072 1116 fic
1095 1094 1216 1116 certum
1243 1086 1393 1120 habetur:
1419 1090 1438 1120 si
1457 1092 1526 1123 tulis
1543 1092 1578 1123 iit
1599 1093 1769 1132 probati03
1792 1103 1831 1125 ui:

934 1136 988 1157 .ea
1006 1136 1094 1164 reus,
1121 1135 1192 1157 cum
1211 1129 1320 1166 volet,
1341 1131 1384 1160 uti
1403 1141 1562 1172 nequeat,
1587 1134 1695 1165 actore
1712 1137 1830 1167 iterum

952 1169 991 1199 de
1009 1169 1120 1199 eadem
1139 1178 1170 1198 re
1186 1177 1280 1209 agere
1297 1171 1473 1211 cogitante.
1506 1174 1582 1205 Hoc
1601 1175 1686 1207 sensu
1704 1177 1831 1213 accipio

950 1210 1026 1240 illud
1043 1208 1170 1249 Ulpiani
1188 1210 1246 1250 l.5.
1265 1210 1283 1251 §
1307 1217 1352 1245 18.
1377 1212 1419 1244 D.
1436 1215 1469 1244 [ie
1484 1216 1552 1246 novi
1564 1223 1636 1256 oper.
1654 1227 1741 1249 nunc.
1767 1218 1833 1264 Qui

946 1253 1140 1291 procuratorio
1167 1253 1279 1282 nomine
1304 1255 1512 1293 nunciaverit,
1528 1256 1557 1293 fi
1582 1267 1638 1288 non
1659 1260 1829 1298 stimulabit,

951 1302 1012 1324 eum
1029 1302 1087 1323 rem
1104 1298 1198 1323 rutam
1215 1294 1363 1326 domiuum
1379 1296 1546 1328 habiturum
1571 1300 1721 1330 nuntiatio
1740 1302 1831 1332 onini-

950 1335 1029 1365 modo
1047 1334 1226 1372 remittitur,
1242 1335 1351 1374 etiamst
1366 1347 1454 1368 verus
1464 1337 1505 1375 fit
1518 1346 1702 1379 procurator.
1728 1341 1832 1384 Quod

951 1375 971 1407 si
999 1376 1124 1416 probari
1149 1376 1244 1415 poffit
1267 1378 1470 1418 mandatum,
1495 1383 1621 1421 quoties
1645 1392 1694 1413 res
1713 1385 1828 1425 exigit3

950 1424 1063 1448 contra
1087 1417 1258 1449 dicendum
1284 1418 1346 1456 est,
1371 1419 1596 1461 supervacuam
1622 1423 1684 1455 esse
1709 1427 1834 1457 cautio·

950 1468 1042 1490 nem:
1066 1459 1138 1499 quia
1161 1459 1224 1499 jam
1250 1468 1309 1499 pro
1328 1469 1420 1492 cei-to
1437 1461 1482 1493 est
1497 1465 1701 1505 mandatum3
1726 1477 1833 1508 neque

950 1509 1098 1539 umquam
1113 1501 1264 1531 metuitur
1279 1503 1469 1541 periculum.
1512 1503 1603 1537 Talis
1618 1506 1704 1538 casus
1721 1508 1785 1548 est3
1809 1509 1834 1542 fi

950 1541 1060 1573 absens
1071 1543 1220 1574 dominus
1235 1543 1274 1573 ad
1291 1544 1501 1577 adversarium
1518 1547 1633 1588 dirigat
1649 1549 1756 1581 literas
1766 1552 1835 1591 qui-

951 1583 1009 1614 bus
1034 1582 1209 1623 significet,
1234 1593 1329 1623 quem
1354 1585 1383 1616 dc
1407 1587 1438 1617 in
1457 1596 1518 1626 qua
1536 1588 1627 1619 causa
1643 1598 1835 1629 procurato-

952 1634 1018 1657 rem
1041 1624 1188 1656 adversus
1211 1635 1284 1657 eum
1303 1625 1437 1667 fecerit3
1462 1629 1558 1670 seque
1583 1638 1685 1663 ratum
1708 1632 1836 1665 habitu-

952 1675 1020 1698 rum
1038 1675 1112 1697 cum
1138 1676 1178 1697 eo
1198 1667 1332 1707 gestum.
1365 1668 1428 1700 hoc
1446 1679 1535 1702 certe
1552 1672 1624 1703 casu
1646 1673 1747 1706 literis
1765 1676 1834 1716 ejus

951 1708 1154 1748 approbatis,
1178 1709 1268 1740 velut
1286 1710 1446 1749 praesentis
1470 1721 1713 1752 procuratorem
1737 1716 1835 1750 inter-

951 1750 1062 1781 venire
1078 1750 1233 1790 intelligi,
1259 1750 1459 1785 Modestinus
1475 1753 1582 1786 scribit
1599 1755 1618 1786 ἰ.
1635 1760 1686 1797 65.
1704 1757 1745 1789 D.
1763 1759 1795 1790 h.
1811 1765 1836 1792 t.

952 1799 1049 1832 atque
1074 1799 1109 1822 ut
1133 1792 1157 1824 is
1183 1793 1273 1823 locus
1297 1792 1342 1824 est
1364 1804 1404 1825 ex
1430 1796 1499 1827 libro
1509 1795 1658 1838 fingularz'
1676 1798 1724 1829 De
1736 1799 1832 1832 Eure-

951 1834 1084 1864 maricis.-
1107 1833 1139 1864 in
1166 1843 1232 1873 quo
1259 1835 1312 1865 ille
1334 1837 1492 1875 remedia,
1516 1847 1575 1878 pro
1595 1840 1772 1873 molliendo
1785 1843 1835 1882 ju‹

952 1877 992 1906 ris
1020 1876 1125 1915 rigore
1148 1874 1305 1916 sapienter
1322 1877 1451 1908 inventa
1469 1888 1484 1910 a
1501 1879 1755 1921 Jurisconsultis,
1777 1892 1834 1915 cu-

952 1915 1035 1947 riose
1053 1924 1194 1948 enarrat:
1210 1918 1251 1948 sic
1270 1927 1399 1958 apparet
1416 1920 1466 1950 vel
1486 1921 1550 1951 hoc
1568 1931 1678 1955 eorum
1696 1925 1836 1964 pruden-

956 1959 1008 1988 tiae
1028 1958 1147 1989 deberi.
1190 1958 1299 1990 Simile
1318 1960 1429 1991 videor
1453 1963 1529 1993 mihi
1548 1963 1716 1995 observare
1732 1965 1836 1998 Eure-

954 2000 1107 2030 maticum
1127 1999 1157 2030 in
1175 1999 1190 2030 i.
1205 2010 1253 2031 21.
1271 2000 1313 2031 D.
1332 2001 1441 2032 Rotam
1456 2013 1513 2034 rein
1529 2004 1628 2035 hateri
1645 2015 1716 2045 quae
1732 2007 1777 2038 est
1793 2017 1835 2039 ex

955 2041 1023 2071 libro
1044 2050 1068 2072 1.
1089 2041 1269 2080 Opinionum
1286 2040 1431 2082 Ulpiani:
1447 2045 1535 2085 cujus
1554 2046 1623 2077 haec
1641 2046 1710 2078 sunt
1722 2049 1833 2082 verba.

957 2083 1007 2114 Ne
1016 2082 1171 2123 satisdatio
1187 2088 1282 2113 rotam
1304 2093 1361 2114 rein
1377 2085 1524 2117 (lozuinum
1547 2087 1715 2120 habiturum
1731 2091 1833 2131 exiga-

957 2130 1027 2162 tur,
1048 2125 1080 2154 in
1096 2124 1141 2154 his
1156 2134 1218 2165 quae
1233 2126 1346 2155 nomine
1361 2126 1423 2166 ejus
1440 2133 1534 2167 ageret
1549 2131 1601 2169 qui
1615 2131 1720 2170 euius&
1728 2132 1832 2172 feciffe

951 2171 1167 2206 procuratorem
1187 2166 1274 2196 libello
1294 2166 1428 2207 Principi
1449 2171 1515 2199 [luto
1528 2170 1670 2211 profeffus
1686 2170 1743 2213 est,
1763 2180 1833 2213 pro-

956 2204 1025 2246 dest.
1057 2207 1132 2247 quod
1148 2204 1178 2243 fi
1195 2207 1363 2247 judicatum
1377 2209 1540 2249 solvisotis
1555 2214 1590 2242 cil]
1606 2222 1633 2243 eo
1647 2220 1833 2252 procuratore

950 2246 1132 2289 postuletur,
1147 2248 1249 2288 neceffe
1265 2247 1321 2289 est,
1338 2250 1442 2292 utjurz'
1456 2251 1763 2293 rnanffeltoporeotur.
1781 2256 1835 2287 Sic

957 2290 1076 2329 ubique
1102 2289 1226 2328 editur;
1250 2290 1279 2321 ἃ
1303 2291 1529 2331 repraesentant
1553 2293 1659 2326 Graeci
1679 2318 1688 2334 ,
1714 2296 1833 2334 Bantia.

956 2331 1004 2361 lib.
1027 2340 1056 2366 9.
1075 2331 1121 2361 tit.
1139 2339 1190 2361 Χῖ.
1212 2336 1277 2362 tom.
1300 2341 1324 2363 1.
1341 2339 1371 2374 p.
1391 2344 1462 2374 577.
1506 2334 1582 2366 Fuit
1609 2344 1733 2376 tamen,
1758 2347 1833 2371 cum

957 2371 1145 2411 suspicarer,
1157 2398 1159 2403 ,
1170 2380 1248 2411 pro,
1265 2373 1354 2404 libello
1370 2375 1504 2416 Principz‘
1519 2377 1627 2416 oblato,
1644 2378 1733 2419 poss'e
1756 2382 1836 2421 apti-

959 2423 994 2444 us
1013 2412 1123 2450 scribi,
1147 2413 1236 2444 libello
1262 2415 1387 2446 Praetori
1402 2417 1511 2449 oblato.-
1533 2427 1668 2459 eamque
1683 2424 1836 2453 mutatio-

960 2464 1032 2486 nem
1050 2454 1159 2485 deberi
1169 2456 1457 2498 anibiguitatiSigli
1470 2482 1478 2495 ,
1496 2458 1568 2492 PR:
1586 2470 1651 2501 quo
1668 2460 1755 2502 Siglo
1769 2472 1834 2496 tain

959 2496 1098 2536 Princeps
1108 2519 1117 2534 ‚
1134 2505 1228 2536 quam
1239 2498 1368 2538 Frater,
1384 2498 1584 2539 significatur.
1603 2511 1664 2543 ego
1678 2513 1756 2535 vero
1768 2515 1833 2536 ma-

957 2538 1061 2568 lebam
1077 2537 1200 2568 Praetorz'
1217 2538 1323 2579 legere
1335 2563 1344 2578 ,
1368 2549 1462 2578 quam
1484 2541 1635 2584 Prz'ncipi:
1653 2545 1682 2575 ὅ(
1701 2545 1762 2577 effe
1780 2545 1837 2579 Ui-

957 2579 1041 2619 piani
1057 2578 1194 2611 sensum:
1211 2579 1240 2610 Si
1258 2581 1327 2619 quis
1344 2581 1433 2612 actor
1445 2606 1454 2620 ,
1470 2582 1580 2614 libello
1600 2584 1729 2618 Praetori
1747 2588 1835 2619 obla-

959 2628 1016 2658 to,
1041 2620 1072 2651 id
1095 2620 1159 2658 est,
1184 2621 1267 2661 apud
1291 2621 1358 2653 atta
1376 2646 1385 2658 ,
1409 2623 1565 2663 profess'us
1589 2626 1644 2666 iit,
1670 2628 1700 2659 se
1724 2628 1835 2661 feciffe

958 2668 1222 2702 procuratorem:
1247 2672 1318 2694 eum
1347 2663 1494 2704 efficere,
1518 2675 1558 2698 ne
1582 2677 1598 2698 a
1622 2677 1836 2709 procuratore

959 2704 1103 2743 exigatur
1126 2702 1284 2735 satisdatio
1307 2705 1470 2738 dominum
1493 2718 1558 2739 rem
1585 2719 1683 2742 ratam
1709 2712 1834 2742 habitu·

959 2754 1053 2776 rum:
1077 2743 1129 2774 sed
1152 2744 1172 2775 fi
1197 2754 1213 2775 a
1241 2754 1450 2785 procuratore
1472 2749 1650 2789 postuletur
1673 2751 1833 2783 satisdatio

957 2786 1133 2826 judicatum
1149 2785 1249 2825 solvi3
1274 2796 1340 2819 tum
1358 2798 1425 2821 eam
1444 2790 1540 2823 libelli
1558 2793 1783 2831 professionem
1802 2792 1833 2823 ei

960 2836 1026 2858 non
1043 2825 1209 2866 prodesse,
1235 2828 1290 2860 etfi
1306 2832 1388 2867 apud
1405 2832 1470 2863 aCta
1488 2832 1623 2865 fatiam:
1649 2833 1699 2864 sed
1718 2833 1834 2864 niliilo-

959 2868 1062 2899 minus
1080 2868 1198 2900 debere
1222 2869 1304 2901 hanc
1321 2871 1558 2906 satisdationem
1575 2874 1712 2913 praestari
1728 2884 1767 2904 ex
1787 2873 1833 2904 E-

960 2909 1059 2940 dicto.
1092 2909 1251 2942 Caeterum
1275 2914 1362 2953 quod
1378 2914 1431 2946 hic
1446 2916 1510 2946 dixi
1526 2915 1757 2946 Eurematicum
1777 2914 1834 2946 Ui-

960 2951 1045 2990 piani
1058 2973 1067 2988 ,
1090 2951 1172 2990 (tale
1190 2953 1274 2984 enim
1291 2965 1325 2985 re
1342 2965 1416 2987 vei-a
1433 2956 1496 2992 est,
1515 2956 1636 2987 ficut&
1654 2956 1739 2986 aliud
1755 2965 1834 2988 con·

960 2991 1058 3023 limile
1075 2993 1113 3023 ab
1129 3002 1169 3024 co
1193 2994 1264 3027 dedi
1289 2996 1369 3028 infra
1387 2997 1439 3028 sul)
1457 2997 1571 3028 Titulo
1591 2996 1635 3025 De
1651 2996 1833 3039 olienat.ju-

964 3034 1018 3064 (iic.
1034 3040 1105 3064 mut.
1122 3036 1199 3074 coust
1222 3046 1262 3067 ex
1279 3038 1298 3068 i.
1327 3040 1394 3078 11.)
1425 3039 1488 3068 hoc
1504 3038 1588 3076 ajunt
1606 3036 1832 3071 Diocletianus

965 3074 995 3105 ἀ
1013 3074 1225 3108 Maximianus
1242 3078 1259 3108 l.
1277 3081 1354 3111 unic.
1374 3080 1405 3110 C.
1426 3081 1459 3109 cle
1471 3079 1575 3118 satisd.
1590 3078 1653 3117 jam
1672 3077 1726 3111 suo
1751 3088 1833 3113 tem-

962 3124 1041 3156 pore
1057 3126 1122 3148 non
1140 3118 1253 3150 incerti
1266 3120 1341 3159 juris
1359 3119 1458 3151 fuisse.

1004 3157 1065 3190 Sed
1081 3159 1181 3190 redeo
1196 3162 1233 3191 ad
1246 3160 1402 3192 Edictum.
1429 3161 1471 3190 ait
1489 3159 1584 3205 igitur
1599 3160 1738 3202 Praetor,
1755 3164 1835 3195 Prae-

960 3205 1090 3241 terquam
1099 3199 1128 3239 st
1141 3203 1286 3241 praesentis
1302 3206 1470 3242 procurator
1483 3202 1534 3237 sit.
1567 3200 1647 3234 Haec
1666 3214 1745 3235 vero
1763 3216 1833 3236 vei·-

958 3241 997 3276 ba
1012 3245 1050 3275 ad
1067 3249 1236 3284 utramque
1251 3242 1353 3276 Edisti
1371 3251 1492 3284 partem
1508 3244 1681 3285 pertinent.
1705 3247 1736 3278 ὅ(
1753 3247 1829 3279 ideo

1082 3282 1140 3324 13
1809 3285 1834 3320 fi
