2052 3487
506 73 522 88 N

523 100 840 135 PRoaimtxuM
890 99 1016 145 Juais

178 200 229 222 eos
251 191 401 233 adquirere
418 186 624 230 poſjeffionem‚
640 186 670 226 fi
686 197 742 219 non
762 190 910 220 antecedat
930 198 980 220 na-

183 232 288 264 turalis
303 225 436 272 poffeffio.
481 228 636 270 Ideoquefi
655 229 819 266 thelburum
839 232 869 260 in
880 231 978 269 fundo

179 268 236 305 ⁷}'ieo
257 272 480 314 poficzcmsciam
498 294 507 309 ,
539 273 673 301 continuo
697 280 739 302 me
757 270 886 311 poffldcre
904 292 926 310 ,ν
939 269 979 308 fi-

180 315 240 346 mid
265 320 349 355 atque
371 311 528 352 poffidencli
559 311 695 353 affetium
721 312 870 348 habzcero3
907 314 979 354 quia

203 357 255 385 uod
269 353 336 391 defit
356 353 487 384 naturali
497 352 654 394 poffeffioni
662 377 671 392 ,
695 353 725 384 id
739 354 853 384 animus
870 355 976 395 implet.

201 405 209 409 ⁷
230 396 283 427 reli
312 404 358 426 ua.

122 432 257 477 Vulgata
284 405 370 473 siluae,
394 434 446 466 sed
469 434 576 467 insulsa
593 459 602 473 ‚
635 444 672 466 an
695 435 806 467 stolida
821 458 830 474 ,
861 435 977 474 leeti03

117 486 189 509 nam
210 479 277 517 quis
295 477 413 516 sapiens
439 476 480 507 fic
498 477 657 516 disputet,
681 477 873 518 colligatve:
904 486 976 517 pos-

118 517 207 557 sessio
229 527 292 549 non
310 517 413 557 potest
433 517 499 549 solo
521 518 627 549 animo
653 519 794 559 adquiri:
818 519 977 551 thesaurus

117 559 214 601 igitur
236 569 252 589 a
279 568 329 590 me
345 581 354 597 ,
385 559 437 589 ubi
457 560 486 590 in
511 558 613 590 fundo
638 569 710 590 tneo
735 559 798 598 est,
823 560 889 591 solo
913 560 975 591 ani-

118 610 173 632 mo
201 601 320 640 adquiri
348 599 483 640 potest?
514 609 609 631 nemo
627 610 718 632 unuS.
744 602 878 640 proinde
896 620 906 638 ‚
935 610 976 632 ne

118 642 285 681 pugnantia
316 650 372 680 pro
399 640 668 680 consequentibus
693 643 837 674 auctores
865 642 976 673 summi

117 682 344 721 imperitissime
365 682 560 721 coniunxisse
578 683 781 722 viderentur,
805 684 976 723 suspicabar

118 724 193 754 olim
211 746 219 761 ,
251 723 376 754 Paulum
395 745 403 761 ‚
443 732 513 763 quae
537 725 659 755 dixerat
690 725 720 755 in
743 725 772 765 §.
800 734 824 756 1.
849 728 876 755 d.
901 724 920 755 l.
945 735 974 765 53.

119 764 166 796 his
189 765 216 795 in
235 764 262 805 §.
281 774 310 802 4.
335 765 475 804 ejusdem
495 766 605 806 capitis
630 764 752 796 Neratii
771 767 799 797 ἀ
828 766 975 804 Proculi,

118 807 206 836 velut
237 805 482 837 dissentientium
503 829 512 844 ,
552 807 771 838 auctoritatem
800 806 973 847 objecisse:

117 845 188 886 post
206 847 298 878 alium
316 871 325 885 ‚
357 856 429 878 cum
447 847 478 878 id
505 856 611 887 patum
636 849 818 888 pervideret
842 848 976 888 antiqui-

119 888 191 918 tatis
216 888 391 929 ignorantia
410 910 419 926 ,
452 889 655 929 negationem
676 890 705 919 in
733 891 758 920 d.
781 889 799 930 ξ)
829 900 856 930 3.
883 889 976 929 plane

117 929 259 962 inutilem
280 938 375 969 atque
396 930 534 969 ineptam
555 929 730 969 inseruisse3
754 931 884 970 perinde
900 939 936 961 ae
955 930 975 961 si

117 970 230 1002 Paulus
257 970 476 1002 definitionem
493 971 698 1012 regulamque
723 972 785 1013 d.§
820 982 842 1003 i.
868 981 908 1002 eo
930 972 976 1002 lo·

118 1012 146 1042 ci
168 1020 347 1050 repeteret;
372 1022 436 1043 non
463 1012 675 1051 l'rudentum‚
707 1014 793 1054 quod
818 1021 866 1047 res
889 1020 975 1050 erat,

117 1055 231 1093 pugnae
263 1052 477 1091 responderet.
509 1054 715 1093 quamobrem
747 1053 974 1091 restituebam,

117 1094 262 1125 Neronias
280 1094 315 1127 ὅ)
338 1095 476 1125 Proculus
493 1095 597 1137 ajunt,
613 1095 674 1134 solo
692 1097 777 1126 eliam
791 1096 885 1126 animo
902 1093 976 1134 poffe

117 1145 167 1166 nos
191 1137 337 1175 adquirere
351 1134 534 1176 poffeffionem
559 1137 739 1166 tradiderunt
754 1159 763 1174 ‚
797 1136 826 1166 &
848 1143 972 1166 caetera.

118 1178 318 1216 cirponebam
339 1186 414 1207 vero
436 1178 477 1207 ita
494 1199 504 1214 ‚
536 1174 683 1208 Neratius
707 1186 744 1207 ac
770 1176 922 1207 Proculus
946 1185 975 1206 a·

114 1217 203 1257 junt,
229 1216 294 1248 solo
318 1221 410 1248 ctiam
436 1219 541 1248 animo
559 1217 647 1258 poss'e
670 1227 727 1249 nos
753 1217 975 1258 possessionem

120 1260 306 1298 adquirere‚·
339 1258 376 1295 si,
408 1259 437 1289 id
461 1257 525 1296 est,
559 1259 726 1298 quamvis,
756 1267 790 1290 ut
811 1261 840 1290 in
864 1260 882 1290 l.
908 1268 974 1298 124.

119 1301 150 1330 in
172 1298 229 1338 fin.
260 1297 300 1329 D.
332 1301 364 1329 de
386 1301 536 1330 verborum
558 1300 777 1340 obligationibus
792 1323 801 1339 ,
833 1300 852 1331 l.
872 1310 919 1341 37·
944 1303 976 1330 in

112 1339 168 1379 fin.
191 1339 231 1370 J).
250 1341 281 1369 de
297 1340 407 1377 ulixis:
431 1340 469 1378 si,
495 1342 640 1380 inquam,
665 1340 716 1372 seu
735 1342 974 1381 quamvis‚non

117 1382 285 1411 antecedat
301 1382 447 1412 naturalis
466 1381 629 1421 poffeffi03
653 1383 790 1423 ideoque
815 1382 835 1414 si
861 1382 975 1421 sciam,

119 1421 297 1453 thesaurum
316 1423 344 1453 in
368 1423 470 1453 fundo
489 1433 562 1454 meo
579 1424 712 1456 positum
735 1423 816 1463 effe3
840 1432 974 1464 putant,

115 1473 167 1495 me
185 1464 340 1494 continuo
360 1464 515 1504 poffidere
531 1488 540 1502 ,
569 1465 654 1496 simul
680 1475 776 1504 atque
799 1465 973 1504 possidendi

117 1503 265 1535 affeetum
286 1505 445 1537 habuero:
469 1506 557 1546 quia,
587 1516 776 1546 quamquam
795 1506 873 1537 defit
899 1506 973 1537 mihi

120 1544 253 1576 thesauri
281 1546 428 1578 naturalis
455 1546 622 1585 posskffio,
657 1553 761 1578 tamen
786 1549 838 1579 ubi
869 1547 973 1578 habeo

119 1595 280 1626 teneoque
300 1585 432 1618 fundum
452 1589 482 1618 in
501 1597 566 1629 quo
587 1588 746 1620 thesaurus
759 1589 861 1628 jacet,
886 1590 973 1628 quod

117 1627 193 1659 defit
212 1629 342 1659 naturali
363 1628 538 1669 poss'effioni
551 1653 559 1667 ,
586 1631 616 1661 id
633 1629 727 1661 facile
744 1632 849 1661 animo
866 1630 972 1670 imple-

115 1670 151 1700 ri.
194 1668 237 1700 Ira
254 1669 442 1701 censebam:
464 1680 504 1701 eo
523 1673 618 1712 magis
635 1694 644 1709 ‚
675 1672 762 1711 quod
785 1672 823 1702 ab
842 1672 893 1702 illa
918 1672 971 1703 Pa>

115 1710 232 1750 piniani
252 1711 452 1743 dubitatione
470 1721 539 1752 quae
563 1712 607 1744 est
631 1713 661 1743 in
686 1713 706 1744 l.
726 1722 776 1752 44.
801 1713 842 1744 D.
867 1714 898 1743 cie
922 1714 973 1743 acl-

138 1752 255 1781 uirend2
282 1751 439 1792 poffeffione
457 1775 466 1790 ‚
499 1762 563 1784 non
595 1755 687 1786 valde
717 1754 852 1786 alienum
882 1753 968 1786 ess'et.

114 1761 279 1824 {lactentis
300 1794 338 1823 de
362 1794 467 1833 priore
485 1793 576 1826 secta.

155 1843 185 1873 5.
210 1833 297 1875 Quid
317 1833 438 1865 altera?
460 1835 670 1875 distinguebat
688 1845 724 1867 ea
742 1845 812 1876 quae
837 1844 902 1866 non
919 1834 972 1865 ha·

114 1873 193 1905 berit
215 1873 379 1905 dominum
396 1898 406 1913 ,
439 1876 490 1907 vel
516 1876 657 1913 habent,
687 1875 738 1908 sed
765 1884 878 1916 praeter
908 1876 972 1915 ejus

116 1915 315 1946 voluntatem
334 1925 550 1956 occupantur,
569 1927 586 1948 a
601 1920 722 1949 caeteris
737 1926 806 1958 quae
825 1918 862 1948 ad
879 1917 972 1947 alium

116 1955 236 1988 domini
257 1955 421 1988 voluntate
443 1957 708 1996 proficiscuntur:
737 1958 866 1989 volebat
881 1958 970 1998 quip-

116 2006 155 2035 pe
171 2021 179 2035 ‚
210 1999 241 2029 in
264 1999 323 2029 illis
352 1998 550 2030 necessariam
578 1999 639 2031 eise
664 2000 838 2031 naturalem
863 1999 970 2030 deten-

116 2039 237 2069 tionem
257 2049 264 2070 :
294 2039 324 2069 in
349 2038 410 2070 istis
437 2050 501 2071 non
523 2041 653 2081 utique,
676 2043 775 2072 modo
797 2039 817 2072 fi
844 2039 897 2070 sub
919 2040 970 2070 ad-

114 2080 267 2113 quirentis
285 2079 427 2111 custodia
445 2081 543 2112 essent
555 2092 759 2122 quocumque
778 2082 877 2113 modo
894 2090 968 2112 con-

114 2121 236 2153 stituta:
261 2126 367 2159 itaque
390 2121 464 2153 hinc
485 2123 632 2164 ambages
657 2124 821 2154 evitandas
839 2146 848 2161 ,
884 2122 971 2153 illinc

114 2169 231 2193 naturae
260 2162 399 2194 standum
417 2187 425 2201 ‚
455 2164 579 2195 in‘urias
598 2166 741 2204 rixasque
766 2163 973 2205 amputandas

117 2203 196 2240 effe,
219 2203 426 2235 existimabat.
469 2174 584 2243 dperae
601 2206 735 2245 pretium
753 2206 831 2242 erit,
853 2214 969 2236 utrum-

115 2253 177 2284 que
201 2245 329 2285 propius
363 2245 536 2285 inspexisse.
582 2247 630 2278 Ad
655 2248 738 2288 prius
766 2248 862 2278 multa
885 2246 970 2286 spec-

115 2292 204 2322 tant,
229 2295 297 2324 quae
322 2287 360 2317 de
384 2286 449 2318 sera
472 2283 566 2328 Gajus
583 2290 610 2319 d.
630 2289 649 2319 l.
673 2300 701 2328 5.
721 2288 750 2330 §.
771 2298 793 2318 1.
817 2288 853 2318 l).
875 2289 907 2318 de
922 2290 968 2318 cia-

116 2327 251 2367 quirendo
269 2337 363 2358 rerum
378 2329 518 2367 dominio,
542 2339 611 2369 quae
628 2330 668 2360 de
691 2328 837 2360 thesauro
860 2329 888 2360 ἃ
906 2328 967 2360 fur-

117 2374 152 2397 to
178 2367 287 2398 Paulus
314 2369 340 2399 d.
359 2369 378 2399 l.
398 2378 426 2409 3.
451 2369 476 2410 §.
502 2375 547 2404 18.
572 2380 608 2401 ac
631 2370 739 2403 Cellus
757 2370 773 2401 l.
801 2374 849 2410 67.
872 2369 910 2400 D.
938 2371 970 2400 de

108 2407 204 2447 furtis
221 2431 230 2446 ‚
254 2418 323 2448 quae
346 2411 386 2441 de
404 2412 538 2449 pecunia
559 2411 589 2442 in
609 2412 712 2443 alieno
732 2413 862 2442 condita
882 2410 969 2451 Papi-

117 2449 228 2480 nianus
245 2450 272 2480 d.
290 2449 309 2480 l.
328 2461 377 2490 44.
402 2450 549 2483 scribunt.
593 2453 748 2485 Praeterea
776 2452 874 2483 refert
893 2452 973 2483 Ner-

114 2499 153 2520 va
171 2489 273 2528 filius,
296 2490 376 2531 apud
394 2493 522 2532 Paulum
540 2493 559 2525 l.
581 2503 607 2525 1.
622 2494 649 2536 §.
671 2504 694 2526 1.
713 2493 754 2525 D.
773 2495 805 2524 cie
820 2495 975 2535 adquiren.

116 2532 154 2562 da
165 2531 340 2572 poſj'effiorze,
353 2533 519 2565 Dominium
534 2545 629 2565 rerum
647 2545 683 2566 ex
696 2535 826 2567 normali
840 2534 972 2575 poffeffio·

114 2581 150 2603 ne
171 2573 275 2613 coepzffe
293 2596 302 2612 ,
332 2575 447 2617 ejusque
468 2577 507 2605 rei
530 2575 682 2618 vestigium
700 2586 843 2608 remanere
859 2578 891 2606 de
911 2577 973 2613 bis,

116 2622 175 2653 qzcae
209 2619 309 2653 terra,
348 2618 423 2647 mari
453 2618 573 2658 coeloque
607 2619 791 2658 capitaneum
821 2627 887 2648 nam
919 2617 976 2647 baec

109 2655 244 2692 protinus
266 2665 360 2687 eorum
371 2655 442 2697 fieri
460 2681 469 2696 ,
502 2661 553 2698 qui
574 2662 661 2699 primi
673 2658 860 2699 poffeffionem
881 2667 976 2688 eorum

120 2695 361 2732 apprehenderint.
403 2698 475 2729 Item
506 2699 573 2730 bello
608 2707 690 2740 capta
721 2699 756 2734 ὅ)
787 2699 911 2735 insulam
943 2700 975 2728 in

120 2736 192 2764 mori
218 2743 332 2768 enatam
355 2737 391 2772 ἐξ
414 2749 558 2781 gemmas,
588 2741 697 2781 lapillos
713 2763 721 2778 ‚
745 2741 921 2780 margaritas
944 2741 976 2770 in

120 2773 261 2807 littoribus
283 2780 415 2810 inventas
430 2781 492 2822 ejus
502 2781 588 2819 fieri,
610 2784 661 2823 qui
674 2784 787 2822 primus
804 2791 899 2811 eorum
911 2787 975 2820 pos-

107 2813 256 2854 seffionem
270 2817 371 2850 nasius
392 2820 440 2861 eft.
484 2821 565 2853 Haec
583 2832 640 2862 pro
660 2831 747 2862 parte
770 2822 976 2853 distinetionis

120 2865 188 2886 una.
233 2858 336 2903 Altera
360 2871 449 2902 aeque
478 2873 551 2894 vera
574 2873 611 2894 ac
630 2873 735 2895 certa:
760 2864 900 2894 obtinuit
923 2872 976 2894 au-

120 2905 183 2928 tem
202 2906 352 2937 primum,
376 2911 410 2933 ut
433 2904 574 2943 videtur,
606 2906 743 2936 maxime
763 2906 793 2936 in
817 2904 974 2936 columnis

118 2938 276 2977 rebusque
310 2944 430 2974 caeteris
461 2954 530 2985 quae
563 2951 695 2986 propter
725 2946 975 2987 magnitudinem

117 2980 269 3019 ponderis
289 2979 383 3013 facile
401 2987 521 3017 moveri
542 2996 605 3018 non
631 2987 772 3028 possent:
804 2987 920 3018 deinde
937 2988 974 3018 ad

117 3030 166 3051 res
192 3021 286 3052 etiarn
313 3022 385 3054 alias
409 3026 584 3065 prorepfit;
615 3036 648 3059 ut
673 3037 777 3059 tamen
805 3027 974 3068 imaginem

117 3060 268 3092 custodiae
287 3064 335 3094 vel
355 3074 394 3095 ex
409 3066 509 3097 oculis
524 3069 553 3098 ἁ
571 3068 715 3109 εάΓρεέὶυ
734 3068 894 3109 praesentis
912 3070 973 3108 rei,

117 3103 168 3134 vel
197 3113 237 3134 ex
260 3103 458 3143 appositione
484 3106 621 3139 custodis
640 3132 649 3147 ,
686 3111 737 3142 vel
762 3120 803 3141 ex
839 3110 975 3142 clavium

117 3144 289 3176 traditione
318 3148 398 3185 apud
419 3147 567 3180 horreum
587 3149 617 3180 in
640 3159 705 3190 quo
731 3150 828 3182 essent
853 3160 975 3183 merces

118 3185 274 3226 venditae,
302 3188 351 3219 vel
367 3197 408 3219 ex
422 3190 627 3229 praecedente
643 3192 831 3224 detentione
846 3201 887 3224 ex
904 3201 975 3224 cau·

1434 94 1482 136 II.

1023 185 1050 217 sa
1072 186 1205 228 depositi
1231 188 1281 220 vel
1310 188 1507 221 commodati
1528 187 1579 220 vel
1603 188 1718 227 locati,
1742 188 1881 221 interve-2

1021 228 1088 258 nire
1112 228 1236 260 necess'e
1252 228 1346 262 esset:
1370 239 1540 271 propterea
1558 231 1645 271 quod
1663 231 1694 262 in
1715 231 1762 262 his
1777 232 1880 263 omni-

1022 269 1079 300 bus
1104 271 1278 310 corporalis
1302 271 1510 311 apprehensio
1537 272 1566 303 &
1591 272 1690 304 taetus
1714 272 1792 304 nihil
1809 273 1880 313 plus

1022 312 1218 342 concederet
1236 312 1435 352 adquirenti,
1467 322 1559 353 quam
1580 313 1642 354 jam
1668 313 1800 345 haberet
1825 322 1882 353 per

1020 350 1195 383 custodiam
1221 353 1263 384 rei
1288 355 1440 393 mobilis3
1479 354 1618 395 denique
1634 378 1644 393 ‚
1683 355 1770 394 quod
1792 362 1881 386 natu·

1021 393 1092 424 ralis
1118 395 1161 424 rei
1186 393 1313 426 mobilis
1345 395 1554 436 apprehensio
1584 403 1705 427 tantum
1730 395 1881 427 custodire

1019 433 1117 474 gratia
1133 434 1347 467 adhiberetur.
1392 436 1437 468 lta
1455 435 1553 476 Gajus
1580 437 1598 468 l.
1618 446 1646 473 9.
1673 437 1702 478 ᾗ.
1722 447 1751 477 5.
1775 437 1816 469 D.
1848 439 1881 468 cie

1019 476 1192 515 adquirendo
1223 485 1318 507 rerum
1339 478 1488 516 doiriz‘nz‘o3
1519 479 1548 508 dt
1579 479 1608 509 in
1639 480 1746 517 primis
1769 478 1880 510 Paulus

1019 517 1038 546 l.
1063 524 1086 546 1.
1111 515 1140 557 §.
1167 526 1217 548 211.
1242 517 1283 547 D.
1307 519 1340 548 de
1366 519 1543 558 adquirenda
1565 518 1749 559 poffeffione3
1782 529 1878 560 quern

1021 556 1127 588 locum
1153 558 1190 589 V.
1216 557 1285 589 CL.
1316 560 1472 590 Antonius
1500 559 1610 591 Faber.
1629 568 1659 600 p.
1684 570 1713 601 3.
1739 559 1784 592 De
1805 570 1881 591 erro-

1018 599 1097 628 ribus
1126 598 1372 640 Pragmatz'corum
1390 624 1399 638 ,
1429 601 1526 631 decad.
1551 610 1599 641 75.
1628 602 1729 632 Error.
1760 612 1787 632 ετ..
1814 610 1879 633 non

1018 643 1120 670 minus
1138 640 1318 679 ingeniose,
1353 650 1446 681 quam
1473 651 1547 672 vere
1564 665 1573 679 ‚
1604 641 1643 673 sic
1668 641 1821 681 restituit,
1844 641 1881 673 Si

1011 680 1161 721 jullerz'm,
1183 683 1355 712 venditorem
1367 685 1548 722 procuratori
1572 693 1630 713 rem
1650 684 1761 714 tradere
1775 707 1785 721 ‚
1815 693 1881 714 cum

1017 730 1049 751 eu
1071 722 1103 751 in
1120 724 1272 761 praesentia
1289 722 1353 760 fic.-
1385 725 1480 753 videri
1503 724 1573 754 mibi
1596 726 1734 755 traditam
1761 725 1879 764 Priscus

1017 764 1068 793 czz't.
1091 763 1219 803 idemque
1233 763 1303 803 effe,
1322 763 1350 801 si
1373 774 1500 795 numium·
1517 767 1666 795 debitorem
1680 764 1812 806 jufferim
1828 765 1881 796 alit

1019 805 1095 833 dare.
1120 813 1176 833 non
1193 803 1231 843 est
1254 807 1328 835 enim
1352 813 1463 843 corpore
1479 805 1526 836 eT
1542 805 1609 836 αὲἶα
1632 807 1690 846 (iu
1714 805 1759 837 est
1779 830 1788 845 ,
1820 816 1880 837 cor-

1014 852 1082 884 pore
1107 844 1142 878 &⁹
1162 847 1266 881 tactim
1292 855 1364 876 cuni
1392 848 1485 887 vulgo
1509 847 1659 878 scribatur
1675 871 1684 886 ‚
1708 854 1819 888 corpore
1841 847 1878 881 ἑά)

1020 884 1115 924 abiu)
1138 886 1239 926 neceffi?
1260 888 1466 927 apprehendere
1481 887 1690 929 pqffeffionem:
1716 891 1770 928 sed
1791 890 1879 920 eciam

1018 927 1105 956 oculis
1131 926 1167 960 &2³
1190 927 1306 967 affeetu.
1332 928 1367 962 &⁴
1390 936 1557 970 argumento
1580 929 1630 970 effe
1652 938 1697 960 eas
1720 939 1784 969 res,
1817 937 1880 971 qztce

1015 972 1130 1007 propter
1146 970 1374 1008 magnitudinem
1394 972 1526 1010 ponderis
1541 972 1649 1001 moveri
1671 981 1727 1001 non
1740 970 1877 1012 poffzmt:

1018 1014 1050 1038 ut
1068 1008 1229 1041 columnus:
1262 1020 1329 1040 riam
1342 1016 1395 1050 pro
1412 1013 1529 1042 traditis
1551 1022 1597 1042 eas
1619 1012 1730 1051 baberi,
1750 1011 1777 1050 fi
1791 1014 1822 1043 in
1847 1021 1877 1043 re

1012 1049 1148 1089 praesemz'
1163 1052 1359 1089 consenserint.
1390 1051 1425 1085 ὅ)
1448 1062 1520 1083 ‘uma
1545 1054 1653 1084 tradito
1675 1055 1790 1092 videri,
1812 1063 1879 1085 crim

1018 1090 1111 1120 clar-es
1138 1091 1209 1121 cellae
1235 1093 1356 1122 vinariae
1379 1095 1496 1132 emptori
1515 1096 1628 1125 tractim
1642 1095 1769 1133 fuerint.
1813 1096 1880 1126 Sed

1019 1131 1048 1161 (St
1073 1130 1092 1161 li
1119 1133 1267 1163 venditor
1289 1136 1426 1173 emptori
1452 1136 1588 1166 vicinum
1615 1135 1747 1167 fundum
1771 1137 1801 1167 in
1826 1135 1879 1167 sua.

1020 1180 1104 1202 turre
1121 1173 1336 1213 demonstret3
1360 1176 1491 1215 ejusque
1509 1175 1539 1206 se
1564 1185 1694 1208 vacuam
1718 1177 1880 1217 poffeffio·

1020 1222 1091 1243 neni
1109 1215 1136 1244 ei
1155 1215 1278 1245 tradere
1293 1216 1398 1248 dicat:
1422 1217 1552 1256 placet,
1577 1217 1795 1257 pofl'effionem
1812 1227 1880 1250 em*

1019 1254 1105 1294 ptori
1126 1253 1197 1286 solis
1217 1257 1318 1288 oculis
1339 1256 1470 1297 soloque
1492 1257 1606 1289 aflectu
1626 1260 1775 1297 perinde,
1799 1269 1835 1290 ac
1856 1259 1879 1291 fi

1019 1295 1136 1326 fundus
1170 1298 1353 1329 naturaliter
1387 1307 1564 1338 occupatus
1600 1299 1879 1340 apprehensusque

1018 1336 1113 1374 esset,
1138 1338 1278 1378 adquiri:
1304 1348 1336 1369 ut
1355 1339 1437 1371 bene
1458 1339 1565 1372 Celsus
1580 1340 1598 1372 l.
1622 1346 1665 1375 18.
1684 1340 1711 1382 §.
1732 1352 1759 1372 2.
1784 1341 1826 1374 D.
1844 1343 1879 1372 de·

1018 1381 1195 1418 (adquirenda
1221 1379 1404 1420 poffleffione‚
1445 1382 1549 1413 »erbis
1582 1380 1793 1422 sequentibus.
1845 1383 1881 1413 Sz·

1017 1420 1193 1451 venditorem
1209 1443 1217 1458 ‚
1249 1424 1322 1462 quod
1350 1423 1464 1454 emer-ivn
1481 1446 1489 1461 ‚
1514 1425 1648 1462 deponere
1673 1425 1703 1454 z'n
1725 1425 1802 1454 domo
1817 1431 1880 1455 mea

1010 1460 1159 1501 juſjerim,
1178 1460 1312 1502 poffictere
1328 1473 1371 1493 me
1386 1472 1492 1494 cerium
1513 1464 1570 1504 est,
1596 1474 1762 1506 quemquam
1780 1467 1810 1496 id
1829 1474 1878 1495 ne-

1016 1512 1057 1531 mo
1086 1505 1154 1532 dum
1184 1506 1324 1544 attigerit.
1355 1510 1408 1535 aut
1433 1504 1462 1543 fi
1486 1507 1617 1536 vicinum
1649 1507 1720 1537 mibi
1740 1507 1880 1546 fundum

1015 1549 1136 1573 mercato
1153 1546 1288 1575 venditor
1304 1547 1334 1576 in
1351 1555 1411 1577 mea
1427 1553 1507 1576 turre
1525 1545 1710 1587 demonstret,
1739 1557 1877 1579 vacuum-

1015 1593 1068 1625 que
1083 1589 1112 1622 se
1125 1583 1310 1625 poffeffionem
1327 1589 1437 1618 tradere
1454 1588 1529 1618 {licat
1541 1611 1549 1625 ‚
1574 1598 1629 1619 non
1651 1590 1746 1619 minus
1759 1587 1877 1629 poffide-

1015 1635 1045 1655 re
1076 1627 1146 1665 coepz‘
1164 1649 1173 1664 ,
1208 1636 1294 1667 quam
1311 1625 1339 1665 fi
1364 1631 1462 1668 perlem
1482 1629 1595 1667 ,sinibus
1621 1628 1772 1670 intulzffem
1825 1629 1878 1661 Sid

1018 1665 1154 1705 Celsus3
1185 1674 1248 1699 tam
1273 1669 1357 1700 clare
1380 1669 1571 1709 ostendens,
1607 1671 1636 1701 in
1662 1671 1709 1701 his
1742 1670 1879 1712 poffeffi-

1016 1717 1089 1739 nem
1107 1717 1212 1739 ammo
1232 1709 1299 1741 solo
1322 1709 1385 1742 fine
1408 1720 1546 1751 corpore
1570 1712 1597 1743 dt
1626 1712 1708 1744 caetu
1732 1713 1878 1753 adquiri,

1015 1758 1051 1789 ut
1075 1750 1112 1780 ad
1137 1749 1224 1781 istam
1256 1760 1385 1792 quoque
1411 1760 1531 1791 partem
1558 1752 1765 1785 distinctionis
1797 1753 1878 1785 nihil

1016 1789 1096 1821 ultra
1120 1791 1286 1823 desideres.
1318 1795 1525 1832 quamobrem
1555 1803 1681 1825 manum
1707 1795 1746 1826 de
1770 1795 1878 1826 tabula

1016 1831 1150 1862 tollam:
1175 1831 1195 1863 fi
1211 1833 1364 1864 addidero
1381 1857 1388 1868 ,
1412 1835 1493 1865 hanc
1519 1834 1622 1866 fictam
1647 1836 1876 1874 traditionem,

1016 1874 1087 1911 quia
1107 1873 1190 1904 civili
1215 1874 1477 1915 interpretatione
1501 1885 1559 1915 pro
1579 1878 1709 1907 naturali
1731 1878 1875 1908 traditio-

1015 1922 1054 1944 ne
1075 1913 1226 1953 nabetur,
1250 1915 1324 1945 ideo
1341 1917 1497 1947 interdum
1515 1919 1686 1949 naturalem
1707 1918 1876 1958 appellari;

1015 1955 1262 1995 exemplumque
1285 1966 1381 1988 unum
1407 1959 1471 1997 ejus
1491 1959 1614 1999 generis
1630 1982 1639 1996 ,
1672 1967 1706 1990 ut
1728 1960 1876 1990 omittam

1014 1995 1072 2026 alia
1090 2018 1098 2032 ‚
1125 2005 1235 2027 extare
1259 2001 1342 2038 apud
1369 1998 1494 2030 Paulum
1525 1999 1543 2030 l.
1574 2004 1601 2033 8.
1629 1999 1670 2031 D.
1696 2002 1729 2030 de
1746 2001 1875 2038 peculio:

1016 2037 1066 2067 ubi
1085 2038 1124 2067 de
1143 2038 1269 2077 peculio
1289 2038 1456 2077 differens,
1474 2042 1535 2076 ait,
1554 2042 1618 2080 ejus
1637 2050 1701 2072 rem
1720 2041 1781 2072 esse
1800 2049 1877 2072 tunc

1015 2079 1142 2110 demum
1160 2103 1167 2115 ‚
1198 2088 1271 2110 cum
1296 2082 1480 2112 naturaliter
1508 2083 1579 2113 data
1610 2082 1681 2118 est‚·
1715 2083 1769 2121 δι,
1802 2091 1876 2114 cum

1015 2121 1111 2159 quaeri
1139 2119 1240 2159 posset
1261 2143 1269 2159 ,
1302 2123 1429 2161 quando
1452 2124 1494 2153 ita
1511 2124 1580 2154 data
1606 2124 1792 2162 videretur3
1823 2125 1876 2155 ad·

1015 2162 1080 2199 dit,
1104 2168 1180 2191 tune
1203 2163 1304 2194 datam
1331 2165 1450 2200 videri,
1474 2174 1546 2195 cum
1565 2169 1711 2196 dominus
1727 2166 1878 2202 tradidit}

1015 2210 1087 2241 aut,
1112 2212 1182 2234 cum
1207 2207 1289 2243 apud
1309 2214 1381 2235 eum
1401 2204 1476 2236 ess'et
1495 2229 1504 2244 ‚
1536 2215 1593 2245 pro
1620 2207 1732 2237 tradita
1756 2207 1876 2237 habue-

1013 2244 1064 2274 rit.
1110 2243 1184 2275 Hoc
1203 2244 1321 2276 Paulus.
1348 2247 1430 2277 idem
1452 2249 1500 2278 vel
1520 2246 1615 2278 fimile
1631 2247 1727 2278 habet
1744 2246 1874 2285 Lubeog

1013 2285 1050 2315 ad
1069 2294 1206 2325 eumque
1221 2296 1251 2317 in
1272 2287 1366 2318 Notis
1380 2287 1526 2319 observat
1541 2288 1710 2327 ,Iavolenus
1730 2288 1748 2319 l.
1765 2298 1800 2329 51
1831 2288 1875 2319 D.

1012 2327 1045 2356 de
1067 2328 1245 2366 adquirenda
1259 2327 1424 2369 poffeſjione.
1470 2329 1574 2360 Verba
1598 2330 1661 2369 ejus
1685 2330 1768 2369 loci,
1802 2331 1875 2369 quia

1012 2366 1130 2398 habent
1164 2369 1288 2409 dignam
1320 2369 1517 2410 inquisitione
1543 2371 1753 2408 sententiam,
1779 2380 1878 2411 appo·

1011 2417 1102 2446 nam,
1121 2416 1153 2440 ut
1168 2409 1336 2449 illustrem,
1360 2420 1397 2441 ac
1415 2410 1544 2443 servem.
1580 2411 1685 2442 Verba
1703 2411 1876 2443 Labeonisa

1054 2450 1251 2494 Quarundam
1273 2462 1368 2483 rerum
1393 2455 1486 2483 cni-imo
1504 2452 1691 2493 poffeffionem
1721 2462 1769 2483 nos
1789 2454 1877 2493 apisci

1078 2492 1120 2521 ait
1139 2492 1256 2525 Labeo:
1285 2493 1376 2523 velun·
1391 2492 1420 2531 fi
1441 2504 1576 2525 acervum
1599 2496 1742 2536 lignorum
1767 2504 1875 2531 emam,

1076 2532 1112 2566 &²
1131 2543 1194 2564 eum
1216 2535 1347 2564 venditor
1366 2535 1460 2565 tollere
1475 2545 1517 2565 me
1531 2535 1665 2577 juffarzt:
1681 2534 1771 2573 sii-nul
1788 2543 1876 2577 atque

1076 2571 1231 2614 custodiam
1242 2575 1389 2615 poluiffem
1403 2599 1412 2613 ‚
1437 2577 1562 2607 traditur
1583 2577 1653 2608 mibi
1677 2579 1802 2608 videtur.
1848 2577 1876 2608 l-

1077 2618 1140 2646 dem
1156 2616 1234 2657 juris
1256 2615 1306 2656 effe
1322 2640 1330 2654 ,
1366 2619 1434 2647 vino
1467 2619 1581 2649 vendito
1597 2641 1606 2653 ,
1643 2628 1706 2648 cum
1735 2620 1876 2654 universae

1077 2657 1217 2696 artipborae
1238 2657 1401 2695 vinifimztl
1420 2658 1512 2698 effent.
1557 2659 1612 2690 Sed
1632 2661 1781 2690 videamus
1803 2661 1876 2700 (in-

1096 2697 1165 2737 uit)
1187 2708 1220 2728 ne
1236 2699 1291 2729 baec
1307 2699 1366 2739 ipsa
1389 2702 1511 2739 corporis
1528 2699 1696 2738 traditiofit
1713 2712 1720 2731 ι
1745 2703 1812 2742 quia
1830 2702 1875 2730 ni-

1076 2708 1118 2769 {nl
1135 2738 1251 2779 interest
1268 2763 1278 2778 ‚
1307 2748 1406 2771 utrum
1427 2742 1514 2779 mibi,
1546 2741 1638 2776 ars&
1655 2742 1770 2773 cuilibet
1788 2742 1876 2784 juffe-

1077 2781 1149 2816 rim‚
1174 2781 1299 2821 custodia
1321 2783 1482 2815 tradatur?

1019 2819 1126 2852 Verba
1150 2821 1235 2860 haec,
1260 2832 1292 2853 ur
1323 2825 1452 2863 monui,
1487 2823 1646 2856 Labeonis
1667 2824 1743 2856 sunt.
1767 2825 1797 2855 in
1827 2823 1876 2854 his

1019 2863 1125 2893 verbis
1150 2864 1182 2894 id
1208 2865 1342 2904 primum
1361 2873 1461 2904 noto,
1484 2867 1573 2906 quod
1602 2865 1710 2897 Labeo
1731 2865 1792 2900 ait,
1816 2874 1876 2895 nos

1019 2913 1084 2934 nou
1120 2906 1282 2944 omnium,
1305 2905 1356 2938 sed
1373 2908 1576 2947 quarumdam
1596 2916 1698 2938 rerum
1719 2906 1877 2951 poss'ess'io-

1017 2954 1089 2976 nem
1115 2946 1206 2985 apisci
1232 2948 1358 2984 animo,-
1389 2949 1637 2988 exemplumque
1668 2954 1757 2987 ponit
1781 2948 1812 2978 in
1842 2957 1876 2978 re

1017 2987 1163 3019 vendita:
1191 2989 1328 3025 deinde,
1352 2990 1527 3029 quodcum
1548 2992 1684 3021 animum
1712 2988 1876 3027 nominat,

1017 3027 1116 3059 solum
1135 3028 1292 3061 &nudum
1313 3031 1480 3071 intelligit:
1504 3031 1665 3069 postremo
1683 3036 1781 3068 puto,
1806 3039 1876 3061 ver-

1016 3068 1165 3107 siculum,
1182 3073 1232 3110 seri
1249 3073 1398 3103 videamus
1419 3074 1476 3103 &o
1501 3073 1541 3103 lic
1565 3071 1773 3108 accipendum
1796 3071 1878 3109 esse„⁴

1018 3110 1101 3151 quafi
1128 3111 1301 3152 significet:
1336 3113 1444 3144 Labeo
1472 3113 1569 3152 magis
1597 3111 1658 3142 ess‘e
1691 3111 1811 3151 inquit,
1842 3121 1876 3144 ut

1017 3152 1079 3192 ipsa
1098 3153 1186 3191 baec,
1211 3153 1265 3185 etsi
1283 3164 1315 3185 re
1334 3164 1407 3185 vcra
1425 3164 1488 3185 non
1509 3154 1543 3184 sit
1561 3154 1703 3193 corporis
1723 3154 1851 3185 traditio
1868 3179 1876 3191 ,

1019 3201 1124 3226 tamen
1149 3195 1313 3227 intellettu
1337 3195 1497 3266 Jnrissppro
1529 3197 1674 3235 corporis
1707 3196 1877 3267 traditiqpo

1416 3250 1426 3265 ,Δ
1450 3245 1467 3275 3
1847 3246 1876 3266 a·

1068 98 1242 135 Civitis
1294 99 1380 136 Lm.

1841 112 1883 134 “¹7

1840 127 1873 148 ΩΑ
