2036 3495
148 115 220 151 452

155 203 228 227 cum
251 193 382 225 domino
405 187 603 221 conti-atium
626 186 689 218 est:
711 185 849 218 maxime
872 184 894 216 fi
911 185 942 216 in
959 194 1026 217 rem

156 236 267 277 pastus
286 234 340 271 fit3
363 230 414 262 vel
431 231 493 267 ita,
517 228 570 260 Ne
587 237 604 258 a
621 228 754 259 domino
768 233 907 267 petatur.
939 227 1028 266 quod

155 276 178 309 fi
195 274 382 317 paciscatur,
398 269 452 302 Ne
463 279 480 301 a
492 269 522 300 se
539 276 680 309 petatur:
696 277 762 299 non
779 267 863 298 valet
880 267 1026 307 pactum:

159 318 232 358 quia
257 322 368 354 petere
391 311 454 349 est,
475 310 597 350 judicio
621 318 752 349 petere:
776 317 848 339 cum
868 307 959 340 servo
977 317 1029 339 au-

158 365 223 388 tem
241 355 323 386 nulla
340 352 422 383 aftio
439 351 485 382 est
501 351 521 382 l.
542 360 606 391 ¹05·
623 349 665 381 D.
681 351 714 380 de
727 349 939 390 regulisjuris‚
963 350 1029 380 nul-

158 399 222 430 lum
238 394 390 436 judicium
407 393 425 423 l.
445 396 475 424 6.
493 393 526 423 C.
546 394 579 423 de
588 392 718 434 judiciis.
742 390 764 422 fi
782 399 889 422 tamen
908 392 939 422 in
960 399 1028 422 rem

157 438 267 479 pactus
289 434 344 474 fit3
369 434 512 475 proderit
529 434 663 465 domino
683 433 712 463 ἃ
734 432 798 471 ejus
817 431 926 463 heredi
945 432 1028 472 pacti

158 477 320 518 exceptio.
346 476 436 516 quod
450 475 471 507 fi
486 475 516 506 in
534 474 698 515 personam
712 472 750 505 fit
763 481 959 514 conceptum
976 482 1029 513 pa-

158 520 259 557 &um3
285 525 362 548 tunc
380 516 518 557 superest
535 516 668 547 domino
686 524 751 546 non
770 514 874 554 pacti,
903 515 954 546 sed
972 517 1029 545 do-

157 562 177 593 ii
203 559 358 599 exceptio
378 559 407 590 d.
424 558 443 589 l.
465 567 514 590 21.
531 558 559 599 §.
582 567 606 588 1.
623 556 667 589 D.
691 558 723 587 de
736 555 838 595 pastis.
868 556 921 587 illa
941 554 1030 587 subfi-

158 601 252 633 diaria
277 599 477 639 exceptionis
501 598 583 638 paCti
607 598 626 628 l.
657 608 703 630 10.
730 597 758 639 §.
783 607 812 629 2.
832 595 875 627 D.
902 598 960 628 eod.
981 598 1028 628 tz't.

159 652 275 683 nempe
296 643 389 682 (quia
406 641 471 672 doli
489 640 641 680 exceptio
657 648 721 671 non
739 647 803 670 tam
821 647 860 668 ex
875 636 962 669 facto
979 647 1030 677 pa-

159 683 304 716 ciscentis
330 682 486 720 nascitur,
510 690 602 721 quarn
628 690 669 712 ex
692 680 770 711 dolo
792 679 953 717 volentis,
975 678 1031 710 fibi

160 726 328 758 occasione
345 724 426 765 Juris
443 723 554 755 Civilis
573 721 720 764 prodeffe
731 727 843 752 contra
859 721 1031 752 naturalem

160 767 341 807 aequitatem
358 766 376 796 l.
392 775 415 796 1.
435 765 464 806 ς.
485 773 509 795 1.
528 764 568 795 D
589 765 622 794 de
638 764 694 794 (loli
709 762 779 794 mali
795 762 832 796 ἐξ
846 768 937 793 metus
953 771 1032 793 exce-

153 809 273 851 ptione)
296 817 331 839 ea
355 814 488 837 utuntur
511 806 638 846 quidam
662 805 714 844 qui
737 803 817 843 pacti
838 804 1033 842 exceptione

161 852 205 882 uti
223 859 287 881 non
309 847 455 888 possunt3
478 846 628 878 suadente
645 844 847 887 personarum
863 844 1032 885 obligatio-

160 900 279 924 numve
296 889 521 930 conjunctione
538 890 566 920 d.
584 887 613 929 §.
630 897 659 919 2.
676 887 696 919 l.
716 895 764 918 10.

201 932 331 963 Pofi'nnt
348 929 533 971 igitur-filius
550 930 580 961 ἃ
595 929 699 961 servus
709 928 803 967 pacto
819 927 873 958 suo
884 928 965 966 patri
982 928 1033 959 vel

162 974 295 1005 domino
311 971 467 1012 prodess'e.
485 981 524 1003 an
540 971 570 1002 &
587 970 731 1002 nocere?
746 969 834 1001 nullo
851 969 959 1000 modo.
976 978 1033 1009 po·

163 1015 223 1046 test
248 1015 331 1045 enim
356 1013 504 1045 conditio
529 1012 635 1044 nostra
660 1021 716 1052 per
740 1020 796 1041 eos
815 1010 929 1041 melior
946 1009 1033 1049 fieri;

162 1056 303 1087 deterior
330 1054 398 1086 fieri
413 1065 477 1086 non
498 1053 604 1096 potest
621 1054 641 1084 l.
661 1062 728 1094 133.
749 1051 792 1083 D.
816 1052 849 1081 de
866 1051 1033 1093 regulis-ju-

161 1099 213 1129 ris.
237 1106 336 1138 porro
354 1093 434 1128 aelio
454 1097 494 1127 de
512 1105 573 1135 qua
591 1094 811 1136 paciscuntur,
834 1102 898 1123 non
916 1092 960 1124 est
980 1102 1034 1124 eo-

160 1148 229 1171 rum
241 1162 250 1177 ,
266 1138 319 1170 sed
335 1139 430 1178 patris
447 1145 499 1169 aut
516 1137 650 1168 domini.
673 1135 693 1167 si
711 1143 817 1180 tamen
834 1134 874 1165 de
891 1143 925 1165 re
940 1143 1035 1174 pecu-

162 1181 232 1212 liari
248 1180 337 1219 quus
356 1180 486 1211 liberam
504 1179 622 1209 habent
639 1175 960 1213 administrationem,
983 1185 1035 1215 pa-

161 1221 317 1253 ciscantur
328 1244 337 1258 ‚
353 1222 451 1252 modo
468 1229 530 1252 non
548 1218 731 1250 donationis
746 1215 851 1248 causa:
867 1216 945 1247 nibil
962 1226 1034 1247 cau-

161 1263 201 1294 sae
226 1262 287 1300 est,
311 1271 366 1293 cur
388 1271 452 1293 non
479 1260 592 1302 pacisci
611 1260 727 1300 possint
742 1258 761 1288 l.
780 1262 830 1291 28.
850 1256 891 1303 D.
908 1259 969 1288 eod.
987 1259 1033 1289 tit.

162 1314 235 1335 cum
254 1313 293 1335 ex
313 1303 407 1344 patris
424 1303 475 1334 vel
493 1302 614 1334 domini
628 1301 793 1332 voluntate
808 1297 923 1338 pacisci
943 1299 1033 1329 intel-

164 1347 313 1386 ligantur.
342 1345 407 1376 imo
430 1344 603 1375 videndum
627 1342 671 1373 est
689 1343 719 1372 in
737 1339 869 1380 persona
885 1337 1032 1370 filiifami-

163 1387 236 1425 liaS,
262 1396 301 1417 ne
316 1385 505 1425 aliquando,
530 1384 560 1415 ἃ
575 1383 594 1415 fi
613 1383 721 1423 pactus
736 1381 790 1418 fit,
816 1389 857 1411 ne
872 1386 961 1419 agat,
984 1389 1035 1411 va-

162 1429 228 1460 leat
244 1427 348 1466 pactio
364 1427 383 1458 l.
400 1437 450 1467 30.
468 1425 509 1456 D.
527 1426 585 1456 eod.
595 1427 640 1455 tit.
664 1424 736 1460 quia
752 1422 923 1465 aliquando
939 1420 1034 1452 filius-

165 1469 300 1500 familias
318 1468 414 1499 habet
431 1466 588 1497 aaronem
600 1488 609 1502 ‚
633 1464 733 1495 veluti
749 1462 930 1501 injuriarum
946 1461 965 1492 l.
988 1466 1034 1496 18.

162 1511 192 1552 §.
214 1519 238 1540 1.
258 1509 298 1539 D.
316 1510 350 1539 (ie
366 1508 505 1548 judiciis,
529 1506 548 1536 l.
570 1514 616 1544 17.
636 1504 679 1536 D.
702 1505 735 1534 cle
757 1504 840 1533 rebus
861 1503 994 1541 creditis,
1015 1503 1035 1534 l.

168 1560 213 1591 ¹3·
233 1549 269 1583 ξ5ἦ
285 1549 304 1579 l.
323 1558 352 1584 9.
375 1548 418 1578 D.
445 1548 478 1577 cle
494 1546 711 1587 obligationibus
728 1543 765 1578 ἑὸ)
780 1543 949 1575 cretionibus.
983 1543 1035 1576 sed

162 1600 234 1623 cum
251 1596 341 1630 pater
356 1597 488 1628 quoque
504 1587 620 1618 habeat
642 1586 818 1623 actionem,
842 1593 975 1625 propter
991 1586 1035 1617 in-

160 1633 271 1674 Juriam
300 1629 368 1662 filio
385 1629 521 1668 factam3
546 1628 682 1660 dubitari
700 1636 764 1658 non
781 1632 934 1666 oportet,
959 1627 1034 1666 quin

162 1673 266 1714 pastio
284 1670 338 1703 filii
354 1672 436 1713 patri
450 1678 594 1703 nocitura
609 1678 676 1702 non
694 1667 731 1700 fit
752 1668 782 1700 d.
800 1667 820 1699 l.
836 1677 887 1708 30.
933 1666 986 1700 Sic
1001 1669 1034 1701 in

160 1713 379 1747 filiofamilias.

203 1755 311 1799 Quid,
326 1754 347 1787 fi
362 1761 452 1796 pater
465 1754 538 1786 vice
553 1752 640 1785 versa
655 1750 775 1784 caverit
790 1749 858 1782 filio
872 1759 968 1792 quem
983 1750 1035 1782 ha—

161 1799 218 1830 bet
237 1799 268 1829 in
286 1796 470 1838 potestate?
494 1796 525 1828 ἂ
541 1795 670 1836 quidem
687 1793 709 1825 fi
724 1792 832 1834 patius
851 1793 880 1823 ei
897 1792 935 1824 fit
950 1792 1035 1833 quafi

161 1839 291 1871 heredi:
308 1838 421 1878 procul
436 1837 534 1869 dubio
552 1835 696 1878 proderit
711 1834 741 1866 ei
757 1833 894 1875 pactum.
909 1834 996 1874 quod
1013 1833 1036 1866 fi

162 1881 272 1923 pactus
288 1881 317 1913 ei
342 1880 378 1912 fit
395 1887 556 1920 tamquam
574 1878 662 1917 filio,
686 1885 751 1908 non
771 1882 930 1915 tamquam
947 1875 1038 1907 here-

161 1924 211 1955 di:
235 1932 299 1955 non
316 1922 424 1962 placet
441 1920 539 1953 Paulo
550 1944 559 1960 ‚
575 1917 721 1962 prodeffe
737 1916 804 1949 filio
821 1917 967 1958 patrum,
991 1924 1038 1948 et-

160 1964 184 1996 fi
202 1967 281 2004 patri
299 1964 391 1996 heres
409 1962 520 1995 existat
535 1962 556 1995 l.
577 1971 625 2002 17.
642 1960 672 2002 §.
690 1969 720 1999 4.
739 1958 832 2005 1).,άε
843 1958 946 1999 pastis.
984 1959 1039 1990 At-

162 2007 216 2044 qui
233 2005 286 2037 filii
303 2005 430 2047 patium
448 2002 577 2044 prodest
594 2003 685 2044 patri.
708 2001 771 2033 Sed
786 2000 934 2031 interest:
952 2000 1040 2041 quod

163 2047 253 2078 liberi
272 2047 344 2087 Jure
363 2046 459 2078 Civili
481 2048 563 2087 patri
587 2045 674 2085 cujus
692 2042 722 2074 in
740 2040 899 2082 potestate
915 2040 992 2080 fint,
1010 2042 1041 2073 δε

161 2088 209 2128 jus
226 2088 254 2119 ἃ
275 2087 394 2120 factum
411 2088 602 2129 adquirunt:
617 2093 707 2126 pater
718 2090 831 2129 contra
847 2083 954 2113 liberis
972 2090 1039 2114 tan-

168 2137 237 2160 tum
262 2130 349 2169 quod
375 2130 449 2169 iuris
467 2128 531 2167 est,
555 2128 585 2159 ὅς
602 2126 682 2168 patri
699 2126 821 2165 adquiri
839 2122 963 2163 p0test,
986 2124 1039 2156 ad-

166 2170 284 2211 quirit:
308 2169 428 2201 scilicet
440 2193 450 2208 ,
474 2171 544 2210 quia
565 2176 632 2200 tum
649 2167 782 2208 perinde
797 2165 949 2203 habetur,
964 2174 1002 2196 ac
1019 2164 1041 2197 fi

166 2212 312 2252 adquirat
336 2210 412 2250 fibi3
435 2219 507 2242 cum
529 2210 707 2250 quodjuris
723 2207 788 2245 est,
812 2216 852 2238 ne
871 2215 1039 2238 momento

165 2253 295 2293 quidem
315 2253 346 2284 in
364 2252 498 2293 persona
514 2252 570 2283 filii
588 2250 754 2287 confistat,
771 2248 823 2280 sed
839 2248 940 2279 statim
960 2248 1039 2289 patri

166 2294 360 2334 adquiratur.
384 2295 471 2334 quod
485 2293 504 2325 fi
521 2300 610 2333 pater
626 2291 744 2323 facium
759 2289 907 2321 conferat
924 2290 955 2320 in
972 2299 1040 2330 per-

167 2335 276 2366 sonam
295 2334 374 2374 fi1ii3
397 2344 460 2366 non
480 2334 639 2374 competit
656 2332 739 2372 patri
754 2331 855 2370 actio,
872 2338 907 2361 ut
922 2330 977 2362 fibi
996 2330 1041 2362 fa-

166 2386 241 2408 cere
258 2377 352 2408 liceat
367 2388 375 2408 :
400 2377 470 2416 quia
488 2385 552 2407 non
570 2374 673 2406 voluit
689 2381 779 2414 pater
795 2371 844 2411 se,
868 2372 919 2404 sed
937 2372 1040 2403 voluit

166 2417 268 2449 filium
292 2417 401 2449 facere
425 2418 456 2448 id
473 2418 559 2457 cujus
576 2425 677 2456 capax
693 2415 754 2446 est:
779 2423 839 2445 nec
856 2413 954 2454 magis
971 2414 1039 2445 filio

168 2460 328 2498 competit
351 2459 453 2497 affio,
477 2459 550 2499 quia
572 2457 593 2489 fi
618 2458 684 2497 eius
703 2456 808 2494 soret,
831 2455 908 2487 efiet
924 2455 1038 2495 patris:

169 2502 256 2540 quod
273 2508 361 2538 pater
380 2500 493 2531 noluit.
526 2499 644 2530 inutilis
668 2498 762 2538 igitur
781 2496 826 2528 est
844 2495 1001 2537 stipulatio
1018 2496 1038 2528 l.

172 2549 240 2580 130.
258 2541 299 2571 D.
321 2542 354 2570 de
371 2543 520 2572 verborum
534 2540 764 2581 obligationibus.
795 2539 846 2570 Sic
866 2539 896 2569 in
915 2537 1038 2578 stipula-

167 2582 266 2614 tione.
290 2582 373 2613 nnde
389 2583 428 2613 de
445 2582 539 2623 pacto
549 2581 730 2621 conjectura
745 2578 813 2612 fieri
825 2578 943 2621 potest.
966 2587 1039 2610 nam

733 97 1043 134 GERARDI
1089 94 1319 130 Neon-r

1068 184 1100 215 in
1117 183 1210 225 patto
1227 184 1326 225 magis
1343 183 1482 223 fastum,
1497 192 1591 225 quam
1605 185 1652 225 jus
1667 184 1800 225 versari,
1825 186 1939 221 Paulus

1069 226 1113 256 ait
1127 226 1148 256 l.
1168 236 1216 266 27.
1235 226 1264 267 §.
1281 235 1310 257 2.
1327 226 1370 258 D.
1396 227 1429 257 de
1438 225 1542 267 pastis.
1574 225 1679 267 finge:
1701 226 1756 266 (ut
1774 228 1939 267 explicem

1069 266 1088 297 l.
1107 275 1156 300 21.
1171 266 1201 308 §.
1219 277 1248 298 2.
1267 266 1308 299 D.
1328 269 1386 299 eod.
1403 268 1470 308 tit.)
1501 274 1592 308 pater
1606 267 1674 299 filio
1691 266 1747 299 suo
1761 269 1940 308 pactusest.

1069 317 1135 339 non
1151 307 1280 347 prodest
1296 308 1364 341 filio
1380 310 1475 349 patris
1494 308 1620 349 pactum
1637 318 1678 340 ex
1695 307 1851 340 sententia
1864 310 1942 342 Pau-

1070 349 1090 380 li
1106 350 1133 380 d.
1149 349 1168 381 l.
1190 358 1236 388 17.
1253 349 1282 391 §.
1297 360 1326 391 3.
1351 358 1383 382 ut
1401 359 1475 381 ante
1492 352 1613 382 monui.
1643 351 1724 390 patri
1742 358 1847 381 tamen
1867 360 1942 391 pr-o-

1070 389 1173 429 desse,
1196 391 1240 422 ait
1255 392 1410 423 Proculus
1427 393 1456 423 d.
1476 391 1495 422 l.
1513 401 1562 423 21.
1579 391 1609 433 §.
1628 401 1656 422 2.
1679 399 1717 422 au
1735 391 1846 423 recte?
1869 400 1942 424 nam

1070 429 1092 462 fi
1108 439 1199 470 putat
1220 432 1393 472 Proculus,
1418 433 1542 473 pactum
1565 433 1678 473 patris,
1701 430 1753 463 Ne
1770 442 1787 463 a
1803 432 1870 463 filio
1885 442 1941 473 pe-

1072 480 1173 511 tatur,
1197 474 1342 513 prodess'e
1358 475 1460 514 patri,
1476 483 1549 506 curn
1558 474 1750 505 convenitur
1766 473 1822 504 filii
1840 474 1941 506 nomi·

1070 522 1131 544 ne:
1147 522 1247 557 errat.
1286 525 1326 546 an
1350 523 1440 556 pater
1465 516 1637 556 impetrans
1661 525 1678 546 a
1703 515 1865 546 creditore
1887 524 1940 556 pa-

1073 554 1177 592 ftum,
1193 554 1245 586 Nc
1262 565 1279 586 a
1293 555 1361 587 filio
1375 564 1518 596 petatur,
1535 556 1720 597 paciscitur,
1737 554 1789 586 Ne
1805 565 1822 586 a
1839 555 1869 587 se
1885 565 1940 596 pe·

1073 596 1182 627 tatur?
1197 605 1407 637 nequaquam.
1423 598 1476 639 qui
1494 599 1590 639 igitur
1604 597 1710 638 potest
1725 597 1770 628 uti
1789 597 1869 637 pacti
1887 606 1942 628 ex-

1073 638 1243 677 ceptione,
1257 637 1279 668 fi
1295 647 1311 668 a
1327 640 1488 670 creditore
1504 639 1569 680 ipse
1585 638 1822 670 conveniatur‘2>
1837 639 1944 670 voluit

1076 679 1162 709 enim
1177 679 1317 710 creditor
1329 680 1378 719 jus
1395 680 1481 712 suum
1503 681 1640 712 retinere
1658 680 1817 721 integrum
1833 681 1944 711 adver-

1075 718 1124 765 sus
1141 726 1261 759 patrem
1273 743 1282 758 ‚
1297 720 1352 752 etsi
1368 722 1470 753 noluit
1486 722 1643 763 integrum
1660 721 1782 752 servare
1797 720 1945 753 adversus

1074 760 1185 792 filium.
1217 762 1304 800 atqui
1328 770 1419 802 pater
1442 762 1487 793 est
1501 764 1585 794 idem
1606 763 1684 794 filio.
1715 772 1831 803 nempe
1848 763 1879 794 in
1895 762 1945 794 his

1076 811 1145 842 quae
1162 802 1237 842 juris
1254 802 1339 834 sunt:
1357 812 1421 834 non
1438 805 1468 834 in
1487 803 1534 836 his
1551 813 1621 844 quae
1640 803 1710 835 sunt
1723 803 1809 835 fasti.
1831 813 1896 835 non
1914 812 1946 833 e·-

1075 843 1139 875 nim
1159 852 1268 875 natura
1285 843 1330 875 est
1347 853 1407 875 una
1425 845 1521 884 patris
1539 845 1568 876 δε
1583 844 1638 876 filii
1656 844 1808 886 persona,
1831 844 1883 876 sed
1901 845 1947 885 iu-

1075 884 1117 916 ris
1132 884 1282 917 fictione:
1305 894 1376 925 quae
1394 886 1478 917 nulla
1495 885 1540 917 est
1560 888 1592 917 in
1611 895 1644 917 re
1662 885 1757 923 fatti,
1780 895 1816 917 ut
1831 886 1876 917 est
1892 894 1946 924 pa·

1077 925 1172 957 Cturn.
1204 935 1282 968 ergo
1305 927 1429 967 pactum
1453 935 1471 957 a
1494 935 1582 967 patre
1606 927 1746 966 factum,
1769 926 1821 958 Ne
1844 937 1860 957 a
1877 926 1946 958 filio

1076 974 1224 1008 petatur,
1248 977 1352 1008 neque
1374 969 1454 1007 patri
1478 968 1625 1008 prodest,
1650 969 1722 1009 quia
1741 977 1806 999 non
1830 967 1875 998 est
1889 967 1947 999 fibi

1075 1008 1207 1049 pa6tu53
1230 1018 1335 1049 neque
1358 1009 1444 1048 filio,
1465 1010 1537 1049 quia
1561 1019 1626 1041 non
1653 1009 1758 1050 potest
1783 1009 1811 1040 ei
1831 1008 1947 1049 pacisci

1077 1058 1177 1090 pater.
1200 1049 1253 1081 sed
1270 1059 1330 1082 nec
1348 1051 1450 1091 patri,
1475 1050 1495 1082 fi
1513 1049 1567 1083 filii
1586 1052 1716 1082 nomine
1734 1051 1946 1089 convenitur3

1078 1092 1150 1131 quia
1168 1092 1254 1132 quod
1272 1091 1327 1132 ipfi
1343 1093 1455 1124 inutile
1472 1091 1535 1131 est,
1559 1101 1619 1123 nec
1642 1091 1803 1123 defensori
1819 1099 1950 1132 compe-

1078 1134 1127 1163 tit.
1152 1133 1228 1173 quid
1244 1134 1340 1174 igitur
1355 1134 1459 1164 voluit
1477 1133 1652 1165 Proculus:
1677 1133 1760 1172 Nos,
1778 1134 1945 1173 inquiens,

1076 1174 1121 1204 his
1141 1177 1193 1215 qui
1214 1176 1246 1204 in
1267 1174 1362 1215 nostra
1382 1173 1619 1215 potestatesn72t‚
1639 1174 1805 1215 paciscendo
1822 1173 1947 1215 prodqffe

1076 1224 1134 1246 non
1153 1214 1318 1256 poffunzus:
1330 1217 1384 1255 sed
1406 1217 1485 1247 nobis
1506 1217 1536 1247 id
1553 1216 1756 1257 profuturum.
1780 1214 1809 1254 fi
1834 1217 1947 1246 nomine

1076 1265 1173 1287 eorum
1196 1256 1423 1288 conveniamur?
1445 1257 1542 1288 Possit
1565 1259 1634 1297 quis
1658 1265 1820 1294 metuere,
1843 1266 1884 1288 ne
1900 1266 1947 1287 er—

1075 1305 1124 1328 ret
1141 1296 1305 1329 Proculus.
1336 1297 1388 1329 sed
1405 1299 1502 1339 magis
1520 1306 1610 1338 putat
1625 1298 1757 1336 Paulus,
1781 1297 1946 1329 obscuram

1077 1337 1139 1368 esse
1163 1339 1226 1378 ejus
1245 1339 1463 1377 locutionem,
1488 1340 1517 1370 ὃ(
1535 1340 1639 1379 aliqua
1662 1339 1832 1380 regendam
1850 1340 1947 1371 inter-

1078 1380 1268 1418 pretatione.
1313 1379 1358 1411 Ea
1376 1379 1530 1411 modestia
1545 1380 1587 1411 ufi
1606 1381 1774 1418 aliquando
1792 1380 1946 1418 Veteres,

1080 1420 1332 1459 imprudentibus
1347 1422 1478 1453 aliorum
1497 1422 1613 1453 verbis.
1654 1421 1845 1461 Exemplum
1862 1421 1881 1452 l.
1898 1430 1947 1458 19.

1079 1460 1107 1501 §.
1125 1471 1153 1492 2.
1175 1461 1218 1492 D.
1235 1463 1268 1492 de
1285 1464 1412 1502 receptis.
1448 1462 1572 1494 Eodem
1588 1463 1688 1494 modo
1706 1462 1837 1501 Paulus,
1860 1462 1947 1500 Hoc,

1077 1503 1200 1542 inquit,
1223 1503 1266 1533 ita
1291 1503 1364 1534 recte
1389 1505 1512 1540 (licitum
1538 1503 1559 1537 [Ξ
1578 1506 1610 1535 in
1621 1505 1784 1544 paciscendo
1802 1506 1832 1534 id
1849 1503 1947 1535 aetum

1070 1541 1131 1581 fit:
1154 1543 1218 1574 hoc
1233 1543 1296 1582 est,
1315 1544 1335 1575 fi
1352 1545 1384 1575 in
1400 1553 1467 1575 rem
1486 1544 1594 1585 pactus
1612 1544 1673 1576 esse
1687 1553 1777 1585 pater
1789 1549 1948 1585 propona-

1077 1592 1147 1615 tur:
1166 1584 1255 1616 verbi
1270 1585 1387 1625 gratia,
1404 1584 1457 1616 Ne
1472 1594 1615 1617 teneatur
1629 1585 1710 1617 filius
1727 1586 1746 1617 l.
1758 1595 1806 1625 40.
1826 1586 1869 1617 D.
1888 1587 1948 1617 eod.

1077 1626 1125 1657 tit.
1149 1627 1201 1657 vel
1219 1625 1283 1657 hoc
1299 1627 1419 1666 modo,
1436 1625 1488 1657 Ne
1499 1634 1624 1667 petatur
1639 1628 1726 1667 quod
1740 1627 1822 1659 filius
1838 1628 1948 1659 debet.

1077 1674 1144 1698 tum
1161 1667 1246 1698 enim
1264 1668 1360 1708 patris
1377 1668 1522 1708 paetum,
1539 1668 1594 1700 etsi
1609 1668 1676 1700 filio
1692 1678 1757 1700 non
1774 1668 1890 1709 profit,
1906 1675 1951 1699 ta·

1077 1716 1151 1740 men
1177 1709 1258 1749 patri
1282 1708 1431 1750 prodest3
1455 1708 1477 1741 fi
1500 1710 1707 1741 conveniatur
1730 1709 1786 1742 filii
1804 1711 1949 1741 nomine.

1077 1755 1227 1789 caeterum,
1250 1751 1282 1781 id
1304 1750 1369 1790 est,
1392 1751 1552 1792 alioquin,
1568 1750 1597 1789 fi
1612 1751 1763 1792 paciscar,
1786 1750 1837 1782 Ne
1855 1750 1950 1790 afilia

1076 1798 1177 1832 petas,
1196 1790 1257 1831 (fic
1271 1791 1435 1833 ingeniose
1450 1792 1528 1833 legit
1547 1792 1709 1832 Cuiacius:
1727 1800 1799 1823 cuin
1817 1792 1949 1831 edatur,

1076 1833 1128 1865 Ne
1142 1843 1160 1864 a
1178 1833 1272 1872 Titio,
1290 1834 1391 1874 petas)
1412 1835 1512 1865 deinde
1533 1834 1673 1865 abbionem
1688 1833 1826 1874 adversus
1842 1842 1885 1864 me
1900 1842 1949 1864 no-

1079 1875 1155 1905 mine
1170 1876 1232 1917 ejus
1248 1873 1403 1916 instituas:
1425 1885 1482 1907 non
1497 1873 1536 1916 est
1551 1877 1649 1907 (landa
1660 1874 1740 1916 pafibi
1755 1876 1889 1906 conventi
1902 1883 1951 1906 ex-

1081 1917 1179 1957 ceptio.
1202 1926 1271 1948 nam
1285 1917 1361 1958 quod
1376 1915 1428 1957 ipsi
1443 1917 1546 1948 inutile
1561 1914 1599 1958 est
1611 1940 1621 1956 ,
1644 1925 1695 1948 nec
1718 1916 1858 1956 defenstm‘
1878 1924 1949 1946 com·

1075 1959 1160 1999 petit.
1188 1958 1323 1998 Subjicit
1341 1966 1494 1999 praeterea
1509 1959 1644 1997 Paulus,
1667 1957 1827 1999 Julionum
1842 1965 1950 1999 quoque

1073 2000 1221 2040 scribere,
1244 2000 1278 2031 Si
1289 2005 1373 2040 pater
1385 1999 1490 2040 patius
1502 1997 1562 2038 fit,
1583 1998 1635 2031 Ne
1651 2009 1667 2030 a
1686 1999 1733 2037 se,
1754 2009 1836 2031 neve
1854 2008 1871 2029 a
1886 1998 1952 2029 filio

1082 2047 1230 2081 petatur:
1253 2043 1345 2083 magis
1367 2041 1417 2081 effe
1432 2064 1441 2080 ‚
1463 2047 1497 2072 ut
1514 2040 1596 2081 pabiz'
1619 2043 1743 2081 exceptio
1760 2039 1954 2081 filiffanzilias

1082 2083 1180 2113 danda
1195 2092 1253 2113 non
1261 2081 1312 2120 fit.
1337 2081 1447 2114 Recte.
1464 2091 1536 2113 narn
1553 2089 1662 2122 pater,
1679 2091 1834 2122 quatenus
1852 2081 1950 2121 pacis-

1082 2123 1181 2162 citur,
1205 2122 1258 2155 Ne
1278 2133 1294 2154 a
1311 2123 1340 2154 se
1357 2131 1501 2163 petatur,
1518 2123 1572 2155 etsi
1590 2124 1730 2162 addidit,
1747 2132 1830 2154 neve
1846 2132 1863 2153 a
1880 2121 1946 2153 filio

1082 2172 1234 2205 petatur,
1258 2165 1368 2205 utique
1392 2164 1448 2196 fibi
1475 2165 1584 2205 patius
1609 2164 1671 2197 est:
1696 2165 1783 2205 quod
1809 2163 1838 2194 ei
1860 2164 1946 2195 licet.

1084 2206 1158 2246 quid
1182 2206 1212 2237 ni
1236 2206 1331 2247 igitur
1356 2206 1458 2238 danda
1474 2207 1501 2237 ei
1521 2205 1565 2238 est
1582 2215 1622 2237 ex
1637 2205 1687 2236 sua
1702 2205 1849 2247 pactione
1866 2203 1948 2245 pacti

1083 2247 1259 2288 exceptio?
1283 2255 1438 2287 quatenus
1463 2257 1540 2278 vero
1563 2248 1748 2288 paciscitur,
1772 2245 1824 2278 Ne
1843 2255 1859 2276 a
1881 2245 1947 2277 filio

1083 2298 1214 2329 quoque
1231 2297 1374 2329 petatur-3
1390 2298 1454 2320 non
1472 2289 1516 2320 est
1533 2288 1735 2320 filiofamilias
1755 2288 1854 2319 danda
1869 2286 1948 2327 pacti

1082 2331 1254 2371 exceptio:
1279 2332 1351 2371 quia
1376 2340 1442 2362 non
1465 2329 1509 2361 est
1533 2330 1642 2371 pactus
1663 2329 1737 2368 fibi,
1760 2330 1812 2370 qui
1828 2328 1882 2360 fibi
1899 2337 1948 2369 pa-

1082 2371 1155 2403 cisci
1173 2371 1295 2411 potest3
1319 2371 1372 2403 sed
1397 2373 1424 2403 ei
1441 2372 1550 2412 pactus
1566 2372 1610 2402 est
1628 2372 1693 2412 ejus
1712 2379 1802 2412 pater
1817 2371 1869 2411 qui
1885 2377 1948 2401 non

1082 2413 1188 2453 potest
1213 2414 1240 2445 ei
1265 2413 1387 2454 pacisci.
1418 2412 1440 2445 fi
1460 2421 1564 2445 tamen
1590 2414 1654 2444 doli
1674 2411 1868 2451 exceptione
1884 2418 1948 2441 uta-

1083 2463 1133 2485 tur
1148 2454 1246 2487 filius:
1270 2464 1374 2494 neque
1389 2455 1547 2494 Julianus,
1572 2463 1677 2495 neque
1693 2454 1807 2485 Paulus
1823 2451 1946 2490 refistit,

1083 2505 1147 2533 quo
1162 2497 1265 2528 minus
1284 2506 1320 2527 ea
1338 2504 1444 2527 utatur
1461 2497 1489 2527 cl.
1507 2493 1525 2527 l.
1543 2504 1591 2527 21.
1609 2495 1637 2537 ἓ.
1656 2505 1686 2526 2.
1710 2503 1744 2526 ut
1761 2494 1841 2535 saepe
1857 2492 1946 2537 alibi,

1083 2537 1234 2570 suadente
1250 2537 1454 2579 personarum
1468 2537 1742 2579 obligationumve
1757 2534 1947 2576 conjunctio-

1082 2588 1134 2611 ne.
1173 2599 1176 2602 >

855 2677 1064 2711 CAPUT
1121 2675 1254 2712 XXV.

228 2766 279 2803 An
295 2765 429 2814 personis
445 2770 611 2814 conjzmtiis
626 2781 683 2803 non
700 2768 895 2816 existentibus
914 2768 945 2802 in
962 2766 1110 2815 potestate
1126 2765 1306 2813 paciscentis
1322 2775 1376 2801 aut
1385 2766 1587 2815 stipulantis‚
1608 2768 1672 2814 ejus
1682 2767 1819 2813 pastione
1837 2771 1891 2799 aut

522 2817 714 2863 stipulatione
733 2818 906 2863 adquiritur
924 2819 1055 2864 exceptio
1069 2817 1170 2862 publi,
1196 2824 1251 2850 aut
1267 2817 1346 2851 at‘iio
1364 2815 1595 2863 exstipulatzc?

167 2915 278 2990 Satis
301 2914 341 2946 de
364 2912 458 2953 pacto
482 2912 577 2951 patris
596 2913 626 2944 &
643 2913 717 2952 filii,
742 2914 772 2946 in
792 2914 857 2954 ejus
877 2913 1037 2955 potestate

234 2955 405 2988 existentis.
427 2962 499 2984 nam
515 2953 554 2982 de
570 2954 663 2991 patris
681 2954 774 2986 &filii
786 2956 977 2996 emancipati
989 2979 998 2994 ,
1015 2955 1037 2985 i-

169 3006 235 3030 tem
250 2997 359 3029 matris
376 2996 405 3026 &
421 2993 495 3033 filii,
510 3001 563 3024 aut
579 2994 628 3024 avi
647 2999 778 3027 materni
798 2997 827 3028 δί
843 2998 970 3037 nepotis
986 3005 1036 3036 pa-

169 3040 226 3071 ctis
250 3039 292 3070 nil
310 3037 459 3069 attineret
476 3043 635 3080 quaere-re:
658 3037 789 3074 (omnes
808 3040 892 3069 enim
909 3037 962 3069 fibi
981 3047 1035 3069 ex-

168 3080 268 3112 tranei
292 3079 380 3118 sunt)
402 3077 455 3109 nisi
481 3076 556 3108 effer
580 3085 610 3106 in
639 3076 686 3106 his
703 3078 851 3110 notabilis
868 3079 1035 3111 difficultas

167 3129 302 3162 propter
324 3121 444 3160 aliquot
469 3119 553 3159 leges
576 3117 690 3154 quibus
708 3119 896 3157 persuadent
911 3120 965 3151 fibi
985 3121 1032 3152 In-

1081 2918 1236 2953 quaeratur
1251 2911 1333 2951 pacti
1352 2911 1521 2951 exceptio,
1536 2920 1633 2953 atque
1648 2911 1741 2943 etiam
1759 2909 1857 2946 attio,
1880 2914 1943 2937 non

1080 2954 1209 2993 quidem
1225 2953 1341 2984 directa
1354 2977 1363 2991 ,
1387 2952 1439 2983 sed
1456 2954 1552 2985 utilis.
1585 2954 1680 2995 igitur
1698 2961 1759 2983 non
1776 2947 1945 2995 recusabo,

1080 2997 1120 3026 de
1135 2995 1182 3026 liis
1192 2994 1290 3034 paCtis
1301 2995 1394 3035 paulo
1405 2994 1586 3035 diligentius
1596 2993 1764 3031 disputare.
1787 2990 1920 3035 Rritnum
1932 3008 1943 3024 ,

1078 3036 1100 3068 fi
1126 3043 1215 3077 pater
1242 3035 1340 3067 filiurn
1357 3037 1554 3076 emancipat:
1579 3035 1614 3070 fit
1630 3033 1709 3065 filius
1725 3029 1872 3074 patrrsuo
1889 3036 1942 3073 ex-

1078 3085 1204 3109 traneus
1221 3077 1240 3107 l.
1255 3088 1305 3118 55.
1322 3078 1351 3119 §.
1374 3086 1398 3108 1.
1421 3076 1463 3107 D.
1482 3079 1515 3107 de
1530 3078 1592 3108 ritu
1606 3074 1791 3116 nuptiarum:
1809 3076 1849 3099 ita
1871 3077 1943 3108 qum

1078 3118 1190 3150 definit
1209 3117 1272 3149 esse
1288 3120 1371 3150 idem
1389 3118 1468 3156 patri
1486 3117 1560 3156 suo,
1577 3118 1681 3157 placet
1700 3111 1835 3151 Ulpiano
1853 3110 1872 3140 l.
1894 3119 1941 3141 ιο.

168 3170 325 3202 terpretes
341 3160 525 3198 doctissimi,
550 3157 632 3190 effici
650 3159 764 3199 patris,
790 3159 916 3198 matris,
939 3162 968 3192 ὅ(
985 3162 1034 3193 avi
1077 3159 1121 3191 D.
1140 3162 1175 3192 de
1197 3160 1459 3196 tronsafflonibns‚
1485 3159 1531 3189 De
1553 3167 1583 3187 re
1599 3156 1725 3196 filiorum
1741 3162 1809 3199 quos
1824 3153 1855 3182 in
1865 3156 1944 3199 'pote‘

166 3206 322 3243 materni,
343 3202 512 3235 affectione
536 3210 573 3233 ac
595 3206 695 3241 vot03
718 3207 753 3232 ut
776 3208 833 3241 per
855 3210 911 3233 eos
930 3201 1034 3235 liberis
1069 3199 1150 3241 state
1165 3211 1222 3234 non
1237 3202 1357 3240 babuit,
1381 3198 1581 3239 transigentem
1590 3202 1701 3237 patrem
1717 3202 1830 3225 ’mutina
1844 3202 1882 3224 ets
1896 3192 1941 3221 ob·

1877 3229 1936 3270 effe.
