2052 3487
222 157 266 191 16

219 245 294 274 ciens
311 240 346 277 δ’
363 246 460 272 caetera
473 238 573 280 sydera
590 244 713 274 vocans,
736 233 818 276 quasi
838 242 931 263 coram
946 233 1067 263 interro-

216 285 304 325 gabat
348 283 487 312 vellentne
504 279 631 309 contueri
651 278 735 307 inane
749 274 869 314 solum?
894 274 991 313 potius
1008 283 1068 316 rita-

220 334 250 355 re
258 307 499 364 superfunderent
514 317 649 357 adversus
665 322 808 347 ter-rarum
818 320 959 360 ereptores.
983 313 1069 359 Nem

221 373 256 396 ut
281 364 430 396 mundum
456 361 618 391 civitatem
634 380 644 396 ,
678 359 720 387 ita
741 356 838 387 sidera
862 364 948 385 cives
972 354 1068 385 facie-

219 406 296 436 bant
312 405 341 435 <St
359 401 550 443 magistratus
568 410 576 430 ς
607 406 642 429 ut
661 396 846 429 Plutarchus
871 395 1016 426 meminit
1037 395 1069 426 in

220 445 422 476 communibus
437 441 544 473 notitiis
560 440 697 479 adverjtis
713 438 839 472 Stoicos‚·
862 437 981 467 addens
992 459 1001 474 ‚
1022 435 1068 466 so·

218 487 282 518 lem
300 486 394 516 etiam
417 481 603 518 Consulem,
626 478 793 511 luciferum
820 477 993 508 Praetorem
1016 483 1069 508 aut

219 525 406 559 Praefectum
430 524 494 563 ejus
516 522 652 553 civitatis
676 520 867 560 appellatum
883 517 983 549 fuiffe.
1024 517 1070 549 Si-

217 567 335 600 mssiter
355 566 517 596 Petronius
531 586 541 601 ,
564 561 645 606 ,Quid
662 585 671 600 ‚
701 561 824 602 inquit,
847 569 903 590 non
926 568 1069 590 commune

219 606 276 649 est,
299 607 373 648 quod
395 612 504 636 natura
525 607 660 644 optimum
669 603 745 643 fecit
763 601 780 633 ⁶?
811 601 858 631 Sol
880 601 1007 631 omnibus
1024 601 1069 630 lii.-

220 655 272 679 cet.
305 648 395 679 Luna
411 645 661 678 innumerabilibus
675 645 808 674 comitata
822 641 964 679 fiderilms
983 642 1070 672 etiam

214 690 298 731 feras
321 689 401 720 ducit
424 689 461 719 acl
483 686 628 727 pabulum.
653 685 722 726 quid
742 685 824 724 aquis
847 683 904 713 clici
914 680 1071 722 formosius

215 727 306 771 potest
320 729 336 760 ,9
366 731 397 760 in
413 728 526 769 publico
550 733 644 757 tamen
666 730 797 756 manant.
838 723 927 754 Ecce
943 747 952 763 ‚
982 723 1070 763 quod

220 773 377 811 optimum
393 770 454 807 est,
477 769 508 800 id
526 768 623 799 modo
641 775 814 797 commune
828 773 925 796 vocat
937 788 945 803 ,
969 765 1070 796 modo

219 812 390 853 publicum.
433 809 580 841 Similiter
604 808 647 838 ait
666 809 785 838 Seneca
807 803 883 847 epist.
903 815 951 847 73.
975 805 1071 836 Stulta

219 853 349 884 avaricia
364 852 526 881 mortalium
541 847 726 890 poffiffionem
736 849 992 888 proprietatemque
1014 848 1070 877 dis-

219 894 328 930 cernit,
349 901 399 922 nee
417 893 666 932 qitidqztainsuiim
689 891 776 921 credit
797 888 866 929 effe,
889 890 963 929 quod
975 888 1070 928 publi-

218 944 283 965 cum
297 931 344 973 est.
388 933 432 962 At
450 932 494 962 ille
499 932 618 972 stipiens
634 931 707 961 nihil
715 931 806 971 fitam
821 930 938 971 judicat
959 930 1069 970 magis,

218 984 306 1016 quam
329 973 411 1014 cujus
429 973 471 1002 illi
488 983 552 1003 cum
573 972 696 1003 humano
714 980 815 1013 genere
838 971 1007 1010 confhrtium
1023 967 1068 1010 est.

216 1015 283 1047 Nec
302 1016 375 1045 enim
399 1012 483 1053 effent
505 1011 560 1053 ista
579 1016 736 1044 communia
752 1035 761 1050 ‚
796 1010 850 1050 nisi
868 1018 937 1052 pors
959 1011 1073 1042 illorum

214 1057 366 1098 pertineret
389 1053 577 1095 ailsirigiilos.
621 1054 710 1086 Idem
730 1054 849 1085 Seneca
874 1054 903 1084 in
928 1050 1004 1093 epist.
1023 1056 1071 1086 88.

217 1095 568 1138 NegantJicriv'scoqsulti,
580 1097 737 1136 quidquam
752 1095 870 1135 tisiccapi
880 1099 970 1135 ‚quoti
982 1093 1073 1133 puhli-

218 1135 499 1177 cumeJl:puhli'cum
517 1134 556 1176 est
570 1137 638 1175 hoc,
649 1138 722 1177 quod
739 1144 831 1174 tenes,
850 1135 885 1168 ὅ)
897 1136 1008 1176 quidem
1024 1143 1073 1175 ge-

218 1180 293 1209 neris
312 1178 440 1208 humani.
468 1177 616 1208 Similiter
634 1179 664 1208 in
681 1175 758 1218 epist,
779 1181 806 1211 8.
832 1185 929 1208 voces
947 1175 1073 1215 Epicuri

215 1219 359 1260 publicas
384 1218 542 1257 nominat,
568 1228 607 1249 eo
625 1221 710 1259 quod
734 1219 825 1249 editae
843 1218 882 1249 ad
899 1216 983 1248 usum
1007 1225 1072 1248 om·

215 1262 302 1292 nium
315 1283 324 1298 ,
346 1260 516 1299 occupanti
535 1261 662 1291 cedunt.
694 1257 789 1300 Potest
801 1259 888 1298 fieri,
907 1258 1071 1298 inquiens,

217 1307 250 1333 tlt
270 1310 311 1332 iiio
328 1302 503 1342 interroges,
528 1310 616 1342 quare
630 1302 664 1331 ab
684 1301 811 1342 Epicuro
827 1305 884 1331 tom
899 1303 989 1330 inulta
1005 1300 1071 1329 bene

216 1341 293 1373 dista
314 1343 435 1382 referam
454 1344 570 1382 potius,
602 1352 689 1384 quam
711 1339 879 1382 nostrorum.
922 1340 1004 1385 Quid
1028 1345 1070 1370 ta·

216 1393 278 1415 'men
298 1381 354 1423 est,
378 1393 467 1424 quare
483 1388 515 1413 tu
533 1381 600 1423 istas
618 1383 737 1423 Epicuri
752 1392 832 1413 voces
846 1387 930 1422 putes
947 1381 997 1422 effe
1014 1390 1070 1411 non

212 1424 368 1466 publicus?
391 1424 462 1456 Ncc
485 1425 607 1456 mitiore
624 1425 779 1465 elegantia
802 1424 1008 1464 Symmachus
1023 1422 1070 1453 lib.

218 1477 246 1497 1.
271 1463 347 1506 epist.
370 1475 420 1506 31.
448 1465 521 1496 Cum
528 1465 614 1506 semel
631 1476 648 1496 α
666 1471 692 1496 te
708 1474 823 1496 carmen
835 1463 996 1505 profestum
1011 1461 1050 1503 est
1061 1486 1070 1502 ‚

213 1508 266 1549 jus
295 1516 373 1537 omne
399 1504 516 1547 posuisti
532 1530 540 1545 ‚
572 1507 660 1537 oratio
678 1506 792 1547 publica
808 1529 818 1544 ‚
849 1515 893 1536 res
914 1506 1002 1535 libera
1020 1501 1069 1549 eff·

216 1549 287 1581 Pari
310 1548 433 1579 ratione
454 1547 595 1579 Scaevola
613 1548 652 1579 de
670 1548 831 1579 communi
858 1547 1000 1578 littorum
1017 1546 1070 1576 ulu

216 1589 352 1630 loquens
362 1606 374 1627 ‚-
396 1589 432 1621 In
450 1589 564 1628 littore,
594 1588 722 1629 inquit,
739 1589 808 1631 jure
829 1589 961 1629 gentium
985 1586 1071 1626 aedifi-

217 1640 282 1662 care
302 1631 384 1661 licere
402 1653 412 1670 ,
443 1628 499 1668 nifi
520 1633 587 1667 ulus
602 1630 735 1671 publicus
760 1631 905 1670 impediret
929 1629 947 1659 l.
973 1638 1002 1668 4.
1026 1627 1069 1659 D.

216 1672 267 1708 Ne
284 1673 353 1713 quid
375 1672 407 1702 in
429 1670 484 1702 loco
501 1671 624 1712 publico.
667 1670 866 1712 Pomponius
889 1678 1018 1711 quoque
1039 1670 1071 1700 in

215 1713 236 1744 l.
251 1713 361 1754 penult.
387 1712 429 1744 D.
449 1714 482 1742 de
502 1721 597 1743 rerum
612 1710 758 1750 divisione.
802 1708 899 1752 Aristo
917 1712 977 1749 ait,
993 1709 1071 1749 sicut

217 1755 266 1793 id,
291 1755 365 1796 quod
381 1754 507 1785 inmari
523 1753 695 1793 aedificcitum
709 1752 771 1792 fit,
795 1752 880 1793 fieret
899 1754 1070 1793 privatum,

217 1796 261 1827 ita
276 1796 350 1836 quod
370 1795 445 1826 metri
461 1801 630 1836 occupatum
641 1793 699 1833 sit,
716 1794 785 1834 fieri
800 1795 958 1834 publicum.
991 1793 1071 1824 Item

217 1836 331 1868 Paulus
354 1837 373 1866 l.
403 1845 447 1875 14.
471 1835 513 1867 D.
539 1837 571 1866 de
592 1836 720 1877 injuriis.
765 1835 797 1865 Si
817 1836 906 1866 maris
924 1836 1070 1874 proprium

214 1878 263 1919 jiis
281 1879 317 1907 ad
334 1877 453 1918 aliquem
464 1881 607 1917 pertineat
624 1899 634 1915 ,
663 1877 709 1907 uti
722 1874 864 1917 poffidetis
886 1874 1070 1906 interdietum

218 1921 243 1949 ei
261 1920 408 1958 competit,
429 1916 451 1953 ἢ
467 1918 650 1958 prohibeatur
659 1918 710 1958 jus
717 1918 808 1957 suum
825 1926 951 1947 exercere
969 1939 978 1955 ,
1001 1926 1070 1957 quo-

219 1960 299 1990 niam
322 1960 359 1989 od
376 1960 526 1998 privatam
549 1959 608 1998 jam
624 1963 740 1998 causam
753 1959 898 1998 pertineat
921 1958 978 1987 haec
1000 1966 1044 1987 res
1059 1979 1069 1994 ,

218 2009 276 2030 non
291 2001 327 2030 ad
340 1999 502 2039 publicani:
526 2000 557 2030 id
574 1999 618 2030 est
635 2023 645 2038 ,
677 2000 715 2030 ad
738 2007 942 2030 communem
959 2008 969 2037 ;
997 2007 1069 2029 nam

217 2050 304 2073 mare
324 2041 451 2082 naturali
469 2041 536 2080 jtire
554 2049 724 2072 commune
744 2039 798 2071 est.
903 2058 905 2061 <

257 2092 283 2119 4.
310 2082 401 2118 Sive,
425 2089 459 2111 ut
481 2082 604 2121 plenius
622 2082 698 2113 dicit
716 2080 813 2122 Gajus
837 2080 867 2111 in
889 2080 909 2111 l.
930 2090 960 2120 5.
976 2078 1018 2110 D.
1038 2081 1070 2110 de

218 2132 313 2154 rerum
334 2120 469 2159 divisione
482 2145 491 2160 ‚
523 2123 562 2153 de
580 2122 633 2154 usu
648 2124 784 2162 riparum
808 2121 956 2152 differens
972 2144 982 2159 ‚
1014 2130 1069 2160 pu-

217 2164 335 2194 blicum
353 2164 420 2203 jure
441 2164 582 2203 gentium
600 2187 608 2201 ‚
642 2164 713 2203 vel,
738 2171 771 2194 ut
790 2161 1007 2193 Tribonianus
1030 2171 1071 2193 ex

219 2206 349 2243 antiquo
366 2204 591 2242 jurisconsulto
614 2204 644 2235 in
668 2204 696 2245 ἕ.
721 2216 751 2245 5«.
777 2201 846 2244 Irist.
872 2205 928 2234 eod.
953 2205 999 2233 tit.
1026 2204 1069 2234 lo-

219 2248 326 2286 quitur
341 2246 380 2276 de
396 2245 571 2283 littoribus,
596 2245 758 2284 publicum
776 2245 894 2285 &juris
907 2247 1069 2285 gentium:

219 2296 291 2318 nam
319 2286 406 2326 quod
435 2285 475 2316 D.
506 2287 665 2317 Arnoldus
691 2287 823 2318 Vinnius
848 2285 902 2316 ista
925 2285 1070 2326 distingui

217 2328 338 2365 voluit,
362 2326 436 2357 milii
456 2335 519 2358 non
540 2327 708 2367 probatur:
740 2329 791 2368 qui
812 2327 907 2358 didici
925 2336 963 2357 ex
984 2326 1072 2366 Papi-

217 2369 336 2405 niano,
369 2377 476 2407 parum
504 2368 647 2399 intereffe
665 2392 675 2407 ‚
709 2377 812 2400 uti-um
840 2368 943 2406 dicas,
968 2368 1070 2407 publi-

218 2419 288 2440 cum
302 2409 369 2448 jure
388 2410 546 2450 gentium.
576 2419 613 2440 an
632 2409 793 2450 publicum
815 2409 890 2449 juris
909 2410 1069 2449 gentium:

217 2460 287 2481 nam
309 2461 336 2480 iii
356 2451 373 2480 l.
393 2461 441 2489 45.
470 2450 510 2480 J).
532 2452 564 2480 cle
580 2452 813 2490 ulurpntiorzihzis
837 2450 872 2484 ὅ)
895 2451 1072 2490 usucapioni-

218 2493 270 2522 biis
294 2490 420 2521 flumina
444 2492 568 2530 publica
596 2493 625 2523 ἃ
652 2492 757 2523 littora
784 2491 909 2532 publica
934 2492 1071 2532 appellat

218 2542 282 2562 uno
316 2541 372 2561 ore
405 2533 474 2563 loca
496 2532 570 2571 juris
604 2534 746 2573 gentium
772 2533 904 2573 publica.
948 2533 1009 2564 Sed
1041 2533 1070 2563 ἃ.

218 2572 316 2613 Gejus
335 2573 365 2603 in
384 2573 402 2603 l.
422 2582 450 2612 7.
470 2572 498 2614 ᾗ.
514 2584 542 2612 5.
568 2572 608 2603 D.
628 2576 660 2604 cie
678 2576 851 2615 adquirendo
874 2583 967 2604 rtrum
984 2575 1072 2605 domi-

218 2616 264 2645 m‘o
292 2621 401 2654 aperte
428 2615 609 2653 pronuntiat
627 2638 635 2653 ,
666 2616 791 2647 alveum
820 2615 849 2646 ἃ
875 2614 992 2647 flumen
1015 2624 1070 2656 pu-

218 2656 336 2687 blicum
356 2654 416 2685 ell'e
431 2655 505 2694 J'uris
528 2657 682 2695 gentium.

258 2707 288 2737 5.
321 2695 429 2735 Itaque
463 2704 511 2726 res
546 2705 732 2728 communes
762 2698 791 2728 &
817 2698 951 2738 publicae
970 2721 979 2736 ‚
1008 2697 1071 2729 sive

219 2737 259 2769 de
275 2740 347 2768 aere
363 2759 373 2774 ‚
401 2746 479 2776 aqua
499 2736 675 2776 profluente
692 2761 701 2776 ‚
731 2740 807 2770 mari
830 2740 992 2770 littoribus
1008 2748 1072 2770 ma-

216 2779 261 2810 ris
278 2801 288 2816 ,
319 2777 381 2809 sive
404 2778 443 2808 de
459 2777 638 2810 fluminibus
656 2802 665 2817 ‚
698 2779 726 2810 ἂ
743 2780 897 2820 portubus
913 2803 922 2819 ‚
954 2790 1070 2822 quaera-

218 2828 296 2858 tur,
326 2827 433 2859 parem
460 2818 576 2850 liabent
593 2819 803 2859 potestatem:
836 2830 895 2852 nec
922 2821 966 2853 est
989 2823 1070 2852 ratio

216 2861 280 2892 ulla
292 2883 302 2899 ‚
327 2867 384 2891 cur
400 2859 500 2892 minim
517 2860 655 2891 dicamus
669 2861 715 2900 jus
734 2862 900 2902 navigandi
918 2862 1070 2902 piscandi-

219 2911 300 2941 que,
332 2901 361 2932 ἃ
377 2901 516 2940 reliquos
540 2900 702 2933 fluminum
720 2903 918 2943 publicorum
941 2903 1008 2934 usus
1027 2904 1072 2934 in-

218 2944 335 2973 noxios
361 2941 391 2973 in
425 2941 472 2972 liis
497 2942 566 2981 jure
586 2943 729 2983 gentium
761 2952 948 2984 competere
972 2945 1073 2976 omni-

218 2983 302 3021 bus3
324 2983 479 3020 maxime,
503 2992 574 3015 cum
592 2985 620 3015 id
637 2985 719 3015 clai-e
737 2986 874 3016 tradatur
894 2985 922 3026 §.
945 2995 972 3016 2.
999 2983 1070 3025 liisl.

219 3025 252 3053 de
267 3034 360 3055 rerum
378 3023 534 3062 divifioiie:
565 3025 595 3056 id
618 3025 686 3063 est,
719 3035 783 3056 non
809 3034 930 3057 tantum
952 3026 1073 3058 civibus

219 3063 369 3095 Romanis
388 3089 396 3102 ,
429 3066 593 3105 quomodo
621 3067 677 3097 viri
696 3066 780 3097 dotti
807 3068 979 3098 limitarunt
996 3069 1023 3097 d.
1041 3067 1070 3107 ἓ.

222 3114 249 3135 2.
277 3104 325 3136 sed
349 3108 441 3137 etiam
465 3106 502 3138 iis
525 3107 578 3147 qui
603 3106 672 3138 sunt
698 3108 867 3148 peregrini.
911 3107 982 3138 Nec
1003 3117 1072 3139 mo-

220 3154 290 3181 ror,
315 3148 400 3184 quod
422 3148 547 3178 flumina
561 3157 629 3188 quae
654 3149 859 3180 continentur
882 3147 996 3179 finibus
1017 3157 1072 3187 po·

801 146 1102 182 GERAnni
1151 139 1378 178 Noonr

1111 230 1174 271 pud
1198 228 1372 262 Ausonium
1393 230 1542 269 loquitur.
1884 260 1889 268 J

1150 269 1308 304 Danubius
1324 272 1432 312 penitis
1452 277 1537 311 caput
1552 271 1710 303 occultatus
1726 271 1757 303 in
1779 272 1866 303 undis
1903 291 1906 293 ·

1190 311 1281 342 Totus
1293 314 1345 349 lztb
1362 310 1457 352 vestra
1475 313 1539 354 jam
1558 314 1662 344 ditione
1670 312 1741 351 fluo.

1150 352 1220 396 Qua
1233 353 1481 393 gelidum-fontem
1495 355 1593 385 mediis
1610 354 1723 395 effundo
1745 353 1870 393 Sue-iiis,
1890 357 1896 372 ·.

1190 393 1318 434 Imperiis
1330 395 1471 434 gravidas
1492 395 1621 435 quaseco
1643 396 1828 433 Pannonicis,
1920 394 1925 397 ’

1151 433 1193 465 Et
1214 444 1272 475 qua
1289 437 1368 466 dives
1384 437 1465 476 aquis
1479 436 1614 476 „Scythico
1629 436 1704 475 solvo
1721 433 1791 476 ostia
1805 440 1910 476 ponto,

1190 475 1298 506 Omnia
1308 477 1367 514 sub
1382 474 1507 517 vestrum
1523 475 1649 516 flumina
1668 478 1750 508 mitto
1761 476 1878 517 jugum.

1110 515 1194 548 Nam
1213 517 1244 547 id
1258 539 1269 556 ,
1294 517 1402 557 utjam
1422 519 1528 549 monui
1546 518 1633 558 supi-a
1651 540 1660 557 ‚
1692 519 1731 548 ad
1756 518 1887 548 tutelam
1909 516 1965 549 flu⁶

1111 559 1246 596 minum,
1274 558 1302 589 ὃ(
1321 558 1486 599 imperium
1501 558 1550 590 seu
1563 559 1811 599 jiirisuittionem
1829 558 1965 598 spestat3

1111 607 1176 630 non
1201 606 1305 630 autem
1331 609 1469 639 pertinet
1486 609 1526 631 eo
1542 623 1551 638 ,
1582 607 1616 631 ut
1639 608 1734 631 etiam
1756 608 1830 630 tunc
1847 623 1857 638 ,
1892 607 1967 630 cum

1112 640 1270 671 innoxiam
1291 640 1408 672 habent
1425 641 1611 680 utilitatem3
1636 642 1687 672 uni
1712 648 1839 680 pateant
1865 648 1968 681 popu-

1113 681 1145 712 lo
1169 681 1314 712 Romano
1331 704 1341 719 ‚
1373 683 1495 713 caeteris
1514 683 1716 714 claudantur:
1751 682 1868 721 pariter
1891 689 1965 712 cum

1113 721 1241 760 Celsus,
1264 723 1370 754 littora
1387 723 1417 754 in
1442 733 1509 763 quae
1529 724 1664 764 populus
1681 722 1840 754 Romanus
1862 723 1964 763 impe—

1112 764 1191 794 rium
1210 763 1306 795 habet
1320 785 1329 801 ,
1354 765 1461 804 populi
1482 765 1614 795 Romani
1630 764 1691 796 esse
1707 787 1717 802 ,
1749 764 1916 795 arbitratur
1930 763 1964 795 iu

1111 805 1130 835 l.
1151 814 1179 845 3.
1197 804 1238 835 D.
1265 805 1314 836 Ne
1328 806 1398 846 qaid
1415 807 1446 835 in
1460 806 1515 836 loco
1529 807 1659 845 publico‚·
1683 806 1712 836 ἂ
1728 805 1767 836 de
1785 805 1861 836 mari
1878 805 1965 836 idem

1109 846 1305 891 ,relpondent
1331 846 1445 877 infiniti
1470 848 1612 878 auclores
1642 848 1723 887 apud
1756 846 1965 878 doctiffimum

1113 885 1263 917 Grotium
1280 887 1326 917 lib.
1348 897 1374 918 2.
1401 887 1446 918 De
1462 888 1530 929 jiire
1546 888 1608 918 belli
1624 888 1751 928 &pacis
1767 898 1790 919 ε.
1815 898 1842 929 3.
1861 887 1889 929 ἓ.
1916 896 1964 928 13.

1114 927 1150 961 &⁵
1173 928 1212 958 ibi
1235 930 1265 958 iii
1289 928 1394 959 Notis:
1428 938 1488 959 nec
1511 938 1613 959 tamen
1638 939 1654 960 a
1680 929 1847 960 Veteribus
1870 929 1968 968 juris·

1115 970 1222 1009 peritis
1247 969 1298 1008 qui
1325 969 1364 999 de
1382 968 1427 1000 his
1450 980 1488 1001 ex
1513 970 1653 1010 professo
1671 969 1837 1001 differuere
1854 992 1863 1009 ,
1896 979 1964 1001 um-

1115 1019 1208 1047 quam
1226 1010 1403 1042 dubitatum
1418 1011 1477 1048 est,
1490 1013 1563 1050 quin
1579 1020 1664 1042 mare
1677 1012 1822 1042 &littora
1838 1021 1902 1042 non
1923 1012 1967 1043 ita

1116 1051 1241 1091 publica
1264 1051 1338 1089 sint,
1363 1060 1396 1082 ut
1420 1061 1455 1082 ea
1476 1061 1543 1091 quae
1562 1051 1630 1082 sunt
1650 1054 1680 1083 in
1698 1053 1891 1091 patrimonio
1907 1062 1967 1093 po-

1117 1092 1207 1132 puli,
1239 1091 1290 1124 sed
1316 1101 1348 1122 ut
1372 1102 1408 1122 ea
1425 1102 1491 1133 quae
1516 1102 1532 1123 a
1549 1101 1658 1124 natura
1680 1093 1813 1132 primum
1837 1095 1965 1133 prodita

1115 1133 1201 1171 sunt,
1214 1133 1243 1164 &
1262 1133 1292 1164 in
1313 1133 1425 1165 nullius
1438 1135 1542 1165 adliuc
1558 1134 1733 1166 dominium
1751 1140 1968 1174 pervenerunt

1114 1175 1142 1205 d.
1169 1174 1187 1205 l.
1221 1183 1264 1213 14.
1289 1174 1330 1205 D.
1355 1176 1387 1205 de
1411 1177 1583 1215 adquirendo
1606 1185 1700 1206 rerum
1725 1176 1870 1207 dominio:
1903 1176 1967 1208 hoc

1115 1214 1177 1254 est,
1203 1217 1277 1255 quin
1296 1225 1380 1246 mai-e
1401 1218 1429 1247 ὅ(
1452 1218 1559 1247 littora
1576 1217 1723 1248 omnibus
1744 1217 1811 1257 jure
1834 1217 1968 1248 naturali

1114 1257 1295 1287 communia
1316 1256 1373 1288 sint
1389 1257 1408 1288 l.
1432 1267 1476 1297 13.
1501 1257 1542 1288 D.
1564 1258 1730 1288 Communia
1747 1259 1919 1298 praediorum
1936 1260 1966 1291 d.

1113 1297 1141 1338 §.
1170 1307 1194 1328 1.
1219 1296 1255 1331 ὃ)
1282 1307 1309 1336 5.
1338 1295 1407 1338 Iiift.
1433 1304 1465 1328 ae
1494 1308 1589 1329 rerum
1616 1298 1763 1336 divzfione.
1816 1298 1966 1338 Omitto,

1114 1338 1201 1378 quod
1225 1337 1288 1378 ipse
1308 1339 1415 1370 Celsus
1437 1340 1551 1378 probat
1573 1339 1592 1369 l.
1610 1350 1639 1380 3.
1659 1340 1686 1381 §.
1715 1350 1740 1371 1.
1759 1339 1800 1371 D.
1819 1342 1846 1370 d.
1863 1346 1884 1371 t.
1914 1341 1966 1372 Ne

1112 1381 1182 1420 quid
1199 1376 1231 1410 in
1255 1379 1311 1409 loco
1329 1380 1438 1419 publico
1457 1405 1466 1419 ,
1498 1381 1596 1411 Mari]
1615 1391 1787 1412 communem
1811 1380 1861 1422 effe
1883 1384 1967 1421 ulum

1112 1422 1240 1451 omnibus
1259 1422 1418 1452 hominibus
1429 1445 1438 1460 ‚
1465 1420 1541 1459 ficut
1557 1422 1648 1460 cie'ris,
1665 1422 1817 1464 jaetasque
1831 1426 1862 1453 in
1878 1424 1908 1454 id
1917 1423 1967 1464 pi-

1112 1462 1155 1492 las
1176 1462 1237 1503 ejus
1253 1461 1319 1502 effe,
1344 1465 1395 1503 qui
1406 1465 1529 1503 jecerit:
1548 1464 1601 1501 sed
1624 1465 1654 1493 id
1677 1465 1883 1495 concedendum
1908 1473 1967 1495 non

1113 1502 1164 1543 effe
1180 1525 1189 1540 ,
1214 1502 1243 1541 fi
1258 1505 1377 1534 deterior
1395 1504 1499 1534 littoris
1515 1506 1637 1535 marisve
1661 1505 1729 1544 usus
1744 1514 1771 1535 eo
1793 1505 1969 1545 modofutu-

1112 1553 1162 1574 riis
1171 1542 1222 1582 fit.
1256 1544 1362 1584 Atque
1380 1553 1414 1576 ut
1434 1545 1488 1576 ista
1507 1545 1545 1576 de
1565 1545 1671 1576 littore
1687 1546 1716 1577 dt
1730 1546 1806 1577 mari
1823 1546 1862 1577 ad
1880 1547 1967 1578 liunc

1112 1586 1242 1616 modum
1265 1586 1460 1625 disputantur
1478 1587 1560 1627 apud
1583 1586 1725 1618 Celsum:
1749 1588 1792 1618 ita
1809 1587 1924 1627 legitur
1937 1596 1968 1618 a·

1113 1627 1177 1666 pud
1195 1625 1364 1666 Ulpianum
1382 1627 1413 1659 in
1428 1628 1446 1658 l.
1466 1637 1514 1670 {4-
1541 1627 1583 1659 D.
1601 1629 1634 1659 de
1648 1629 1749 1660 damno
1765 1626 1969 1668 infect0‚Flu·

1113 1669 1224 1700 minum
1236 1667 1413 1708 publicorum
1436 1678 1612 1700 communem
1625 1668 1676 1709 effe
1694 1671 1791 1709 usum,
1808 1668 1887 1707 ficut
1903 1670 1968 1701 via·

1114 1719 1179 1739 rum
1195 1709 1378 1749 publicarum
1400 1709 1435 1744 &P
1452 1710 1598 1747 littorium
1629 1713 1660 1740 in
1679 1711 1722 1741 bis
1746 1713 1838 1752 igitur
1855 1711 1968 1752 publice

1113 1750 1194 1781 licere
1225 1751 1339 1780 cuilibet
1360 1750 1499 1789 aedificare
1522 1750 1558 1785 &7
1581 1749 1722 1792 destruere
1736 1774 1746 1790 ‚
1780 1754 1849 1783 dum
1872 1758 1968 1784 tamen

1113 1791 1163 1822 hoc
1178 1789 1242 1828 fine
1265 1792 1435 1822 incommodo
1459 1793 1628 1833 cujusquam
1644 1792 1714 1832 fiat.
1757 1793 1810 1824 Ait
1827 1817 1836 1830 ‚
1868 1793 1970 1825 flumi-

1112 1840 1187 1863 num
1221 1833 1422 1872 publicorum
1446 1842 1649 1864 communem
1675 1833 1761 1865 usum
1785 1834 1846 1865 ess'e
1866 1846 1874 1866 :
1905 1835 1967 1874 ait,

1113 1872 1238 1904 flumina
1254 1873 1413 1905 littoribus
1432 1882 1467 1904 ac
1487 1875 1544 1905 Vll's
1561 1875 1695 1914 publicis
1716 1875 1881 1907 affimilari.
1903 1875 1968 1907 Ex-

1112 1913 1220 1953 specto
1237 1936 1246 1952 ,
1280 1914 1354 1954 quid
1380 1915 1472 1954 poffit
1495 1917 1539 1946 rei
1564 1916 1660 1956 planae
1680 1916 1743 1947 fine
1764 1917 1968 1949 cavillatione

1113 1955 1228 1994 objici:
1252 1955 1358 1985 littora
1378 1957 1461 1987 enini
1478 1958 1660 1988 communia
1676 1966 1750 1989 cum
1767 1960 1861 1997 mari,
1880 1968 1966 1990 cum-

1113 2005 1175 2035 que
1199 1999 1270 2026 aeie
1295 1996 1400 2027 baberi
1421 2020 1430 2035 ‚
1461 1998 1629 2036 certijuris
1644 1996 1688 2028 est
1707 2008 1717 2036 ;
1749 2008 1853 2039 neque
1876 2001 1967 2031 aliter

1113 2038 1152 2067 de
1170 2037 1227 2067 viis
1247 2037 1378 2075 publicis
1398 2036 1593 2069 sentiendum
1607 2062 1615 2075 ‚
1641 2039 1739 2069 docet
1758 2039 1967 2080 Augustinus,

1112 2080 1194 2118 ripud
1213 2076 1398 2109 Gratianum
1415 2080 1445 2109 in
1468 2089 1490 2109 c.
1508 2081 1665 2110 notandum
1687 2083 1762 2119 caiis?
1795 2090 1842 2122 23.
1867 2077 1965 2122 quiesi.

1113 2129 1140 2150 2.
1167 2119 1305 2151 Proinde
1327 2128 1419 2159 negat
1441 2120 1605 2161 quisquam
1624 2144 1633 2159 ,
1666 2119 1793 2152 flumina
1818 2123 1966 2153 omnibus

1113 2159 1173 2192 effe
1192 2160 1370 2191 communia
1390 2161 1457 2200 jure
1475 2162 1629 2193 naturali?
1652 2170 1768 2203 negat,
1800 2162 1966 2195 fluminum

1113 2202 1278 2233 innoxium
1300 2202 1385 2233 usum
1414 2203 1572 2242 pertinere
1595 2203 1632 2234 ad
1658 2203 1718 2234 lios
1741 2204 1795 2243 qui
1815 2214 1878 2235 non
1897 2204 1967 2236 sunt

1113 2243 1200 2273 cives
1222 2242 1238 2273 ἵ)
1275 2251 1371 2283 neget
1402 2244 1495 2274 etiam
1521 2266 1530 2282 ,
1567 2244 1730 2275 fluminum
1764 2245 1967 2284 publicorum

1113 2293 1316 2315 communem
1346 2283 1430 2315 usum
1462 2284 1549 2323 esse,
1580 2285 1656 2316 ficut
1682 2286 1801 2317 viai-uin
1829 2287 1969 2327 publica-

1113 2334 1179 2356 rum
1198 2326 1225 2356 <St
1247 2326 1407 2357 littorum:
1432 2334 1547 2365 neget,
1571 2327 1814 2366 publicelicere
1837 2328 1968 2359 cuilibet

1114 2368 1144 2397 in
1168 2367 1215 2397 liis
1235 2366 1392 2397 aedificiire
1410 2366 1439 2398 Gt
1456 2367 1615 2398 destruere
1631 2391 1640 2404 ,
1673 2368 1746 2399 dum
1772 2377 1875 2400 tamen
1904 2370 1968 2400 hoc

1113 2406 1176 2439 fine
1193 2408 1401 2438 incommodo
1427 2407 1605 2448 cujul'qiiam
1629 2408 1706 2446 fiat3
1737 2411 1824 2449 quod
1848 2411 1966 2449 apertis

1114 2449 1218 2480 verbis
1241 2448 1374 2480 affirmat
1399 2447 1577 2490 Ulpianus;
1609 2450 1638 2482 ἃ
1661 2449 1741 2481 infra
1764 2451 1888 2491 plenius
1911 2451 1965 2483 de-

1113 2489 1296 2522 monstrabo
1311 2490 1358 2521 lib.
1377 2500 1406 2527 4.
1427 2500 1452 2521 c.
1473 2499 1498 2521 1.

1150 2535 1179 2562 6.
1205 2530 1331 2574 Quibus
1358 2531 1410 2561 liic
1434 2532 1558 2563 accedit
1575 2532 1718 2564 cumulus
1734 2555 1743 2571 ,
1770 2533 1856 2572 quod
1879 2532 1967 2565 Mar-

1113 2575 1220 2604 cianus
1240 2573 1271 2604 in
1296 2573 1315 2603 l.
1341 2582 1369 2603 2.
1390 2572 1432 2603 D.
1458 2575 1489 2603 de
1512 2583 1605 2604 rerum
1623 2572 1759 2610 divifione
1781 2583 1829 2604 res
1853 2583 1967 2606 ornnes

1113 2614 1228 2646 nonin
1256 2613 1395 2654 quinque
1416 2615 1531 2654 genera
1556 2614 1728 2653 distribuit3
1752 2613 1823 2653 sed,
1848 2615 1967 2646 orniflis

1113 2655 1265 2696 publicis,
1290 2654 1388 2686 solum
1408 2656 1552 2686 meminit
1568 2665 1672 2686 earum
1691 2665 1758 2695 quae
1776 2665 1965 2687 communes

1113 2697 1182 2728 sunt
1197 2697 1265 2737 jure
1283 2696 1412 2727 naturali
1431 2698 1572 2727 omnium
1587 2720 1596 2736 ,
1621 2697 1734 2728 deinde
1751 2705 1820 2736 quae
1840 2698 1966 2728 univer-

1114 2737 1228 2776 sitatis,
1252 2746 1318 2768 tuin
1339 2746 1406 2777 quae
1425 2738 1555 2776 nullius,
1585 2739 1722 2778 denique
1740 2747 1808 2779 quae
1832 2738 1967 2779 fingulo-

1114 2788 1180 2810 rum
1199 2779 1327 2818 privatae
1345 2779 1431 2818 l‘unt3
1450 2789 1566 2819 easque
1582 2780 1731 2818 deinceps
1748 2779 1863 2810 eodem
1881 2780 1964 2811 ordi-

1114 2830 1153 2851 ne
1184 2819 1390 2860 persequitur.
1433 2819 1514 2851 Nam
1547 2820 1566 2852 fi
1600 2819 1807 2859 sustinuiss'et,
1839 2828 1965 2853 naturas

1114 2862 1311 2902 publicai-uni
1343 2862 1623 2902 communiumque
1657 2871 1760 2892 rerum
1799 2862 1967 2893 dividere:

1116 2903 1191 2934 nihil
1210 2902 1305 2933 caul'ae
1334 2901 1503 2940 habuiffet;
1534 2912 1607 2940 cur,
1639 2902 1793 2941 expuncta
1816 2913 1876 2934 una
1900 2912 1969 2943 par-

1116 2952 1168 2982 te,
1192 2942 1377 2975 divilionem
1393 2943 1599 2983 proposuiss‘et
1613 2943 1695 2974 baud
1713 2944 1897 2984 perfectam.
1921 2943 1969 2975 U-

1116 2986 1203 3024 tique
1223 2985 1293 3016 leve
1310 2984 1354 3015 est
1371 3008 1380 3022 ‚
1412 2985 1497 3023 quod
1515 2994 1529 3014 a
1545 2985 1704 3017 nonnullis
1725 2984 1854 3027 fingitur
1869 3008 1879 3024 ,
1909 2993 1967 3025 pu-

1114 3026 1267 3057 blicai-um
1291 3035 1394 3056 rerum
1411 3025 1568 3064 similiter,
1592 3034 1625 3056 ut
1647 3028 1862 3058 communium
1877 3049 1887 3064 ,
1917 3026 1966 3057 fe-

1114 3067 1186 3098 cill'e
1212 3067 1436 3106 mentioncm3
1469 3077 1536 3108 quae
1564 3068 1678 3099 deinde
1699 3067 1798 3099 rursus
1816 3090 1826 3105 ‚
1857 3066 1966 3098 nescio

1115 3117 1178 3147 quo
1194 3106 1282 3146 fato,
1306 3109 1469 3139 interierit.
1510 3109 1573 3139 Sed
1591 3117 1649 3139 iiec
1672 3108 1747 3139 illud
1765 3108 1858 3148 sapit,
1877 3109 1964 3148 quod

1114 3149 1180 3180 aliis
1203 3150 1331 3189 placet,
1363 3158 1551 3190 argumento
1568 3149 1726 3190 particulae
1742 3149 1943 3181 adversativae
1957 3172 1967 3187 ,

221 3186 285 3224 puli
304 3185 461 3226 Romani,
494 3189 555 3219 effe
575 3190 723 3221 videntur
740 3189 791 3220 sub
820 3190 955 3228 imperio
971 3198 1072 3230 popu·
1105 3190 1175 3230 sed,
1199 3193 1294 3229 (quae
1318 3189 1362 3221 est
1381 3191 1411 3221 in
1429 3191 1448 3222 l.
1467 3202 1495 3231 4.
1516 3191 1543 3232 ἕ.
1564 3201 1586 3221 i.
1613 3190 1653 3220 D.
1676 3190 1733 3220 eod.
1755 3191 1829 3229 tit.)
1851 3199 1914 3221 non
1932 3191 1965 3222 id

218 3227 242 3258 li
275 3225 436 3267 Romani3
463 3229 492 3259 ἃ
529 3230 569 3261 de
607 3230 637 3262 se
673 3229 740 3272 ipso
774 3230 815 3263 fic
850 3230 1015 3263 Danubius
1044 3240 1071 3262 a«
1116 3229 1223 3263 sedisse
1246 3230 1438 3272 Marciano,
1468 3240 1503 3265 ut
1527 3231 1667 3273 publicas
1685 3240 1733 3262 res
1756 3232 1963 3264 excluderet:

1873 3281 1969 3314 quas,
