2036 3495
1798 124 1866 158 115

57 197 718 293 ‘DIGESTORUM
781 217 976 285 SEU
1044 209 1858 287 PANDECTARUM

511 341 779 402 PARS
853 340 1405 401 SECUNDA.

427 462 816 514 LIBER
918 460 1482 527 QUINTUS.

736 587 1086 621 T1Tutus
1146 584 1172 619 1.

483 669 532 705 De
541 670 689 715 judiciis:
718 667 759 709 ἐξ
774 670 825 704 ubi
836 670 959 714 quisque
978 680 1069 715 agere
1083 670 1133 703 vel
1154 670 1308 704 conveniri
1325 671 1439 705 debeat.

65 785 450 830 ἐῖξξῖξὲξξυηκῐοη
472 785 556 817 libro
579 786 714 818 vidimus
737 785 812 817 duas
834 785 938 816 causas

66 825 103 871 θ(
236 829 272 867 >Q
296 828 431 858 adeundi
450 828 481 858 in
496 828 564 867 jure
581 827 740 859 Praetoris.
760 828 823 858 hoc
838 826 937 866 sequi-

66 851 103 912 ἐξ(
150 857 181 905 S
236 871 274 909 >²³
297 876 347 899 tur
370 869 480 899 tertia:
505 878 600 908 atque
618 869 670 900 illa
694 868 756 906 est,
782 876 816 899 ut
839 867 938 913 actori

66 915 104 954 ἢ(
237 912 275 950 μὲ
297 909 467 950 postulanti
486 911 540 941 det
557 910 715 941 actionem
743 911 771 941 ὅ(
795 909 938 949 Judieem

68 955 278 996 (ἧξζλςζξιξ
303 951 480 991 praescripta
491 951 645 983 formula:
664 951 833 982 secundum
845 959 939 991 quam

95 987 100 994 ”
121 987 129 994 “
301 992 391 1024 causa
403 993 441 1023 ab
459 1002 500 1024 co
511 993 739 1033 cognoscatur,
751 993 846 1023 &reo
857 993 940 1023 dam-

68 1044 144 1069 nato
161 1035 211 1066 vei
230 1033 395 1072 absoluto,
424 1035 460 1065 lis
480 1033 616 1065 instituta
636 1035 831 1065 terminetur.
874 1032 939 1064 De-

70 1077 275 1111 monstratum
296 1076 356 1106 hoc
374 1074 417 1106 est
433 1075 480 1106 lib.
502 1085 526 1107 1.
548 1074 841 1117 Dejurz'sziitiiione&
857 1076 940 1113 impe-

70 1122 111 1151 rio
130 1129 151 1150 c.
174 1127 218 1159 13.
236 1116 272 1152 δ’
287 1127 310 1147 c.
327 1126 373 1157 15.
397 1115 468 1148 Nec
488 1118 607 1156 estjam
625 1117 857 1148 diffimulandus
875 1116 941 1156 ejus

72 1160 203 1193 effectus
216 1159 309 1190 valde
322 1157 445 1197 insignis
456 1158 485 1189 δε
498 1159 646 1190 notabilis
657 1169 665 1189 ε
676 1159 843 1195 Videlicet,
854 1157 941 1198 quod

74 1203 191 1233 exinde
209 1200 246 1232 lis
264 1199 326 1230 effe
342 1199 458 1231 dicitur
476 1198 650 1230 contestata
669 1200 685 1230 l.
697 1201 765 1229 unic
783 1199 815 1230 C.
832 1201 865 1229 de
883 1199 942 1228 litis

72 1241 186 1283 contest.
204 1242 280 1272 item
295 1240 448 1280 judicium
467 1240 641 1280 susceptum
659 1240 677 1270 l.
694 1250 744 1280 52.
764 1240 805 1270 D.
823 1239 849 1270 h.
867 1246 886 1271 t.
911 1239 942 1270 &

73 1294 114 1317 eo
141 1285 222 1315 inter
246 1283 419 1322 litigatores
447 1281 528 1321 quasi
553 1281 749 1312 contractum
770 1281 788 1311 l.
810 1290 835 1320 3.
854 1281 941 1322 §.iL

74 1326 115 1357 D.
132 1328 164 1356 de
177 1323 303 1363 peculio,
327 1326 402 1353 item
421 1324 553 1353 novatio
577 1322 675 1358 facta,
699 1322 837 1361 indeque
860 1321 942 1353 actio

73 1365 134 1398 esse
145 1373 296 1406 perpetua
306 1364 335 1395 &
352 1365 389 1393 ad
400 1364 532 1394 heredes
548 1362 721 1394 tranfitoria
732 1386 740 1401 ,
753 1372 943 1403 quamquam

73 1416 145 1439 aute
161 1417 225 1438 non
242 1414 307 1437 erat
325 1405 395 1435 talis
414 1404 431 1435 l.
451 1413 494 1435 11.
510 1403 547 1438 {5⁹
562 1405 579 1436 l.
597 1414 642 1441 29-
663 1403 703 1435 D.
717 1407 749 1434 de
764 1411 861 1435 novat.
876 1404 903 1446 §.
920 1414 943 1436 1.

74 1447 148 1489 Insl.
159 1448 204 1480 De
221 1452 326 1488 perpet.
338 1446 463 1485 &temo
480 1444 534 1477 αὲἶ.
552 1446 713 1486 postremo
731 1445 809 1477 solet
826 1446 944 1478 Procu-

74 1500 162 1523 rator
178 1490 232 1521 lite
248 1488 423 1519 contestata
441 1486 547 1517 haberi
564 1488 623 1520 litis
642 1488 789 1518 dominus
807 1488 824 1518 l.
841 1498 889 1519 22.
906 1487 943 1522 &⁹

77 1532 97 1563 1.
114 1541 163 1572 23.
181 1531 214 1561 C.
231 1531 263 1561 de
277 1534 418 1568 procurat.
465 1527 510 1559 Sit
526 1528 620 1569 igitur
641 1528 773 1568 Judicis,
799 1528 944 1561 aelionis-

80 1581 142 1611 que
159 1571 188 1602 δε
203 1570 347 1601 formulae
366 1569 499 1609 petitio,
522 1571 614 1601 tertia
631 1571 660 1601 &
676 1570 790 1601 nobilis
809 1569 897 1601 causa
913 1580 943 1601 a·

81 1612 197 1644 deundi
214 1613 243 1642 in
260 1612 326 1650 jure
346 1611 508 1649 Praetoris3
531 1611 559 1642 &
584 1610 770 1652 praesentem
795 1611 943 1644 Titulum

81 1653 294 1694 superioribus
311 1651 499 1690 subjiciendi.

128 1695 234 1726 Partes
252 1691 466 1723 anteiiiTituli
486 1693 553 1723 duze
571 1693 655 1726 sunt:
675 1703 733 1725 una
751 1693 943 1734 dejudiciis:

83 1737 198 1773 altera,
221 1735 272 1765 ubi
292 1734 423 1773 quisque
440 1744 554 1775 agere,
570 1735 618 1765 vel
637 1736 799 1767 conveniri
819 1735 944 1767 debeat.

85 1778 169 1818 prius
187 1785 274 1817 agam
288 1775 467 1814 dejudiciis.
497 1775 550 1806 Est
566 1785 669 1807 autem
684 1777 852 1816 judicium,
871 1777 945 1817 legi-

85 1820 159 1849 tima
183 1818 369 1856 disceptatio
395 1818 475 1847 inter
497 1817 635 1848 affor-em
653 1818 681 1848 ἃ
697 1827 782 1849 reum
800 1819 881 1856 apud
897 1818 946 1857 Ju-

85 1861 189 1891 dicem
206 1866 444 1898 competentem
457 1881 466 1895 ‚
492 1859 552 1888 litis
569 1858 714 1890 finiendae
733 1860 783 1891 vel
799 1859 947 1890 maiefimi

84 1901 235 1942 puniendi
253 1901 358 1939 gratia.
395 1898 550 1930 Nimirum
578 1899 617 1930 fic
638 1906 687 1940 pro
711 1901 821 1932 Caecina
843 1907 902 1941 cop.
920 1911 947 1932 2.

84 1941 192 1973 scribit
218 1940 351 1971 Cicero:
377 1940 483 1970 Omnia
499 1941 611 1981 judicia
637 1949 686 1971 aaz
703 1940 949 1981 distrahendarum

85 1981 422 2019 corztroverfiaruni‚aut
435 1984 647 2021 puniendorum
664 1983 864 2022 maleficiorum
880 1993 948 2014 cau-

74 2025 114 2064 sa
127 2025 324 2063 repertasuni.
371 2023 417 2053 Ac
434 2031 490 2061 pro
506 2022 683 2055 diversitate
700 2024 789 2065 hujus
805 2024 873 2056 finis
891 2025 949 2056 alia

84 2066 204 2102 civilia,
229 2064 287 2095 alia
310 2064 482 2094 criminalia
507 2065 717 2103 appellantur.
748 2067 855 2097 civilia
880 2066 948 2107 qui-

85 2107 175 2144 dem3
194 2115 265 2137 cum
281 2106 318 2136 ad
329 2105 456 2145 privatae
473 2105 588 2145 injuriae
600 2129 608 2143 ‚
622 2107 899 2148 privatiquejuris‚
916 2107 950 2139 si-

85 2158 125 2179 ve
135 2147 297 2178 commodi
314 2147 538 2177 executionem
557 2147 702 2186 speetant.
714 2150 887 2181 criminalia
899 2158 950 2179 ve·

85 2198 142 2227 ro;
164 2197 235 2219 cum
257 2188 324 2218 sunt
340 2197 398 2227 pro
414 2188 601 2219 vindicanda
618 2189 798 2228 reipublicae
814 2190 948 2230 discipli-

85 2239 142 2267 na,
159 2238 253 2268 atque
269 2229 307 2259 ad
326 2229 409 2268 ejus,
428 2238 492 2259 non
511 2230 548 2260 ad
564 2230 695 2268 actoris,
715 2232 885 2263 utilitatem
904 2241 938 2262 re

84 2270 238 2302 feruntur.
263 2271 304 2300 ita
325 2269 412 2300 actor
437 2271 467 2300 in
484 2270 569 2301 civili
583 2272 703 2311 judicio
727 2272 779 2304 fibi
800 2272 949 2304 consulit:

83 2320 212 2353 poenam
238 2311 465 2352 pecuniariam,
491 2311 539 2342 vel
564 2314 651 2352 quod
670 2312 718 2343 sua
734 2314 871 2352 interfit,
896 2323 948 2353 pe-

86 2361 156 2384 tens
174 2353 227 2383 sibi
246 2353 321 2383 dari.
354 2351 518 2383 accusator
535 2353 565 2383 in
582 2354 733 2385 criminali
750 2355 870 2394 judicio
887 2364 950 2386 non

83 2394 113 2426 se
139 2395 289 2434 respicit,
314 2393 363 2424 sed
382 2392 487 2425 fiscum
504 2404 511 2424 ε
530 2402 648 2426 tantum
667 2404 793 2435 poenam
821 2404 950 2437 petens,

81 2444 215 2474 eamque
240 2444 304 2465 non
330 2434 402 2473 libi,
428 2434 478 2465 sed
495 2434 569 2465 fisco
586 2435 681 2468 solvi:
705 2437 767 2468 five
785 2436 819 2468 fit
837 2447 950 2477 corpo·

83 2477 142 2513 ris,
161 2476 224 2508 sive
241 2476 392 2516 pecuniae.
413 2477 495 2516 prius
514 2477 631 2508 indicat
648 2477 764 2509 Cicero
782 2478 909 2510 Verrirza
929 2488 953 2509 1.

84 2527 108 2548 c.
121 2527 163 2549 10.
180 2517 330 2556 simulque
346 2517 409 2548 hoc
426 2517 572 2548 ordinarii
587 2519 662 2558 juris
678 2519 778 2551 fuisse.
796 2520 891 2550 verba
903 2520 953 2550 Ci-

87 2559 211 2589 ceronis
222 2569 230 2590 :
242 2558 361 2588 Civibus
373 2568 436 2588 cum
448 2565 513 2589 (unt
529 2566 627 2599 erepzae
638 2563 784 2601 peruniae,
798 2562 880 2592 civili
887 2560 954 2601 fere

86 2597 212 2637 afflone,
230 2598 390 2638 &privato
403 2601 470 2640 jure
481 2607 656 2639 repetuntur.
681 2601 861 2642 Utrumque
880 2612 953 2641 pro-

87 2639 143 2669 bat
164 2638 274 2670 Paulus
296 2640 314 2669 l.
330 2649 358 2676 9.
375 2640 402 2681 §
421 2652 449 2679 5.
468 2642 512 2671 D.
535 2645 568 2671 oe
580 2643 764 2682 publicanis,
786 2644 894 2677 ,verbis
913 2644 955 2673 se-

87 2680 275 2717 quentibus:
293 2680 378 2723 Ωμοα
395 2681 490 2711 illicite
498 2683 605 2718 publice
611 2685 809 2725 privatimque
819 2684 954 2715 exotium

88 2718 148 2761 est,
169 2730 233 2751 cum
249 2721 336 2752 altero
352 2727 431 2751 tanto
449 2721 533 2761 paffis
548 2725 688 2764 injuriam
703 2727 880 2765 eor-solvitur:
901 2732 953 2765 per

86 2764 148 2792 vim
171 2771 236 2791 vero
259 2768 400 2792 extortum
423 2772 485 2792 cum
502 2771 585 2802 poena
601 2767 682 2806 tripli
695 2767 866 2806 restituitur.
892 2776 952 2797 am-

83 2803 162 2844 plius
180 2809 264 2833 extra
280 2803 402 2833 ordinem
415 2803 601 2842 pleeimzlur:
615 2809 737 2839 alterum
748 2810 823 2838 enim
837 2808 953 2838 utilitas

82 2845 285 2885 privatorum,
312 2842 432 2873 alierum
454 2846 538 2885 vigor
558 2847 676 2884 publicae
693 2849 844 2889 disciplima
857 2846 952 2888 pollu-

87 2886 139 2917 ἰαί.
182 2884 295 2915 Paulus
317 2883 487 2925 fignificat,
511 2888 597 2923 quod
614 2897 630 2918 a
654 2890 825 2928 publicano
843 2891 954 2921 illicite

87 2925 252 2961 exafilum,
277 2926 326 2955 vel
345 2935 400 2964 per
423 2927 486 2956 vim
502 2936 663 2959 extortum
678 2929 712 2960 sit
724 2954 733 2968 ‚
757 2931 788 2962 id
805 2932 834 2962 ἃ
852 2932 954 2971 priva-

89 2976 153 2998 tam
179 2967 346 2998 utilitatem
372 2965 537 2997 offendere
555 2991 563 3006 ,
593 2969 622 2999 ὃς
652 2971 794 3011 vigorem
821 2972 955 3011 publicae

90 3008 262 3046 disciplinae
288 3006 468 3048 infringere
495 3007 593 3048 igitur
617 3018 674 3049 pro
701 3022 838 3052 utroque
856 3013 953 3042 vindi

89 3050 195 3081 cando
218 3049 304 3080 reete
330 3049 396 3089 agi:
421 3049 567 3088 privatim
590 3052 716 3089 quidem
735 3054 817 3093 tripli
837 3054 887 3084 vel
905 3054 958 3084 du-

89 3091 152 3131 pli,
176 3090 207 3121 id
230 3090 292 3127 est,
312 3090 381 3129 jure
407 3090 566 3122 ordinario
584 3115 593 3128 ‚
617 3090 679 3122 five
703 3094 788 3125 civili
813 3095 957 3125 athone:

88 3131 218 3172 publice
235 3140 312 3162 vero
329 3131 548 3170 criminaliter,
567 3132 628 3163 sive
645 3141 733 3165 extra
749 3136 912 3174 ordinem,
929 3136 959 3167 id

91 3173 154 3210 est,
171 3180 259 3203 extra
277 3172 420 3203 ordinem
436 3174 503 3212 jure
519 3174 604 3204 civili
623 3174 697 3206 olim
717 3184 899 3215 receptum:
917 3177 956 3207 al-

87 3222 188 3288 terf'm
213 3214 341 3287 inJatae
366 3214 511 3253 utilitati,
535 3215 669 3248 alterum
695 3217 797 3258 vigori
822 3218 956 3259 publicae

157 3263 208 3286 om.
275 3277 282 3288 .

980 784 1150 824 disciplinae
1162 784 1243 824 ,esse
1252 786 1463 826 consequens.
1480 785 1596 827 Igitur,
1613 794 1725 820 utrem
1742 788 1771 819 in
1784 797 1857 828 pau-

981 836 1017 857 ca
1034 825 1199 857 conferam
1211 851 1220 865 ,
1246 829 1389 868 quisquis
1415 827 1552 859 civiliter
1569 828 1596 859 ὅ(
1615 829 1775 861 ordinario
1789 831 1859 871 jure

980 868 1065 908 agit,
1090 867 1115 898 is
1141 867 1196 898 fibi
1220 868 1319 906 petit,
1344 878 1409 900 non
1426 868 1520 900 fisco:
1544 871 1684 910 quisquis
1700 879 1790 902 extra
1808 882 1861 902 01·-

982 910 1089 939 dinem
1105 910 1189 949 agit,
1215 910 1239 939 is
1258 918 1321 940 non
1340 908 1394 940 fibi
1413 911 1512 950 petit,
1538 910 1588 942 sed
1606 911 1701 951 fisco,
1718 912 1782 944 five
1800 913 1861 944 rei-

982 949 1127 990 publicae.
1152 949 1194 980 sic
1209 950 1271 990 jam
1289 951 1384 982 docui
1404 952 1587 983 Diocletiano
1613 953 1649 988 &³⁹
1673 954 1859 985 Maximiano

982 1001 1007 1022 c.
1022 1000 1050 1029 4.
1069 1000 1129 1021 nec
1145 991 1229 1022 aliud
1247 991 1276 1022 in
1296 992 1438 1031 praesenti
1456 1001 1608 1032 praeterea
1624 994 1797 1027 desideres:
1814 997 1861 1027 ni-

982 1031 1003 1064 fi
1019 1032 1105 1072 quod
1125 1032 1189 1063 hoc
1202 1031 1263 1063 ess'e
1283 1033 1487 1065 criminaliter
1504 1044 1617 1075 agere,
1634 1038 1728 1067 etiam
1745 1037 1862 1069 intelli-

983 1074 1066 1114 gitur
1084 1074 1259 1104 collatione
1275 1074 1294 1104 l.
1313 1075 1366 1105 ult.
1384 1076 1429 1106 D.
1446 1078 1479 1105 cle
1491 1076 1587 1113 furiis
1606 1076 1642 1111 &⁹
1658 1078 1675 1109 l.
1692 1078 1745 1108 ult.
1766 1080 1808 1109 l).
1827 1081 1861 1109 de

978 1117 1092 1156 privat.
1109 1114 1203 1146 delie‘t.
1223 1124 1284 1146 nec
1301 1115 1444 1155 referre;
1461 1125 1564 1149 utrum
1582 1127 1652 1158 quae,
1664 1121 1784 1158 petitur
1795 1130 1863 1160 poe·

985 1166 1042 1194 na,
1066 1155 1102 1187 fit
1127 1157 1290 1197 corporis,
1314 1167 1351 1188 an
1377 1166 1540 1197 pecuniae3
1565 1161 1664 1190 modo
1681 1157 1757 1192 fisco
1774 1171 1862 1202 peta-

985 1205 1045 1229 tur.
1070 1207 1142 1229 nam
1164 1197 1184 1229 fi
1208 1197 1306 1229 actori
1325 1207 1452 1238 petatur
1468 1222 1478 1236 ‚
1511 1203 1655 1239 quamvis
1675 1211 1731 1241 per
1753 1202 1865 1234 conse-

986 1241 1148 1279 quentiam
1174 1240 1268 1270 etiarn
1288 1241 1486 1280 reipublicae
1513 1241 1712 1280 consulatur,
1739 1252 1862 1276 tantum

985 1281 1082 1311 civile
1098 1281 1251 1319 judicium
1268 1280 1330 1312 ess'e
1350 1281 1546 1312 existimatur
1563 1284 1589 1313 d.
1613 1283 1631 1313 l.
1648 1293 1675 1320 9.
1694 1284 1721 1325 §.
1739 1296 1766 1324 5.
1794 1284 1863 1316 Erit

986 1322 1064 1353 fides
1093 1321 1252 1362 Ulpiano,
1278 1322 1318 1353 de
1342 1323 1467 1354 actione
1493 1323 1626 1363 depoliti
1653 1334 1722 1364 quae
1738 1326 1863 1366 semper

987 1363 1088 1394 civilis
1104 1364 1167 1402 est,
1185 1373 1221 1394 ac
1238 1371 1361 1395 tantum
1379 1364 1476 1395 actori
1493 1366 1593 1404 petit,
1620 1366 1684 1396 hoc
1701 1369 1800 1398 modo
1816 1376 1862 1398 at-

989 1403 1111 1436 testanti
1128 1405 1145 1435 l.
1166 1414 1192 1437 1.
1209 1405 1236 1446 §.
1253 1415 1282 1444 4.
1302 1406 1346 1436 D.
1367 1404 1509 1445 Depofiti.
1553 1406 1626 1437 Haec
1641 1410 1781 1448 feparacio
1797 1419 1865 1440 cau-

979 1446 1085 1487 sarum
1095 1444 1208 1488 justam
1228 1447 1367 1478 rationem
1382 1447 1479 1478 habet:
1498 1448 1601 1489 quippe
1616 1458 1678 1480 cum
1694 1451 1760 1491 quis
1773 1449 1863 1490 fidem

986 1488 1090 1529 elegit,
1113 1497 1164 1519 nec
1188 1487 1342 1528 depofitum
1364 1489 1517 1526 redditur,
1541 1495 1692 1521 contentus
1714 1491 1765 1532 effe
1786 1493 1865 1523 dehet

979 1528 1090 1568 fimplo.
1122 1539 1186 1560 cum
1209 1539 1276 1560 vero
1296 1535 1413 1561 extante
1430 1528 1587 1569 neceffiiace
1603 1532 1741 1571 deponat,
1767 1533 1865 1574 cresi-it

981 1570 1109 1611 perfidiae
1125 1573 1248 1602 crimen.-
1266 1570 1425 1611 &publica
1442 1572 1554 1602 utilitas
1564 1573 1760 1613 cce'rcendaefl
1770 1597 1780 1612 ‚
1798 1576 1866 1604 ‘virz-

985 1613 1114 1643 dicanda>
1140 1612 1299 1652 reipublicae
1322 1614 1426 1650 causa:
1448 1610 1488 1653 eft
1503 1614 1579 1644 enim
1596 1615 1697 1645 inutile
1721 1616 1752 1646 in
1769 1614 1864 1653 causis

985 1653 1149 1694 hujusmodi
1158 1653 1247 1693 fidem
1255 1654 1411 1693 frangere.

1026 1694 1081 1726 Est
1098 1695 1194 1734 igitur
1208 1695 1380 1734 judicium,
1399 1703 1432 1726 ut
1449 1696 1532 1727 bene
1549 1695 1679 1737 praefert
1696 1697 1864 1738 definitio,

987 1745 1208 1776 comparatum
1228 1737 1278 1768 vel
1295 1737 1359 1768 litis
1377 1736 1544 1775 finiendae,
1572 1739 1621 1769 vel
1641 1739 1787 1771 maleficii
1808 1750 1864 1780 pu-

989 1779 1118 1816 niendi,
1142 1779 1251 1817 gratia.
1279 1777 1392 1816 Addit,
1418 1778 1480 1809 ess'e
1500 1778 1765 1819 disceptationem
1781 1782 1866 1814 inter

989 1820 1128 1851 actorem
1139 1820 1266 1850 &reum
1278 1823 1361 1859 apud
1371 1819 1513 1859 judicem
1524 1829 1775 1861 competentem.
1791 1833 1866 1855 nam

990 1863 1030 1892 ita
1048 1860 1250 1892 constituitur
1264 1861 1417 1900 judicium
1435 1871 1474 1892 ex
1494 1863 1609 1893 tribus:
1626 1872 1665 1893 ex
1684 1863 1791 1895 actore
1809 1867 1867 1905 qui

991 1910 1098 1942 petat,
1122 1912 1163 1933 ex
1179 1911 1234 1932 reo
1252 1911 1268 1932 a
1286 1912 1350 1943 quo
1368 1912 1510 1941 petatur,
1536 1903 1565 1934 ἀ
1584 1903 1695 1943 Judice
1713 1906 1765 1944 qui
1782 1907 1867 1938 inter

991 1952 1162 1981 utrumque
1189 1942 1294 1974 sedeat
1322 1945 1455 1975 medius.
1484 1944 1613 1976 absente
1632 1955 1691 1976 una
1708 1956 1749 1977 ex
1765 1949 1866 1978 tribus

994 1985 1155 2026 personis3
1180 1994 1243 2015 non
1267 1984 1311 2015 est
1332 1985 1495 2024 judicium.
1518 1986 1569 2016 fac
1588 2009 1597 2023 ,
1627 1987 1765 2018 deficere
1790 1998 1866 2021 eum

992 2028 1045 2067 qui
1059 2034 1168 2066 petat,
1185 2034 1237 2056 aut
1253 2027 1336 2056 unde
1352 2035 1488 2065 petatur.
1514 2037 1579 2058 non
1593 2027 1637 2058 est
1653 2028 1707 2059 lis:
1723 2030 1866 2068 ideoque

993 2077 1053 2099 nec
1068 2067 1179 2107 Judice
1190 2090 1198 2104 ‚
1215 2069 1402 2106 necjudicio
1413 2077 1504 2107 opus.
1524 2068 1587 2106 fac,
1598 2077 1767 2110 utrumque
1782 2070 1864 2110 effe,

994 2110 1044 2141 sed
1056 2109 1198 2149 judicem
1210 2108 1661 2149 defiderari.jamlitemdicas:
1673 2113 1867 2151 atjudicium

993 2160 1057 2182 non
1074 2151 1170 2181 dices.
1196 2149 1246 2180 sed
1269 2151 1393 2181 ratione
1410 2151 1615 2192 intelligitur,
1640 2153 1734 2183 etiam
1754 2163 1793 2185 ex
1809 2153 1869 2185 Ul-

991 2190 1302 2232 pianol.13.§.<i.D.
1323 2191 1521 2223 AdSenotusc
1544 2192 1868 2233 Trebell.utjudicium

992 2233 1028 2265 fit
1040 2256 1048 2268 .
1073 2241 1226 2271 oportere
1244 2233 1273 2263 δὲ
1289 2232 1427 2264 actorem
1446 2233 1475 2265 ἃ
1492 2243 1579 2265 reum
1591 2234 1773 2274 &Judiccm
1792 2237 1866 2270 effe.

1036 2275 1174 2306 Primum
1194 2273 1441 2312 posuiaetorem
1455 2285 1505 2315 qui
1527 2284 1633 2315 petat,
1659 2278 1796 2308 maxime
1812 2288 1872 2309 vo-

993 2316 1069 2347 lens.
1093 2324 1127 2345 ut
1142 2315 1224 2345 enim
1242 2315 1358 2354 judicia
1374 2315 1436 2347 esse
1453 2318 1599 2347 dicantur
1614 2317 1697 2348 inter
1712 2318 1831 2350 invitos
1847 2319 1867 2350 l.

994 2363 1033 2398 83
1062 2356 1089 2397 §.
1104 2366 1127 2387 1.
1147 2356 1191 2386 D.
1208 2358 1239 2386 cle
1255 2358 1333 2387 verb.
1354 2357 1436 2398 oblig.
1454 2367 1541 2388 reum
1560 2358 1792 2398 spectantibus,
1810 2361 1868 2400 qui

995 2400 1023 2429 ἃ
1041 2397 1168 2438 fugiens
1186 2397 1214 2427 ἂ
1233 2396 1346 2437 fugere
1361 2399 1477 2429 dicitur
1491 2400 1509 2430 l.
1524 2407 1567 2439 13.
1585 2399 1612 2440 §.
1624 2410 1649 2430 2.
1666 2410 1693 2441 3.
1713 2410 1742 2437 9.
1761 2401 1792 2432 C.
1807 2403 1866 2434 Ι).ι.

996 2449 1092 2470 nemo
1118 2447 1221 2469 tamen
1248 2439 1366 2470 invitus
1390 2449 1483 2480 agere
1502 2442 1552 2471 xel
1568 2441 1713 2473 accusare
1728 2443 1866 2483 cogitur,

996 2480 1036 2512 fic
1054 2480 1275 2511 Diocletianus
1292 2480 1310 2510 l.
1321 2482 1398 2511 unic.
1416 2482 1447 2512 C.
1470 2481 1515 2512 Ut
1530 2491 1601 2513 nem.
1618 2484 1704 2515 invit.
1724 2493 1804 2525 ogere
1821 2485 1869 2515 vel

995 2522 1085 2557 accull
1102 2530 1161 2562 cog.
1187 2521 1217 2551 ὅζ
1241 2531 1351 2560 magna
1369 2523 1502 2553 ratione.
1527 2532 1591 2554 curs
1604 2525 1687 2555 enim
1705 2525 1869 2565 improbet

997 2563 1117 2594 Praetor
1134 2563 1356 2593 verecundiam
1374 2564 1438 2602 ejus
1456 2564 1508 2603 qui
1530 2564 1599 2597 lites
1617 2568 1810 2599 execratur?
1835 2578 1868 2599 u-

997 2612 1079 2635 tatur
1098 2604 1192 2643 igitur
1215 2604 1266 2642 qui
1285 2605 1381 2642 velit,
1406 2604 1454 2635 sua
1470 2605 1612 2637 afflone:
1636 2608 1688 2647 qui
1704 2609 1804 2646 nolit,
1828 2619 1869 2641 ne

997 2652 1139 2686 cogatur.
1178 2643 1239 2675 Res
1259 2653 1363 2677 certa:
1388 2646 1416 2677 δι
1432 2645 1476 2677 est
1494 2646 1534 2678 fic
1550 2646 1737 2688 rescriptum
1755 2660 1772 2681 a
1787 2650 1870 2681 Dio-

996 2687 1135 2717 cletiano
1153 2685 1182 2716 &
1200 2685 1400 2718 Maximiano
1416 2687 1433 2718 l.
1454 2697 1501 2720 20.
1523 2688 1554 2719 C.
1579 2691 1612 2720 de
1625 2690 1770 2731 pignorib.
1794 2691 1831 2726 (⁶5⁹
1845 2692 1866 2721 l.

996 2728 1049 2757 ull.
1066 2727 1097 2757 C.
1110 2728 1143 2756 de
1158 2730 1236 2763 usur.
1249 2727 1417 2767 pupillarib.
1436 2730 1583 2770 Aliquem
1601 2740 1745 2763 moretur
1759 2733 1816 2772 l.5.
1833 2732 1865 2762 C.

996 2769 1028 2799 de
1044 2769 1178 2808 ingenuis
1194 2768 1387 2808 iiiaizimiiffis,
1407 2780 1423 2801 a
1438 2771 1545 2811 primis
1558 2773 1662 2803 verbis
1679 2773 1744 2803 Lex
1762 2772 1868 2812 Diffu-

995 2811 1070 2840 mari
1086 2809 1252 2848 appellata.
1280 2810 1384 2851 Vulgo
1404 2813 1562 2851 creditur,
1587 2823 1622 2844 ea
1638 2814 1778 2853 permitti
1798 2814 1868 2843 uni·

996 2851 1113 2889 cuique
1130 2851 1215 2889 cujus
1226 2850 1308 2882 fama
1326 2854 1452 2884 alterius
1465 2854 1638 2894 jactatione
1652 2854 1719 2884 laesa
1736 2853 1789 2891 fit,
1808 2854 1870 2884 dif-

996 2890 1185 2922 famatorem
1203 2900 1338 2933 cogere,
1362 2893 1445 2926 suam
1470 2896 1626 2927 actionem
1647 2897 1725 2925 intra
1742 2903 1868 2926 certum

999 2940 1124 2971 tempus
1134 2935 1304 2965 'intendere
1319 2935 1372 2965 iub
1390 2946 1482 2976 poena
1496 2937 1623 2972 silentii,
1642 2934 1779 2966 sicesset.
1803 2936 1868 2967 Sed

1000 2972 1044 3004 est
1061 2974 1224 3005 somnium.
1244 2984 1282 3006 en
1300 2977 1412 3008 verba:
1435 2973 1869 3017 Dffamariflotumingenuo-

999 3024 1061 3045 rum
1072 3038 1080 3052 ,
1093 3018 1142 3052 seu
1152 3024 1262 3054 errore,
1272 3018 1325 3055 seu
1341 3019 1524 3059 malignitate
1534 3018 1739 3058 quorumdam,
1754 3020 1866 3057 perini-

999 3065 1088 3096 quum
1104 3054 1160 3095 est:
1172 3058 1400 3098 praesercimcum
1414 3058 1536 3098 affirmes
1551 3059 1601 3088 diu
1612 3055 1762 3094 Prafidem
1773 3069 1866 3091 unum

1000 3102 1084 3138 acque
1108 3098 1230 3129 alterum
1253 3100 1427 3140 appellatum
1450 3110 1467 3129 a
1491 3106 1517 3128 te
1533 3121 1541 3135 ,
1570 3097 1702 3138 vocitasse
1723 3101 1866 3142 diversam

994 3144 1125 3179 partem,
1149 3147 1182 3170 uc
1200 3140 1451 3171 coizzraciifflonem
1459 3139 1589 3178 faceret,
1604 3138 1634 3176 si
1656 3140 1866 3179 defensionibus

990 3180 1056 3220 suis
1072 3181 1243 3220 confideret,
1271 3184 1345 3211 unde
1361 3178 1469 3219 constat
1487 3181 1584 3210 merito
1603 3180 1736 3213 recimero
1748 3185 1868 3223 provin-

997 3222 1046 3253 ciae
1061 3228 1230 3253 commotum
1245 3223 1461 3264 allegationibus
1472 3223 1529 3252 tais
1542 3245 1550 3260 ,
1559 3222 1734 3262 sentenciam
1745 3224 1843 3265 decliffe
1855 3248 1866 3263 ,

1109 3264 1139 3293 λ)
1164 3272 1179 3293 2
1832 3276 1867 3299 ne
