2036 3495
494 99 566 134 DE
608 98 815 134 PAcris
857 108 915 134 tr
962 99 1506 140 TRANsAcTIONIBUS.

88 191 201 231 verse,
226 191 459 233 obligationem
478 189 508 221 ἃ
526 187 710 221 donationis
735 188 765 219 ὅ(
789 189 974 236 transactio-

87 235 136 270 nis
154 232 243 266 causa
264 235 384 266 remitti
402 233 418 263 l.
438 242 486 272 25.
506 230 542 266 &³
561 231 579 261 l.
597 239 647 270 534.
667 229 699 260 C.
718 231 751 260 de
769 231 973 278 transatiioni-

84 279 156 308 bus:
173 275 371 317 perindeque
391 275 452 306 dici
465 297 475 313 ,
495 272 620 314 pastum
641 271 854 317 transaetioiie
874 281 972 319 inter.

84 318 163 360 poni
180 318 199 348 l.
218 326 267 358 31.
288 317 321 348 C.
340 317 400 347 eod.
421 317 468 346 tit.
493 316 522 346 δε
541 313 676 359 pastum.
693 312 762 359 fieri
783 314 970 346 donationis

85 358 204 391 causal.
225 369 254 395 9.
275 358 315 390 1).
335 361 368 389 de
385 356 599 389 donationibus.
624 355 700 395 quid
727 363 756 385 ni
785 359 870 387 enim
889 365 966 396 prae-

83 400 195 432 misisse
218 401 283 432 hoc
309 399 414 439 potuit
443 396 597 439 Ulpianus
613 398 642 427 cl.
661 396 680 427 l.
703 404 727 442 t.
752 396 781 427 ἃ
804 395 967 444 subjecisse

84 443 223 479 deinde,
248 442 331 473 inter
354 448 523 480 uti-amque
541 437 624 476 pasti
643 439 781 478 speeiem
800 439 967 486 interesse:

85 485 177 524 quod
203 483 256 524 qui
282 481 440 523 transigit,
464 479 549 522 quafi
573 480 613 510 de
635 488 668 510 re
685 479 779 510 dubia
797 480 827 511 ἃ
846 482 968 527 Ιιρςῆιο-

84 533 193 564 certa,
219 534 324 566 neque
340 523 431 555 finita
447 521 606 562 transigit:
632 521 687 562 qui
705 530 783 567 vei-o
800 523 969 563 pacilcitur

84 567 271 598 donationis
294 565 401 604 causa,
425 574 492 595 rem
517 571 637 594 certam
657 563 686 594 ὅ(
704 563 917 596 indubitatam
935 565 968 596 li·

85 608 252 639 beralitate
266 606 428 639 remittit?
452 604 538 636 Mihi
555 603 619 636 hoc
635 604 671 636 fit
688 605 856 644 probabile
871 606 901 638 in
918 606 968 637 his

82 648 303 690 Fragmentis,
329 649 483 680 &tamen
503 646 635 684 addam,
661 648 750 686 quod
775 647 825 678 vel
851 646 892 678 fic
909 649 968 678 cii·-

85 689 268 730 cumspette
289 689 496 730 accipiendus
526 687 694 728 Ulpianus.
728 697 800 720 nam
815 688 845 736 ⁸si
870 690 968 731 magis

83 732 165 764 intra
183 732 249 773 ejus
265 732 362 763 verba
383 729 591 769 subsistimus,
616 739 709 769 quam
737 731 775 761 ad
793 740 859 771 ejus
880 741 967 777 menj

82 781 149 805 tem
174 782 272 813 atque
295 774 336 806 ad
360 783 428 805 rein
455 771 552 813 ipsam
577 771 790 812 adsurgimus:
813 771 856 804 sic
879 773 967 813 loqui

83 824 158 847 euni
177 824 330 856 apparet3
354 814 439 855 quasi
457 821 573 855 neget,
598 822 665 845 rem
685 813 814 845 dubiam
837 822 890 845 aut
906 815 968 845 liti-

82 856 202 898 giosam
219 857 380 898 pertinere
395 858 435 888 ad
446 857 570 896 pactum
588 856 677 894 quod
693 855 878 887 donationis
894 865 966 887 cau-

81 900 112 930 sa
128 897 180 937 fit,
208 900 238 931 ἃ
254 899 285 930 in
303 898 409 940 specie
426 898 488 929 tale
504 897 691 938 appellatur.
717 897 845 928 interim
861 897 893 929 id
910 896 967 928 fal-

81 940 149 972 sum
170 939 233 978 est,
258 940 288 972 &
306 939 399 980 ipsius
416 939 607 971 auctoritate
627 937 754 978 Ulpiani
773 938 931 970 refutatur
945 939 965 970 l.

81 985 111 1013 6.
122 982 150 1023 §.
164 992 192 1022 3.
206 981 249 1014 D.
268 983 301 1013 de
316 983 359 1013 his
374 984 425 1024 qui
440 986 582 1013 notantur
596 981 732 1019 infamia.
754 980 871 1012 Paulus
887 989 966 1020 quo-

83 1032 147 1063 que
171 1024 220 1054 lib.
244 1033 270 1055 1.
297 1024 428 1055 Sentent.
454 1024 501 1054 tit.
521 1031 548 1053 1.
564 1022 593 1064 §.
610 1032 640 1062 5.
667 1022 772 1060 clare,
797 1020 846 1053 De
863 1024 965 1061 rebus,

84 1066 209 1106 inquit,
225 1064 357 1106 litigiofis
373 1064 409 1099 ἔξ
419 1066 571 1096 convenire
587 1062 624 1098 ὅ)
637 1062 796 1104 tranfigere
805 1063 963 1104 poffumus.

84 1107 266 1140 Prudenter
277 1109 373 1148 igitur
383 1106 526 1140 exaudiri
539 1104 712 1146 Ulpianum
725 1113 875 1145 oportet:
891 1114 964 1137 cum

83 1150 147 1188 ait,
173 1147 237 1191 Qui
258 1159 325 1179 vero
342 1149 503 1189 paciscitur
519 1146 682 1179 donationis
701 1149 790 1184 causa
798 1169 808 1185 ,
830 1156 889 1177 rem
907 1156 964 1193 cer-

83 1197 144 1222 tam
162 1191 198 1226 &¹
214 1191 410 1221 indubitatam
428 1189 602 1220 liberalitate
627 1188 761 1218 remittit.
806 1187 962 1220 suaserim

81 1241 209 1270 autern,
232 1241 307 1263 eum
329 1231 371 1262 fic
395 1231 518 1270 accipi,
543 1228 628 1275 quasi
652 1228 793 1268 scribat,
818 1228 886 1272 Qui
911 1239 962 1270 pa-

81 1273 209 1305 ciscitur
233 1273 419 1304 donationis
444 1271 553 1310 causa,
577 1279 675 1316 etiam
700 1279 768 1301 rem
786 1278 914 1317 ‘certam
932 1270 963 1302 ὃς

79 1315 297 1347 indubitatam
320 1313 512 1346 liberalitate
538 1319 699 1344 remittit:
727 1321 793 1352 pari
817 1321 962 1351 ratione,

83 1365 144 1397 qua
169 1356 312 1394 Seneca,
337 1354 384 1386 De
396 1355 582 1396 providentia
598 1365 622 1385 c.
640 1363 671 1392 4.
704 1353 843 1394 Prospera
858 1355 891 1385 in
903 1354 963 1394 ple-

81 1399 143 1430 bem
159 1407 194 1429 ac
211 1397 286 1428 vilia
305 1398 423 1438 ingenia
440 1398 619 1427 deveniunt.-
632 1401 665 1426 at
679 1395 858 1426 calamitates
874 1401 963 1444 terro-

79 1449 179 1481 resque
192 1438 422 1478 mortaliumsub
432 1438 542 1479 jugum
553 1439 683 1476 mittere,
694 1438 846 1478 proprium
861 1447 962 1480 magni

81 1482 143 1513 viri
158 1479 206 1521 est.
232 1480 355 1511 Seneca
365 1479 539 1521 significat,
557 1480 678 1520 aliquid
694 1477 756 1510 esse
772 1479 802 1524 ei
818 1488 964 1526 commu-

83 1532 126 1555 ne
142 1531 215 1554 cum
229 1521 336 1564 plebe.
368 1522 533 1562 proprium
552 1520 614 1552 esse
626 1544 636 1559 ,
661 1521 749 1561 quod
767 1529 865 1552 vincit
882 1521 962 1566 cala·

82 1564 233 1603 mitates,
256 1571 474 1604 terroresque.
497 1571 691 1600 commune,
708 1562 797 1602 quod
814 1563 964 1604 prospera

81 1605 180 1638 etiam
195 1606 234 1637 ad
249 1605 400 1646 plebem,
416 1605 468 1636 vel
484 1613 576 1645 aeque
591 1606 630 1637 ad
644 1603 793 1645 plebem,
809 1611 906 1645 atque
924 1605 964 1636 ad

79 1648 171 1680 illurn
190 1647 377 1679 deveniunt.
422 1645 554 1678 Eodem
577 1648 676 1678 modo
697 1645 811 1677 Paulus
827 1646 846 1677 l.
871 1655 898 1677 1.
918 1646 962 1679 D.

80 1688 200 1722 Finium
214 1688 411 1729 regundorum
426 1687 469 1719 ait
478 1710 488 1725 ,
505 1687 623 1719 Finium
636 1687 832 1730 regundorum
843 1687 918 1719 atilio
932 1689 965 1719 in

102 1733 233 1771 ersonam
248 1728 305 1770 esi,
322 1729 388 1760 licet
423 1739 452 1760 ro
465 1730 662 1760 vindicatione
677 1729 720 1760 rei
735 1725 792 1769 est.-
808 1738 882 1775 cum
899 1729 964 1776 vel-

76 1737 128 1804 fet
145 1772 273 1809 dicere,
298 1771 386 1811 quod
428 1771 515 1802 nium
533 1772 749 1812 regundorum
767 1770 850 1801 actio
867 1779 964 1803 etiam

80 1814 115 1845 in
134 1812 300 1853 personam
320 1811 384 1851 est;
411 1813 489 1844 licet
505 1811 649 1852 alioquin
667 1811 704 1844 fit
721 1821 782 1852 pro
799 1813 845 1843 rei
865 1813 964 1845 vindi-

80 1856 230 1887 catione:
248 1853 311 1886 esse
330 1855 414 1885 enim
429 1854 560 1886 mixtam
577 1854 735 1886 actionem
747 1876 756 1891 ‚
773 1852 964 1898 Justinianus

81 1896 194 1928 auctor
211 1895 256 1927 est
273 1895 301 1937 §.
323 1905 371 1927 20.
389 1893 461 1935 Inst.
478 1896 511 1926 de
528 1896 698 1927 actionibus.
721 1894 871 1927 Similiter
886 1896 964 1929 Pau-

80 1937 128 1970 lus
143 1937 163 1968 l.
175 1948 203 1969 2.
214 1937 243 1980 §.
256 1947 283 1978 3.
301 1936 344 1968 D.
360 1939 393 1968 (le
408 1939 491 1968 rebus
506 1939 640 1975 creditis,
657 1937 824 1976 Creditum,
840 1938 963 1978 inquit,

80 1976 206 2019 consistit
227 1985 313 2010 extra
327 1988 374 2010 eas
390 1988 434 2010 res
449 1988 511 2021 quae
522 1980 664 2020 pondere,
686 1987 823 2023 numero,
833 2020 839 2026 ⁸
851 1980 964 2017 mensu-

79 2030 134 2060 ra,
149 2020 344 2051 continentur.
360 2029 439 2060 pro,
457 2020 626 2052 Creditum
639 2018 781 2052 consistit
795 2028 891 2053 etiam
908 2031 964 2053 ex-

80 2068 129 2093 tra
148 2071 200 2094 eas
217 2071 278 2093 reS.
301 2060 344 2092 Et
359 2062 378 2092 l.
395 2070 445 2103 31.
465 2062 493 2104 §.
516 2071 541 2093 1.
562 2061 603 2093 D.
623 2063 657 2093 de
674 2062 911 2102 usurpationibus
927 2062 964 2097 ἐπ”

80 2103 321 2144 usucapionibus,
338 2102 376 2135 In
393 2104 616 2144 usucapionibus
631 2103 777 2136 mobilium
792 2105 964 2135 continuum

81 2151 191 2186 tempus
208 2151 400 2176 numeratur:
416 2144 612 2186 significans,
629 2144 820 2177 continuum
836 2153 963 2187 tempus

81 2187 178 2218 etiam
191 2187 221 2217 in
232 2186 399 2219 mobilium
410 2187 657 2228 usucapionibus
668 2188 844 2219 numerari:
862 2198 895 2219 ut
911 2196 964 2229 ap-

83 2234 175 2267 paret
191 2237 231 2259 ex
247 2229 266 2258 l.
282 2238 312 2267 ς.
328 2227 370 2259 D.
387 2230 446 2259 eod.
463 2230 510 2260 tit.
536 2228 610 2260 Nec
627 2236 750 2260 tantum
770 2227 882 2261 Paulus
898 2228 963 2261 hoc

81 2269 209 2301 locutus
224 2269 324 2300 modo
339 2268 404 2309 est3
419 2269 472 2301 sed
489 2269 556 2310 ipse
571 2279 702 2311 quoque
719 2268 876 2308 Ulpianus
894 2271 914 2303 l.
935 2280 960 2303 1.

76 2309 109 2383 p.
123 2320 150 2350 3.
168 2309 209 2342 D.
228 2311 259 2341 de
269 2310 382 2351 patris.-
397 2318 432 2342 ut
445 2311 507 2351 jam
519 2313 673 2344 annotavi
687 2310 778 2351 supra
793 2313 899 2353 capite
914 2323 961 2345 11.

94 2353 166 2383 dem
181 2351 231 2383 vel
247 2351 346 2383 simile
359 2351 527 2384 observavi
544 2354 575 2384 in
593 2354 612 2385 l.
634 2363 683 2386 10.
703 2353 747 2385 D.
765 2355 798 2384 de
814 2357 962 2395 usucapio-

79 2394 183 2425 nibus:
206 2392 259 2424 ubi
288 2391 442 2433 Ulpianus
461 2417 470 2433 ,
493 2393 537 2425 Et
560 2395 706 2435 obtinuit,
730 2396 835 2435 inquit
859 2396 963 2428 Sabini

80 2433 118 2468 δ’
134 2433 223 2475 Caffii
230 2433 400 2474 sententia,
429 2437 597 2467 traditionis
614 2437 732 2468 initium
743 2436 961 2476 spoliantium.-

81 2483 160 2514 pro,
177 2476 272 2509 etiam
289 2477 468 2509 traditionis
482 2477 608 2510 initium
624 2478 852 2519 spectantium:
871 2487 905 2511 ut
919 2489 961 2511 ex

84 2517 309 2556 conjunctione
333 2517 352 2549 l.
373 2527 402 2558 7.
419 2518 447 2560 ἓ.
466 2518 520 2550 ult.
542 2519 584 2551 D.
611 2521 644 2551 de
661 2520 886 2552 Publicianam
902 2531 961 2552 rem

84 2555 192 2588 afflone
207 2568 277 2598 quae
293 2557 339 2591 est
355 2569 395 2591 ex
407 2561 524 2593 eodem
539 2559 668 2601 Ulpiani
684 2562 732 2593 lib.
749 2571 825 2594 xv1.
851 2563 902 2594 Ad
917 2562 957 2594 E-

85 2597 203 2641 dietum
220 2609 259 2629 ex
276 2609 341 2640 quo
357 2600 402 2632 est
417 2602 445 2633 d.
462 2602 482 2634 l.
504 2612 558 2642 10,
585 2603 707 2643 liquere
726 2604 843 2645 potest.
878 2604 959 2636 Sunt

83 2645 179 2676 igitur
194 2648 234 2670 ex
249 2639 377 2680 Ulpiani
396 2641 551 2676 sententia
568 2645 638 2677 duae
657 2644 740 2684 paCti
757 2646 786 2676 ἂ
802 2647 958 2678 conventi

81 2677 215 2711 formae:
238 2690 299 2712 una
321 2680 357 2714 fit
381 2683 565 2717 donationis
592 2686 700 2724 causa,
726 2686 756 2719 &
773 2687 889 2720 dicitur
905 2697 959 2727 pa-

83 2718 169 2750 Ctum
187 2720 237 2751 vel
253 2730 451 2756 conventum
467 2726 501 2757 in
524 2726 628 2766 specie
641 2750 651 2766 ,
671 2729 769 2760 altera
789 2730 959 2761 transactio

84 2760 271 2800 appellatur.
294 2764 381 2803 prior
395 2766 492 2798 etiam
516 2769 556 2799 de
573 2778 607 2800 re
623 2778 712 2802 certa
731 2770 761 2802 &
779 2770 959 2803 indubitata

84 2800 139 2834 fit:
164 2802 320 2842 posterior
338 2811 460 2838 tantum
480 2808 510 2839 in
529 2819 562 2840 re
578 2811 694 2849 dubia,
711 2819 765 2843 aut
783 2812 840 2844 lite
857 2813 959 2845 incer-

84 2851 114 2874 ta
132 2853 238 2883 neque
256 2842 354 2876 finita.
385 2846 437 2878 Sic
456 2846 619 2886 Ulpianus.
648 2851 720 2884 Nec
737 2853 828 2885 aliter
845 2853 958 2886 Paulus

82 2886 111 2917 d.
128 2886 175 2916 [lb.
197 2894 220 2916 l.
239 2885 366 2917 sentent.
382 2893 428 2919 lit.
449 2897 472 2919 1.
491 2889 519 2931 §.
535 2901 565 2930 5.
585 2893 680 2923 verba
695 2894 793 2926 Pauli,
812 2894 859 2926 De
873 2897 958 2926 rebus

83 2925 215 2968 litigiofis
225 2925 262 2961 ὃ
272 2929 422 2960 convenire
437 2929 473 2964 δέ
488 2931 644 2974 tranfigere
654 2934 810 2975 poffumus.
823 2944 858 2977 pc·
898 2947 958 2968 rem

75 2970 243 3012 jiuiicatam
259 2968 401 3007 pastum,
422 2969 479 3008 rufi
499 2974 662 3005 donationis
684 2981 770 3018 causa
792 2979 957 3019 interpona-

82 3017 149 3049 tur,
157 3011 279 3050 servari
293 3020 350 3041 non
365 3018 480 3052 oportet.
504 3013 617 3046 Paulus
633 3025 699 3048 rem
712 3017 884 3057 judicatam
902 3029 957 3059 po.

80 3053 129 3084 nit
149 3061 206 3092 pro
223 3053 376 3089 exemplo
394 3055 436 3084 rei
457 3062 553 3086 certae
569 3057 610 3088 de
626 3066 686 3097 qua
703 3067 797 3099 negat
812 3061 956 3102 tranfigi:

79 3102 112 3125 at
128 3093 167 3124 de
187 3094 283 3124 rebus
305 3094 443 3133 litigiosis
459 3096 487 3126 a&
506 3098 628 3139 transigi
646 3098 676 3131 &
694 3102 860 3134 conveniri
878 3105 956 3142 pati-

82 3144 144 3167 tur.
180 3132 256 3166 Non
275 3135 383 3166 omnia
400 3136 505 3180 adhuc
520 3139 597 3170 dixi.
622 3148 775 3180 praeterea
791 3142 957 3176 observan-

80 3178 177 3214 dum,
201 3176 239 3206 ab
255 3175 395 3217 Ulpiano
412 3187 442 3209 in
458 3181 485 3210 d.
506 3179 526 3210 l.
549 3190 574 3212 1.
602 3182 689 3213 litem
707 3192 724 3214 a
740 3192 774 3214 re
790 3183 955 3227 distingui:

78 3226 116 3252 ut
131 3218 168 3250 lis
183 3225 201 3248 a
215 3220 304 3252 caula
317 3219 478 3260 l‘eparatur
491 3221 512 3254 l.
530 3226 578 3257 16.
593 3223 626 3257 C.
644 3226 677 3257 de
690 3224 953 3265 transactionibus:

1829 119 1846 151 4
1857 120 1902 152 2³5

1019 201 1091 224 cuni
1110 192 1251 233 alioquin
1268 193 1328 225 sitit
1344 195 1466 227 eaedem
1482 195 1539 234 lis,
1564 204 1633 234 res,
1659 196 1759 227 causa.
1784 197 1902 233 dicitur

1017 241 1124 265 autem
1145 233 1283 275 Ulpiano
1303 235 1338 267 lis
1359 242 1427 276 quae
1446 236 1475 268 in
1493 237 1649 277 judiciuin
1666 238 1822 277 dedusta;
1847 241 1899 270 vei

1017 283 1051 306 ut
1069 274 1172 306 Varro
1187 277 1229 308 ait
1244 277 1292 309 lib.
1305 282 1334 309 6.
1352 277 1397 308 De
1412 279 1515 320 lingua
1531 279 1660 314 Latina,
1681 290 1752 320 qua:
1771 291 1801 312 in
1819 290 1900 312 con-

1015 316 1167 348 troversia
1178 319 1236 351 esi.
1254 320 1293 351 de
1311 320 1369 350 hac
1387 330 1465 356 vei-o
1482 322 1625 362 transigi,
1637 320 1792 362 Ulpianus
1809 322 1898 354 sinit:

1014 359 1086 398 quia
1104 361 1256 399 quamdiu
1273 370 1337 392 non
1355 360 1400 393 est
1416 362 1523 401 finita,
1542 363 1661 394 incerta
1678 364 1723 395 cst
1739 366 1783 396 ob
1800 365 1900 396 ambi—

1013 409 1073 440 gua
1089 399 1154 431 fata
1171 401 1342 434 causarum.
1368 402 1410 434 sic
1425 404 1509 436 enim
1526 414 1685 437 vocantur
1700 406 1719 437 l.
1744 415 1788 445 14.
1815 406 1846 440 C.
1864 409 1898 436 tle

1013 443 1165 473 advocatis
1176 445 1356 483 diversorum
1363 445 1556 486 judiciorum.
1580 445 1800 491 Quintilianus
1811 472 1820 486 ‚
1836 448 1897 478 De-

1012 484 1095 515 clant.
1119 493 1144 514 1.
1170 485 1228 515 Pro
1244 495 1315 516 coeco
1332 493 1394 527 cap.
1417 497 1464 527 15.
1484 488 1629 528 diceret,
1647 489 1732 520 facili
1751 499 1900 521 momen-

1013 533 1048 556 to
1065 525 1164 556 causa:
1183 526 1249 558 fata
1266 528 1357 558 verti.
1406 528 1561 570 Ulpianus
1584 530 1776 570 confirmat,
1800 532 1899 563 etiam

1014 566 1137 608 transigi
1156 568 1196 599 dc
1214 578 1246 599 re
1264 567 1328 600 five
1345 570 1386 601 de
1401 570 1491 602 causa
1509 572 1613 603 dubia.
1638 572 1682 604 est
1698 582 1804 604 autem
1826 582 1899 604 cau·

1013 609 1042 639 sa
1060 613 1115 649 (ut
1132 608 1266 641 Isidorus
1285 610 1397 643 definit
1414 613 1461 644 lib.
1484 618 1531 647 18.
1552 614 1671 655 Origin.
1692 626 1716 645 c.
1739 616 1807 654 15.)
1832 624 1899 646 ma-

1013 657 1092 682 teria
1118 651 1147 682 ὃ(
1172 652 1266 692 origo
1291 654 1414 693 negotii
1442 656 1581 689 necdum
1600 656 1801 688 dist-uitiosus
1820 666 1897 688 exa-

1013 695 1101 725 mine
1118 692 1287 732 patefacta.
1335 695 1381 725 Ea
1398 705 1448 726 res
1465 695 1529 728 sive
1547 696 1636 728 causa
1653 695 1689 728 fit
1709 698 1815 729 dubia.
1849 700 1897 730 in-

1012 742 1104 764 certo
1130 735 1329 767 conditionis
1353 746 1394 768 ex
1410 747 1471 777 qua
1491 740 1630 778 pendeat
1647 738 1756 770 futura
1773 739 1856 770 aetio
1873 740 1894 771 l.

1014 783 1040 805 1.
1060 774 1092 805 C.
1111 776 1144 805 cle
1158 775 1269 815 paais:
1284 778 1382 810 etiarn
1401 779 1446 810 ob
1463 787 1559 820 quam
1576 781 1651 820 iuris
1668 789 1723 812 aut
1740 780 1814 812 fatu
1832 790 1897 815 atn-

1011 816 1201 856 biguitatem
1224 827 1265 849 ex
1288 827 1350 858 qua
1377 820 1433 859 lis,
1457 821 1513 853 etsi
1537 823 1680 854 nondum
1707 822 1761 861 sit,
1786 831 1895 855 tamen

1009 856 1110 889 metui
1139 858 1244 897 poffit.
1276 862 1462 902 exemplum
1480 873 1569 903 petas
1589 864 1664 895 licet
1679 874 1696 895 a
1711 863 1895 901 Cicerone,

1012 898 1071 929 Pro
1088 898 1214 943 Quintio
1226 923 1236 939 ,
1261 900 1337 932 loco
1354 905 1450 942 paulo
1466 904 1536 944 post
1553 905 1733 946 allegando.
1759 907 1847 938 dabit
1865 908 1896 939 ἃ·

1011 940 1097 971 aliud
1127 939 1207 981 Imp.
1233 941 1417 975 Antoninus
1433 946 1452 978 l.
1473 956 1501 977 2.
1520 946 1553 978 C.
1578 950 1612 979 de
1628 947 1896 988 transaiiz‘onibus,

1011 981 1119 1013 verbis
1135 981 1352 1022 sequentibus.
1376 986 1450 1017 Cum
1466 993 1492 1018 te
1500 995 1644 1028 proponas
1660 1000 1724 1020 cum
1738 995 1830 1028 sorore
1842 997 1897 1023 tua

1009 1024 1044 1054 de
1060 1023 1215 1054 hereditate
1239 1025 1405 1066 transegiffe
1417 1051 1426 1065 ‚
1451 1028 1487 1063 ὅ)
1505 1031 1563 1060 ideo
1580 1038 1687 1062 certant
1697 1034 1854 1073 pecuniam
1870 1033 1897 1063 ei

1013 1070 1040 1095 te
1056 1066 1152 1096 debere
1168 1064 1273 1106 cavzffe
1285 1078 1294 1098 .·
1307 1068 1357 1106 etsi
1371 1069 1453 1100 nulla
1461 1071 1565 1110 juillet
1579 1070 1693 1113 questio
1707 1075 1894 1113 hereditatis,

1007 1111 1103 1137 tanton
1124 1112 1242 1147 propter
1263 1108 1393 1140 timorem
1418 1112 1478 1142 litis
1500 1113 1695 1146 transactione
1709 1114 1897 1155 interpoftta‚

1002 1150 1132 1188 pecunia
1148 1147 1222 1179 recte
1236 1156 1325 1180 cauta
1343 1152 1539 1192 intelligitur:
1560 1164 1596 1186 ex
1612 1165 1671 1196 qua
1688 1159 1776 1195 caula
1787 1156 1814 1195 fi
1822 1157 1896 1198 fisca

998 1188 1150 1230 Jolvzffes,
1174 1195 1295 1230 repetere
1314 1201 1371 1222 non
1384 1194 1493 1234 poffes:
1515 1194 1552 1229 ὅ)
1561 1195 1590 1233 fi
1606 1198 1821 1239 nonsolvffn,
1847 1206 1895 1230 ta-

1007 1240 1070 1262 nien
1083 1232 1153 1272 jure
1170 1235 1375 1265 convenireris.
1415 1238 1576 1269 Antonius
1604 1237 1722 1277 Faber,
1749 1240 1806 1271 Vir
1823 1242 1893 1272 exi-

1007 1273 1089 1304 mius
1106 1273 1155 1303 lib.
1168 1282 1215 1314 1?-
1234 1274 1363 1315 Conjett.
1381 1285 1406 1307 c.
1423 1287 1453 1316 4.
1472 1278 1503 1309 in
1524 1279 1583 1309 liae
1595 1279 1667 1320 lege
1685 1289 1744 1321 pro
1757 1281 1827 1320 fisco
1846 1291 1896 1313 re-

996 1314 1101 1354 ‘ponit
1122 1313 1206 1346 illico.
1238 1316 1467 1357 elegantissima
1491 1320 1694 1360 conjcuura:
1719 1323 1773 1354 nisi
1796 1325 1895 1355 recla-

1005 1363 1130 1386 marent
1144 1365 1258 1388 omnes
1276 1359 1427 1391 codices:
1453 1363 1631 1394 retinentes
1643 1362 1723 1403 fisco.
1757 1374 1896 1405 quomo-

1006 1396 1049 1429 do
1066 1397 1162 1428 etiam
1181 1398 1329 1439 legerunt
1342 1401 1420 1433 olim
1434 1401 1560 1443 Graeci,
1576 1404 1694 1443 Basilio.
1710 1407 1758 1437 lib.
1778 1416 1830 1438 xt.
1848 1409 1898 1439 tit.

1006 1447 1035 1470 2.
1046 1445 1119 1479 pag.
1137 1444 1208 1480 778.
1223 1447 1289 1472 tom.
1309 1450 1334 1472 1.
1351 1443 1448 1485 igitur
1464 1454 1524 1476 nec
1539 1455 1601 1487 ego
1617 1449 1766 1479 recedam
1783 1458 1800 1479 a
1818 1458 1898 1485 con-

1007 1480 1110 1511 stante
1131 1480 1290 1514 lenione:
1314 1484 1519 1525 existimans,
1544 1488 1686 1520 breviter
1702 1489 1896 1531 rescriptum

1008 1520 1071 1553 effe
1091 1522 1130 1552 ad
1147 1521 1269 1555 facium
1290 1524 1321 1555 in
1344 1525 1456 1558 libello
1471 1528 1597 1565 plenius
1617 1530 1817 1570 propositum
1830 1555 1839 1568 ,
1863 1533 1897 1565 <Sc

1008 1572 1024 1594 a
1045 1561 1169 1594 Graecis
1188 1573 1254 1596 non
1279 1565 1389 1607 inepte
1411 1567 1553 1604 effiCtum
1577 1571 1616 1601 ad
1634 1572 1720 1604 hunc
1739 1575 1900 1613 modum,

1009 1603 1153 1636 Fabroto
1171 1606 1359 1648 interprete.
1399 1609 1473 1641 Cum
1489 1613 1523 1642 de
1539 1612 1693 1644 hereditate
1706 1616 1814 1653 sorores
1831 1617 1898 1647 a'uae

1007 1647 1226 1687 contenderent,
1242 1659 1303 1680 una
1319 1659 1355 1681 ex
1370 1650 1414 1681 bis
1428 1654 1461 1682 de
1478 1654 1575 1684 danda
1590 1661 1669 1686 certa
1680 1657 1808 1696 pecunia
1814 1658 1898 1696 soro-

1007 1689 1035 1720 ri
1050 1688 1257 1721 transactionis
1281 1695 1368 1727 caula
1379 1695 1549 1735 pepigerat,
1574 1697 1663 1737 deque
1678 1706 1711 1729 ea
1726 1700 1893 1731 cautionem

1008 1731 1148 1770 emiserat.
1180 1741 1284 1764 verum
1294 1731 1392 1775 postea
1408 1737 1536 1777 accidit,
1559 1745 1593 1768 ut
1601 1739 1686 1778 soror
1704 1749 1768 1781 quoe
1783 1741 1896 1771 cautio-

1009 1780 1074 1803 nem
1090 1778 1257 1813 acceperat,
1271 1776 1493 1817 publicaretur,
1508 1779 1555 1809 vel
1571 1786 1605 1810 ut
1615 1779 1681 1818 fine
1698 1782 1797 1812 herede
1814 1784 1895 1814 dece-

1009 1814 1088 1844 deret
1101 1835 1111 1852 ,
1132 1823 1167 1844 ac
1180 1814 1273 1855 fiscus
1295 1818 1320 1847 ei
1335 1820 1508 1854 succederet.
1532 1830 1595 1862 quae
1609 1823 1704 1861 igitur
1717 1833 1783 1855 cum
1792 1824 1895 1864 sorore

999 1855 1060 1894 Jua
1083 1854 1282 1898 transegerat,
1304 1867 1371 1891 cum
1381 1861 1448 1901 jam
1460 1860 1673 1904 fiscosolviffet
1695 1875 1728 1896 ea
1743 1875 1807 1907 quae
1824 1876 1895 1901 cau-

1007 1897 1083 1927 tione
1096 1900 1339 1939 continebantur,
1354 1908 1407 1932 aut
1422 1912 1479 1933 non
1492 1904 1616 1944 solvtffet
1631 1907 1746 1947 quidem
1756 1931 1765 1946 ,
1776 1908 1832 1947 sed
1846 1917 1896 1940 ve-

1007 1945 1137 1977 reretur,
1153 1949 1189 1969 ne
1205 1950 1223 1971 a
1231 1940 1302 1980 fisco
1317 1951 1346 1973 eo
1361 1946 1474 1975 nornine
1488 1948 1711 1987 conveniretur,
1726 1949 1893 1990 Principem

1007 1980 1123 2018 adivit,
1140 1988 1300 2022 caponem,
1317 1986 1429 2016 nullam
1444 1988 1470 2016 ei
1479 1985 1592 2027 justam
1610 1991 1782 2029 cumsorore
1796 1992 1829 2021 de
1844 1992 1892 2022 be-

1007 2022 1129 2064 reditate
1141 2024 1365 2062 controverfiam
1373 2027 1482 2068 fuiffe,
1499 2028 1536 2063 ἐξ
1547 2029 1663 2068 frusiru
1678 2030 1787 2069 &sine
1801 2035 1890 2073 causa

1007 2061 1203 2104 interpositam
1226 2067 1470 2108 transailionam,
1493 2070 1743 2114 defiderabatque,
1769 2083 1804 2104 ne
1821 2084 1891 2108 cau·

1007 2110 1039 2135 ta
1051 2108 1176 2145 pecunia
1197 2108 1233 2138 ab
1253 2117 1286 2139 ea
1302 2110 1505 2143 transactionis
1524 2116 1612 2153 causa
1628 2116 1814 2156 exigeretur:
1836 2122 1890 2148 aut

1006 2153 1079 2177 certe
1094 2152 1127 2177 ut
1142 2154 1262 2187 repetere
1279 2152 1355 2191 quod
1370 2161 1407 2182 ex
1421 2162 1453 2183 ea
1467 2156 1554 2193 causa
1569 2154 1712 2196 lolvzffess
1733 2157 1761 2187 ei
1776 2157 1887 2190 liceret.

1007 2188 1168 2229 Imperator
1184 2190 1277 2230 igitur
1292 2193 1329 2222 ad
1344 2193 1407 2234 ejus
1424 2194 1550 2226 libellum
1564 2197 1608 2228 ita
1625 2197 1777 2240 rescripsit.
1812 2200 1887 2233 Cum

1006 2236 1033 2260 te
1043 2236 1185 2270 proponas
1201 2240 1268 2263 cunt
1282 2233 1374 2269 sorore
1397 2241 1449 2267 tua
1468 2239 1501 2267 de
1525 2238 1682 2271 hereditate
1699 2241 1887 2282 transeatffe,

1006 2270 1043 2305 ἐξ
1064 2271 1124 2302 ideo
1142 2277 1248 2304 certam
1265 2278 1420 2315 pecuniam
1435 2284 1462 2307 te
1477 2279 1504 2309 ei
1519 2281 1616 2311 debere
1632 2281 1758 2322 cavzffe,
1775 2283 1842 2321 five
1856 2286 1889 2316 in

1006 2313 1226 2360 chirographum
1249 2317 1401 2359 redegzffe3
1424 2318 1476 2358 elsi
1491 2322 1574 2353 nulla
1583 2323 1690 2362 furffet
1707 2323 1823 2365 qaeestio
1839 2325 1888 2356 be-

1004 2356 1155 2394 reditatts,
1180 2362 1275 2388 tamen
1285 2365 1404 2399 propter
1420 2363 1547 2393 timorem
1562 2364 1623 2394 luis
1636 2365 1829 2398 transactione
1843 2368 1889 2398 in·

1004 2394 1140 2441 terpofita
1149 2420 1159 2436 ,
1164 2400 1291 2442 pecunia
1305 2400 1379 2431 recte
1387 2408 1476 2434 cauta
1491 2404 1670 2443 intelligitur
1680 2417 1689 2438 :
1703 2416 1740 2438 ex
1748 2418 1807 2449 qua
1817 2418 1887 2440 cau-

996 2439 1036 2477 sa
1044 2436 1072 2474 fi
1085 2437 1157 2485 fi(⁶⁰
1166 2440 1314 2482 solvzffes,
1337 2449 1456 2482 repetere
1470 2455 1527 2476 non
1541 2447 1647 2487 poffes:
1670 2447 1745 2486 &fi
1760 2451 1885 2490 nonsol-

1002 2476 1090 2519 visti,
1108 2489 1178 2521 jure
1193 2485 1400 2515 convenireris.
1440 2487 1492 2517 Sic
1508 2485 1628 2521 Graeci.
1653 2488 1673 2521 si
1689 2491 1792 2524 recte:
1809 2501 1888 2532 pos—

1003 2520 1106 2568 sumus
1131 2531 1262 2568 quoque
1285 2534 1395 2557 carere
1418 2528 1603 2568 conjectura
1625 2529 1738 2570 Jacobi
1762 2534 1887 2574 Cujacii

1000 2562 1048 2609 lib.
1065 2572 1094 2599 9·
1111 2563 1231 2603 Observ.
1247 2576 1271 2597 c.
1289 2576 1327 2605 24
1339 2590 1347 2605 ,
1365 2568 1469 2601 casum
1485 2571 1514 2603 d.
1531 2571 1549 2602 l.
1568 2581 1596 2603 2.
1613 2574 1828 2613 concipientis
1844 2578 1888 2609 de

1000 2604 1148 2636 vicesima
1165 2606 1353 2639 hereditatis
1376 2609 1452 2641 fisco
1470 2613 1641 2652 persoluta.
1688 2615 1734 2647 Ut
1752 2626 1788 2648 ut
1804 2621 1883 2651 erit:

1000 2655 1150 2687 apparet,
1167 2650 1433 2690 transactionem,
1449 2653 1579 2687 auctore
1598 2655 1740 2697 Ulpiano
1758 2659 1777 2691 l.
1794 2669 1821 2691 1.
1839 2660 1883 2692 D.

1001 2690 1035 2734 de
1051 2688 1312 2730 transactionibus,
1336 2695 1450 2733 partim
1465 2694 1534 2727 fieri
1556 2698 1596 2729 de
1618 2708 1653 2730 re
1670 2701 1787 2740 dubia,
1810 2711 1881 2743 par-

1002 2736 1060 2761 tim
1079 2731 1120 2761 de
1137 2731 1193 2762 lite
1209 2733 1351 2774 incerta,
1375 2744 1480 2776 neque
1495 2736 1595 2771 finita.

1043 2769 1098 2818 Ne
1113 2771 1336 2819 lice-quidem
1361 2775 1485 2812 sufficit.
1523 2781 1594 2820 plus
1617 2783 1686 2815 vult
1706 2783 1881 2825 Ulpianus:

1003 2811 1066 2860 Qut
1077 2835 1086 2850 ,
1111 2822 1258 2853 inquiens
1269 2839 1278 2855 ,
1297 2817 1450 2861 transigit,
1465 2820 1548 2862 quasi
1561 2824 1595 2854 de
1611 2834 1642 2855 re
1656 2827 1744 2856 dubia
1760 2833 1813 2856 aut
1831 2827 1882 2858 lite

1001 2860 1130 2900 ineerta,
1146 2866 1236 2898 neque
1241 2857 1332 2898 finita
1343 2860 1488 2903 transigit.
1513 2863 1590 2897 Mea
1606 2868 1691 2899 euim
1706 2866 1859 2898 sententia
1869 2892 1882 2908 ,

1001 2896 1217 2943 utitur-figura
1232 2909 1302 2940 quae
1318 2899 1447 2935 Litotes
1464 2906 1619 2940 vocatur:
1636 2917 1691 2948 per
1709 2917 1803 2945 quam
1821 2911 1881 2941 mi-

1001 2945 1059 2968 nus
1075 2938 1210 2985 dieitur,
1226 2942 1255 2974 &
1270 2943 1340 2983 plus
1356 2942 1559 2986 significatur.
1584 2949 1688 2980 sensus
1703 2949 1787 2988 ejus:
1811 2949 1881 2992 Qui

1002 2978 1159 3022 transigit,
1171 2992 1236 3014 non
1252 2985 1396 3025 vult,5us
1411 2996 1536 3021 certum
1551 2998 1647 3029 atque
1660 2990 1881 3025 indubitatum

1001 3029 1165 3067 remittere
1180 3023 1243 3057 sine
1258 3028 1452 3061 necessitate.
1470 3030 1534 3062 hoc
1550 3031 1687 3062 intendit
1698 3032 1793 3071 quiin
1812 3032 1882 3075 spe-

1000 3070 1052 3109 cie
1067 3064 1252 3105 paciscitur,
1270 3069 1299 3100 ὅ(
1309 3070 1507 3110 propositum
1522 3072 1704 3104 donationis
1719 3073 1830 3108 habet.
1844 3084 1878 3108 at

1000 3112 1052 3150 qtii
1070 3105 1226 3148 transigit,
1243 3107 1273 3141 se
1288 3112 1421 3152 cogitat.
1447 3112 1500 3144 sibi
1517 3113 1602 3144 enirn
1619 3122 1730 3146 cavet:
1750 3125 1787 3147 ac
1802 3119 1878 3158 quia

999 3146 1106 3186 videt,
1129 3146 1183 3180 fibi
1210 3149 1272 3183 effe
1293 3160 1347 3184 aut
1369 3152 1442 3184 fore
1465 3154 1568 3193 aliqua
1589 3154 1629 3186 de
1646 3165 1680 3186 re
1697 3156 1809 3198 litem,
1833 3169 1876 3192 ex

996 3196 1098 3229 eaque
1116 3192 1230 3223 metuit
1246 3195 1443 3233 periculum:
1467 3204 1508 3226 eo
1526 3196 1616 3235 cupit
1631 3197 1697 3237 ejus
1712 3198 1875 3234 incertum

995 3238 1089 3271 quam
1104 3232 1246 3305 grimuni
1267 3235 1296 3268 &
1313 3244 1408 3276 quam
1424 3236 1556 3270 minima
1571 3246 1646 3273 cum
1662 3241 1807 3274 molestia
1824 3252 1877 3281 pa-

1149 3283 1167 3307 e
1181 3284 1200 3307 e
1222 3285 1243 3317 3
1794 3283 1874 3317 ἂὶοε
