2052 3487
375 154 455 191 Dn
503 150 813 187 FoENORE
864 153 933 184 ET
984 145 1251 186 Usuitts.

41 249 154 285 RVM.
186 245 336 281 DVVM.
371 242 514 287 QVOD.
552 239 627 273 EIS.
662 239 745 288 ME.
777 238 903 277 Viuo.

45 290 251 324 TRAD1D1.
293 282 601 321 CANDELABRA.
634 280 706 312 ΕΓ.
740 280 904 313 LVCER-

42 332 137 366 NAS.
156 332 323 371 &reliqua.
344 324 606 365 Piane,s1statuae
621 323 905 369 ponendaelegatae

44 374 104 407 fint
120 373 319 415 reipublicae:
336 370 368 401 id
386 368 447 407 est,
460 373 493 397 ut
510 365 599 406 supra
616 364 758 402 ostendi,
781 363 802 395 fi
816 372 904 395 certa

45 416 181 457 pecunia
196 415 234 445 ad
252 412 399 445 emendas
429 408 656 449 ponendasque
674 404 790 452 statuas
807 405 842 437 fit
861 406 903 437 le-

42 447 595 534 iti?12¹¹}5u‘32‘22‘’pf-§.sii‘g‘iaisi
612 446 825 530 ἳὲὶῇρᾞὲῗζὲ
848 456 903 534 ἔὲἲέ

44 539 206 580 posuerint
231 535 363 568 heredes
379 557 388 572 ‚
418 541 483 578 eos⁸
496 530 681 578 reipublicae
708 531 770 570 (ut
794 528 901 570 Ulpia-

44 590 105 613 nus
131 581 174 612 ait
189 579 208 610 l.
234 588 260 617 5.
284 576 326 607 D.
349 576 382 605 de
408 573 535 614 operibus
546 572 706 613 publicis)
736 570 839 602 usuras
860 570 902 601 le-

45 620 173 660 viores,
206 619 238 650 id
254 617 315 656 est,
338 623 372 647 ut
389 614 500 647 Paulus
524 613 660 653 exponit
675 612 694 644 l.
723 622 769 652 17.
793 612 822 654 §.
846 611 902 643 ult.

45 661 89 696 D.
113 663 145 693 cte
164 661 268 698 usuris.
294 666 392 698 usque
415 656 454 687 ad
471 655 597 686 tertiam
622 654 802 685 centefimae
818 662 902 700 'pen-

47 705 140 735 dere:
154 701 206 733 sed
222 701 383 732 dumtaxat
400 698 481 729 intra
496 695 547 727 sex
562 695 701 728 menses:
719 695 763 726 fin
782 704 902 732 minus,

45 742 179 777 semiffes
201 741 315 773 usuras.
338 739 359 771 fi
374 748 452 770 vero
478 738 544 784 dies
567 738 658 769 datus
683 736 746 775 est,
770 745 827 767 eos
848 745 902 782 pe-

45 786 168 818 cuniam
185 784 347 824 deponere
371 781 451 812 intra
472 780 575 810 diem:
599 778 620 810 fi
641 785 748 809 autem
773 787 837 809 non
857 787 902 808 in-

46 824 153 859 venire
164 824 193 857 se
204 824 316 857 statuas
327 821 482 858 dixerint,
498 828 551 851 aut
569 820 644 851 loco
655 817 904 865 controversiam

46 868 206 906 fecerint;
235 863 368 897 semisses
393 864 536 904 protinus
570 862 722 902 pendere.
766 859 818 907 Sic
837 869 906 900 Jun-

48 905 489 991 ³⁶⁰Jd¹²⁸13istssffssssii¹⁶iiffcsss
506 901 903 984 ῑὸῗχεῗξῗῦἒὲωὲξῗῖἔ·

65 961 82 983 a
122 960 179 982 aco
427 970 434 977 .
482 967 490 977 .
636 967 643 975 .
683 967 690 973 .
764 967 770 974 .
861 984 865 988 Ι
896 960 904 966 -

48 962 180 1031 hantis,
200 958 330 1023 Paulujm
347 989 375 1019 d.
397 987 425 1029 §.
450 987 504 1019 ult.
527 996 545 1018 a
560 984 763 1017 Triboniano
780 983 842 1015 effe
859 993 905 1014 in-

48 1034 164 1066 flexum
189 1032 289 1072 adjus
317 1038 436 1062 novum
459 1028 547 1070 quod
562 1026 599 1059 fit
629 1025 828 1066 Justinianil.
853 1028 903 1057 26.

75 1099 81 1107 .
107 1086 132 1106 1.
157 1074 191 1105 C.
206 1074 238 1104 de
253 1083 272 1104 u
286 1074 356 1104 aris.

52 1075 72 1118 ἓ
91 1113 144 1148 Est
160 1073 543 1147 &hocsanimadverfione
560 1109 707 1151 dignum,
725 1108 811 1150 quod
826 1107 905 1154 Pau-

51 1157 115 1196 lus,
142 1165 246 1188 annuo
269 1153 449 1194 reipublicae
473 1152 577 1193 legato
599 1150 620 1182 fi
643 1158 752 1192 agatur
768 1150 808 1182 de
826 1148 905 1196 aesh-

51 1198 192 1230 macione
213 1196 376 1234 Falcidiae,
399 1193 524 1233 scribit,
547 1198 666 1224 tantum
696 1192 836 1233 legatum
858 1200 903 1222 in-

53 1240 171 1280 telligi,
200 1246 346 1278 quantum
377 1234 450 1267 sorti
476 1232 611 1265 sufficiat
635 1234 675 1265 ad
701 1232 901 1274 colligendas

53 1281 171 1318 usuras,
195 1288 257 1310 non
274 1276 424 1314 semisses,
448 1275 500 1306 sed
518 1276 668 1313 trientes,
693 1276 758 1315 eJus
774 1274 902 1306 summae

51 1330 120 1360 quae
144 1322 244 1361 legata
268 1319 313 1351 fit.
338 1317 421 1349 Pauli
448 1317 543 1348 verba
566 1315 723 1356 adscripsi.
749 1325 786 1347 ea
804 1315 902 1347 verba

50 1362 119 1394 sunt
133 1361 152 1394 I.
174 1371 203 1402 3.
224 1360 251 1402 §.
274 1370 301 1392 2.
325 1358 367 1392 D.
391 1358 440 1391 Aci
460 1358 548 1400 legem
565 1356 731 1391 Falcidiam.
753 1357 850 1397 Item,
876 1355 905 1396 fi

1304 150 1357 186 L1
1375 161 1405 186 B.
1434 149 1482 187 tt.
1745 159 1813 200 189

947 238 1108 279 reipublicae
1121 240 1153 270 in
1177 248 1268 272 annos
1277 238 1408 282 singulos
1424 241 1551 282 legatum
1561 239 1622 282 fit,
1645 251 1711 275 cam
1728 243 1761 275 de
1776 241 1814 275 [ελ

945 290 981 322 ge
993 279 1123 311 Falcidia
1140 288 1307 322 quoercitur,
1332 282 1494 313 Marcellus
1505 289 1613 323 putat,
1637 289 1753 317 tantum
1767 286 1814 316 vi-

948 323 1010 352 deri
1025 322 1169 363 legatum,
1193 331 1336 363 quantum
1352 322 1480 364 sufficiat
1491 325 1565 363 sorti
1581 326 1618 356 ad
1639 327 1743 368 usuras
1760 327 1814 357 tri-

947 369 1024 394 entes
1040 364 1101 403 ejus
1118 364 1239 404 summae
1258 374 1320 406 quae
1337 365 1436 406 tegata
1450 364 1508 405 est,
1532 366 1712 408 colligendas.
1737 367 1814 400 Seu⁴

946 403 993 435 sus
1018 404 1082 442 est,
1107 414 1179 437 curn
1195 408 1236 437 de
1253 406 1324 447 lege
1344 405 1486 438 Falcidia
1504 410 1675 449 quaeritur,
1701 411 1809 451 legato

946 445 1131 486 reipublicae
1147 456 1273 485 annuo,
1290 448 1421 487 perinde
1431 447 1498 479 fieri
1515 451 1814 490 computationem

946 496 982 518 ac
1000 486 1020 518 fi
1040 487 1141 528 legata
1166 488 1244 520 effet
1265 488 1382 520 summa
1403 499 1444 521 ex
1469 490 1555 530 cujus
1575 491 1670 524 usuris
1686 502 1754 533 quae
1770 491 1815 524 fa·

946 529 1007 559 cile
1025 529 1132 560 haberi
1158 530 1293 570 poffint‚
1318 531 1425 570 quales
1453 529 1522 562 sunt
1540 531 1636 564 usurae
1662 535 1814 573 trientes,

947 578 1016 610 quae
1050 570 1119 601 sunt
1144 571 1235 603 valde
1263 572 1349 602 leves
1367 594 1376 610 ,
1405 572 1576 612 quotannis
1603 575 1703 617 redigi
1720 576 1815 616 poffit

948 611 1051 651 legata
1076 610 1202 644 summa.
1234 622 1337 653 pone:
1362 613 1464 653 legata
1483 612 1552 644 sunt
1570 624 1671 647 annua
1690 625 1815 658 quater-

947 661 1004 695 na:
1029 653 1160 693 perinde
1178 655 1255 692 erit,
1272 663 1308 684 ac
1327 652 1347 685 si
1366 654 1469 694 legata
1488 653 1545 685 fint
1567 665 1720 697 centum3
1743 658 1817 699 quia

947 693 1035 724 ulura
1054 696 1151 726 triens
1170 695 1210 726 de
1228 703 1358 726 centum
1368 704 1470 726 annua
1486 696 1635 735 producit
1652 708 1816 739 quaterna.

946 734 1024 766 ficut
1050 745 1128 776 ergo
1145 759 1155 774 ‚
1185 735 1205 768 fi
1230 744 1360 768 centurn
1386 735 1475 777 supra
1498 737 1688 771 dodrantem
1715 742 1817 781 legata

946 775 1004 807 sint
1028 777 1234 817 reipublicoe,
1267 779 1307 809 de
1334 779 1440 819 iegato
1464 787 1523 819 pro
1547 788 1657 820 quarta
1677 780 1816 813 Falcidia

949 817 1060 857 viginti
1083 819 1223 858 quinque
1242 819 1470 851 detrahuntur:
1494 819 1554 858 fic,
1580 821 1598 852 ii
1617 831 1719 854 annua
1742 832 1816 864 qua·

949 866 1039 890 terna
1060 860 1243 899 reipublicae
1264 861 1366 900 legata
1380 859 1457 900 sint,
1472 862 1579 902 (quod
1597 863 1733 904 legatum
1745 873 1818 904 per·

949 906 1083 940 petuum
1101 900 1165 940 est3
1181 911 1246 933 non
1264 900 1360 933 facile
1380 903 1538 934 moriente
1556 906 1719 944 republica
1737 905 1755 938 i.
1767 915 1819 945 24.

950 940 987 975 &P
1004 941 1023 972 l.
1049 944 1078 973 6.
1103 940 1140 977 ἃ
1157 952 1204 975 20.
1228 944 1257 985 ᾗ.
1286 954 1312 974 1.
1337 943 1379 975 D.
1402 946 1436 974 de
1446 946 1553 975 annuis
1568 945 1696 987 legatis)
1718 946 1820 989 fingu-

953 983 989 1014 lis
1007 983 1096 1014 annis
1113 984 1152 1014 de
1170 986 1332 1024 quaternis
1349 985 1459 1016 annuis
1480 986 1666 1019 detrahetur
1691 997 1818 1030 quarta:

948 1031 983 1055 ut
1006 1024 1067 1064 jam
1091 1026 1253 1057 annuatim
1277 1036 1342 1057 non
1365 1035 1540 1066 quaterna,
1564 1027 1618 1060 sed
1635 1036 1743 1069 terna,
1767 1031 1820 1062 de·

949 1065 1093 1096 beantur.
1122 1067 1218 1106 idque
1235 1067 1311 1098 ideo
1321 1067 1419 1105 sedit3
1442 1069 1515 1108 quia
1527 1078 1567 1101 eo
1586 1077 1820 1112 temperamen-

951 1113 986 1138 to
1005 1115 1069 1138 tam
1087 1106 1218 1146 heredi,
1243 1117 1338 1148 quam
1358 1110 1561 1150 reipublicae,
1584 1111 1712 1145 videtur
1729 1122 1820 1145 cave-

949 1149 994 1179 ri:
1017 1148 1060 1180 illi
1086 1149 1215 1189 quidem
1240 1150 1283 1180 ob
1308 1151 1444 1183 leviores
1471 1152 1593 1184 usuras:
1618 1153 1693 1186 huic
1717 1164 1818 1194 vero,

946 1198 1012 1230 quo
1030 1190 1129 1229 major
1145 1191 1211 1230 ejus
1229 1190 1293 1222 sors
1311 1191 1408 1230 effet3
1432 1199 1529 1233 atque
1545 1202 1581 1224 ut
1599 1203 1686 1226 certa
1704 1196 1734 1228 δι
1751 1205 1821 1237 per-

949 1238 1047 1271 petua
1065 1241 1105 1263 ex
1123 1241 1158 1263 ea
1183 1231 1292 1273 penfio
1316 1232 1413 1265 foret.
1441 1235 1483 1265 ita
1506 1243 1546 1265 eo
1570 1235 1760 1276 devenitur,
1783 1244 1820 1269 ut

944 1271 1095 1311 testator,
1120 1273 1175 1304 etsi
1191 1273 1342 1314 potuiffet
1360 1274 1546 1315 reipublicae
1563 1285 1604 1307 ex
1627 1279 1739 1310 eadem
1757 1277 1819 1310 sor·

946 1321 998 1352 te,
1023 1313 1043 1345 fi
1068 1314 1232 1353 voluisset,
1258 1315 1392 1347 semiss'es
1411 1316 1516 1349 usuras
1540 1317 1667 1359 legare,
1690 1329 1757 1352 non
1774 1327 1819 1352 ta-

946 1365 1020 1388 men
1039 1354 1177 1392 semiffes
1196 1357 1323 1399 elegisse
1341 1358 1495 1391 videatur.

771 1468 984 1505 CAPUT
1035 1467 1102 1505 XI.

53 1561 168 1612 Usuras
183 1561 364 1610 usurarum,
385 1559 451 1603 sive
467 1559 703 1608 anatocismum,
721 1557 780 1606 νΙξειί
801 1554 1068 1603 anniversarimn,
1097 1559 1190 1594 editto
1205 1558 1355 1597 tralatitz‘o
1374 1571 1394 1594 a
1416 1554 1593 1602 Veteribus,
1620 1562 1715 1596 etiam
1738 1573 1758 1595 a
1775 1562 1823 1596 Ci-

121 1624 246 1655 cerone,
273 1609 528 1658 obfhrvatumfui
555 1620 591 1645 e:
609 1609 668 1656 sed
683 1609 784 1644 deinde
805 1607 1092 1654 Senatusconsulto,
1113 1605 1154 1647 &²
1172 1608 1457 1655 Constitutionibus‚
1473 1611 1666 1655 prohibitum
1684 1609 1725 1649 δέ’
1743 1611 1824 1645 cur?

119 1672 256 1707 quamam
273 1658 418 1706 visaefiut
443 1657 539 1704 zisurae
554 1657 734 1705 usurarum,
760 1657 874 1692 callida
894 1655 1042 1692 Veterum
1065 1658 1298 1702 interpretatio,
1331 1659 1370 1692 ab
1390 1657 1569 1703 Ambrosio,
1596 1656 1637 1698 &⁹
1659 1658 1824 1704 Juftinia-

120 1721 179 1753 no,
205 1709 371 1755 castigata.
397 1719 455 1741 non
477 1707 533 1752 effi
551 1705 772 1752 anatocismuin
785 1732 793 1748 ,
815 1704 884 1751 five
907 1703 1016 1751 ufiiras
1034 1704 1218 1751 usurarum,
1237 1705 1270 1751 st
1287 1714 1421 1741 mutetur
1437 1708 1592 1742 creditoris
1606 1706 1755 1754 persona:
1782 1705 1828 1747 ἐξ

122 1758 236 1804 quando
257 1757 288 1791 id
293 1755 406 1801 fallat.
432 1756 520 1800 quid,
539 1755 571 1800 fi
591 1757 655 1800 quis
667 1754 833 1801 stipulatus
843 1752 888 1798 fit
908 1755 1038 1789 minores
1053 1753 1171 1800 usuras.
1199 1752 1240 1793 &³
1264 1756 1311 1789 his
1320 1755 1386 1800 sua
1409 1755 1456 1789 die
1477 1768 1535 1791 non
1552 1755 1665 1803 fhlutis
1682 1756 1827 1806 {legin}

126 1817 193 1840 mas
205 1806 222 1838 Ρ
248 1802 466 1850 anatocismum
478 1804 616 1849 judicato
631 1802 703 1849 fieri
716 1801 841 1848 potuiffi
858 1811 928 1838 ante
945 1803 1029 1849 Imp.
1056 1802 1299 1849 Justinianum:
1317 1801 1358 1842 ἐξ
1374 1805 1514 1850 quomodo
1524 1805 1547 1839 ἓ,
1559 1807 1651 1840 etiam
1668 1816 1831 1847 qumana-2

119 1852 274 1900 totzsmum
296 1852 334 1887 ab
356 1864 389 1887 eo
409 1851 597 1898 Imperatore
606 1851 766 1898 sublatum
780 1850 848 1896 effi.

132 1942 176 1974 ixi
194 1948 346 1983 quantum
368 1940 439 1972 satis
464 1940 504 1972 de
529 1947 639 1973 vetere
663 1939 821 1972 usurarum
843 1948 915 1986 mor

154 1984 207 2016 do.
251 1982 317 2015 Nisi
334 1981 524 2022 subjicienda
542 1981 612 2013 sunt
631 1991 728 2022 pauca
751 1982 791 2013 de
815 1980 912 2012 usuris

50 2024 231 2057 usurarumz
247 2032 377 2063 quarum
394 2022 539 2055 tractatus
556 2023 595 2054 ad
613 2022 694 2054 hanc
704 2031 825 2062 partem
842 2031 914 2063 per-

51 2067 145 2098 tinet.
171 2075 222 2098 eas
238 2063 341 2097 usuras
359 2063 478 2096 Cicero
495 2063 534 2095 lib
550 2074 577 2103 5.
603 2063 653 2095 Aa
673 2064 809 2095 Atticum
833 2061 912 2104 epist.

51 2108 106 2139 ult.
135 2106 360 2138 anatocismum
383 2105 521 2146 appellat
542 2117 549 2137 :
581 2114 719 2146 eumque
743 2104 773 2136 se
792 2128 801 2144 ,
839 2113 913 2150 cum

52 2149 173 2181 Ciliciae
190 2146 351 2188 praeesset,
371 2146 504 2185 Edicto,
521 2155 584 2178 non
601 2155 710 2184 novo,
734 2146 787 2177 sed
799 2146 914 2185 tralatu

53 2191 120 2229 tio,
143 2188 310 2230 permisisse
328 2185 444 2219 refert:
460 2195 492 2219 at
507 2189 636 2219 demum
653 2186 914 2226 centesimarum,

54 2232 85 2263 &
105 2229 365 2262 anniversarium:
388 2229 441 2270 qui
465 2237 549 2267 erat,
573 2228 595 2261 fi
619 2228 747 2260 debitor
763 2229 845 2261 intra
861 2237 916 2260 au-

52 2281 130 2305 num
146 2274 303 2312 integrum
313 2269 452 2302 cessasset
463 2271 493 2302 in
505 2269 663 2302 solutione
685 2269 914 2302 menstruarum

54 2312 225 2344 usurarum.
244 2312 339 2343 verba
356 2311 522 2343 Ciceronis
539 2311 682 2352 apposui.
709 2311 833 2343 Interim
849 2321 915 2342 cum

55 2364 106 2396 ego
122 2355 153 2385 in
174 2352 261 2384 editio
284 2352 424 2383 tralatitz'o
450 2352 612 2391 centesimas
634 2363 676 2390 me
699 2353 914 2394 observaturum

56 2395 186 2427 haberem
209 2404 273 2425 cum
295 2394 461 2434 anatocismi
479 2394 675 2435 anniversario
693 2418 703 2433 ,
727 2394 772 2425 ille
791 2404 827 2426 ex
847 2394 914 2435 syn·

55 2437 167 2478 grapba
178 2433 340 2477 postulabat
356 2441 523 2476 quaternas.
547 2434 657 2466 Licitae
677 2436 771 2477 igitur
791 2436 917 2468 Veteri-

62 2478 119 2510 bus
135 2477 228 2508 fuere
244 2475 338 2507 usurae
357 2475 515 2508 usurarum
532 2486 572 2508 ex
590 2476 705 2508 Edisto
722 2477 887 2509 tralaticio.

97 2519 159 2550 Sed
169 2527 220 2550 eas
231 2517 348 2549 sustulit
364 2516 506 2550 Senatus.
532 2517 641 2549 auCtor
659 2518 775 2550 Cicero
791 2520 819 2550 d.
838 2515 918 2559 epist.

59 2559 113 2591 ult.
143 2558 184 2591 fic
209 2559 356 2590 scribens.
408 2559 507 2590 Habes
530 2569 619 2590 meam
643 2560 785 2600 causam:
815 2570 875 2601 quae
890 2558 920 2598 fi

64 2599 152 2631 Bruto
167 2609 224 2631 non
235 2602 394 2641 probatur,
416 2600 504 2640 nascio
515 2624 524 2638 ,
547 2611 599 2632 cur
616 2600 698 2632 illum
713 2603 839 2632 amemus
851 2612 859 2632 :
867 2602 920 2640 secl

67 2641 205 2671 avunculo
221 2641 282 2683 ejus
297 2648 370 2672 certe
388 2643 557 2682 probabitur
574 2665 584 2681 ,
617 2642 774 2682 praesertim
799 2652 863 2673 cum
886 2642 919 2674 S.

69 2680 102 2710 C.
118 2683 192 2712 modo
203 2680 320 2721 fastum
329 2680 371 2720 fit
382 2706 391 2721 ,
405 2689 474 2724 puto
485 2706 494 2722 ‚
509 2681 699 2724 postquamtu
716 2693 743 2714 es
753 2682 920 2724 profestum

64 2721 97 2751 in
107 2722 271 2754 creditorum
286 2723 388 2764 caasa,
403 2723 593 2762 utceritefimce
604 2731 739 2765 perpetuo
742 2725 856 2765 foenore
866 2726 920 2756 du-

65 2767 202 2793 cerentur.
224 2762 259 2794 ld
275 2764 358 2797 enim
382 2765 484 2804 valet,
507 2765 570 2797 fine
592 2766 805 2806 renovatione
821 2765 921 2806 fingu-

66 2803 170 2835 iorum
186 2812 355 2845 annorum:
376 2804 458 2843 five,
480 2816 520 2837 ne
536 2807 688 2847 deinceps
705 2807 801 2838 usurae
820 2806 922 2838 usura-

65 2852 135 2874 rurn
146 2842 450 2885 solverenturzquod
459 2855 530 2879 ante
543 2848 590 2888 jus
606 2856 685 2880 erat.
709 2848 793 2880 idem
805 2847 923 2879 Cicero

68 2885 115 2914 lib.
132 2887 162 2914 6.
181 2883 230 2915 Aa
252 2885 382 2916 Atticum
404 2886 479 2927 episi.
499 2899 526 2920 2.
547 2889 719 2921 Salaminios
734 2894 830 2920 autem
849 2889 924 2929 (hos

65 2928 142 2956 enim
169 2931 295 2964 poteram
318 2926 461 2968 coli'rcere)
484 2930 597 2960 adduxi
616 2953 626 2968 ‚
657 2936 797 2961 attatum
822 2939 923 2961 nomen

67 2967 182 3006 Scaptio
199 2965 304 2997 vellent
321 2967 443 3006 ffilver23
457 2970 509 3009 fid
533 2970 690 3010 contesimis
713 2971 809 3002 dubiis
825 2981 844 3002 a
858 2978 923 3011 pro-

68 3009 147 3039 xima
163 3008 275 3048 quidem
286 3008 468 3048 syngrapha,
491 3019 540 3051 noc
550 3014 711 3052 perpetuis,
725 3014 779 3051 sed
806 3022 926 3043 renova.

66 3050 104 3079 tis
119 3048 284 3089 quotannis.
316 3047 428 3080 Vetuit
451 3051 544 3091 igitur
560 3051 690 3086 Senatus
707 3053 809 3085 usuras
828 3052 928 3085 usura·

66 3099 152 3121 rum:
171 3098 269 3130 put0,
287 3098 352 3121 non
372 3090 455 3130 quafi
471 3101 555 3123 mera
570 3094 691 3125 ratione
709 3095 852 3133 illicitas;
876 3094 928 3127 sed

66 3130 150 3171 quasi
167 3130 253 3162 civili
268 3130 336 3170 jure
351 3140 416 3164 non
435 3132 626 3166 necessarias.
651 3135 756 3175 potest
775 3136 859 3167 enim
879 3136 925 3168 his

67 3181 172 3204 carere
187 3171 352 3208 hominum
377 3173 530 3206 societas:
553 3172 605 3207 sed
624 3185 687 3207 non
705 3178 803 3217 magis
820 3177 868 3210 his
880 3174 926 3209 ress'

67 3211 158 3251 sistit,
177 3222 268 3254 quam
285 3213 377 3245 sortis
396 3213 503 3246 usuris.
531 3225 592 3247 nec
615 3217 749 3249 omnino
766 3217 848 3250 male
863 3218 924 3251 foess

66 3261 243 3296 ucratores,
265 3255 347 3298 apud
363 3254 561 3291 Ambrosium
580 3256 626 3291 De
643 3257 730 3293 Tobia
738 3269 761 3293 c.
772 3262 800 3294 6.
812 3258 928 3302 Instant

957 1939 1152 1971 vehementius
1175 1962 1184 1978 ,
1223 1941 1357 1978 causanti
1380 1942 1551 1974 incumbunt
1566 1966 1575 1981 ,
1610 1944 1753 1979 dicentes;
1778 1942 1824 1975 Tu

950 1980 1070 2023 poffitles
1086 1988 1137 2013 tua
1148 1982 1277 2022 praedia,
1300 1992 1350 2014 nos
1367 1981 1493 2024 nostram
1503 1986 1658 2024 pecuniam
1672 1995 1729 2016 non
1744 1985 1825 2015 habea

955 2033 1030 2054 mus.
1042 2033 1146 2054 aurum
1155 2023 1285 2054 dedimus
1293 2047 1302 2062 ‚
1313 2024 1426 2066 lignum
1437 2031 1574 2057 tenemus.
1600 2024 1828 2066 Tz'bifrutiuum

956 2064 1144 2095 emolumenta
1161 2066 1341 2105 procedunt,
1366 2067 1444 2097 nobis
1460 2066 1534 2098 nihil
1552 2066 1718 2107 accrescunt
1738 2073 1828 2107 pecu-

959 2107 1024 2137 niae.
1048 2106 1135 2144 otiosa
1159 2106 1286 2146 causatio
1303 2104 1363 2147 eft,
1380 2107 1483 2146 saltem
1505 2114 1659 2139 renovetur
1681 2108 1827 2149 chirogra-

959 2147 1059 2188 phum.
1079 2147 1175 2188 Igitur
1190 2148 1272 2178 ratio
1288 2157 1357 2189 quae
1368 2147 1471 2180 usuras
1489 2147 1582 2181 sortis
1592 2149 1829 2190 probat‚aeque

959 2187 1066 2220 usuras
1077 2189 1234 2220 usurarum
1247 2197 1362 2221 tuetur.
1383 2189 1722 2229 hoctatneuinterest;
1739 2190 1829 2231 quod

958 2239 1021 2262 non
1038 2228 1133 2261 facile
1149 2230 1255 2270 potest
1274 2231 1403 2262 debitor
1420 2232 1582 2264 utendam
1596 2233 1743 2272 accipere
1761 2232 1826 2264 sor-

959 2278 1043 2310 tem,
1060 2270 1114 2302 nifi
1130 2271 1287 2311 promiffis
1303 2281 1361 2312 pro
1372 2272 1508 2312 ejususu
1525 2272 1640 2309 usuris3
1655 2280 1686 2304 at
1700 2273 1827 2306 necess'e

955 2321 1021 2344 nou
1045 2311 1091 2344 est
1114 2313 1294 2352 creditori,
1325 2323 1390 2345 non
1420 2313 1528 2346 solutis
1561 2314 1657 2346 usuris
1676 2337 1687 2353 ,
1718 2324 1827 2347 earum

957 2353 1061 2386 usuras
1078 2353 1226 2394 stipulari.
1253 2354 1357 2394 potest
1373 2355 1458 2387 enirn
1470 2354 1524 2386 fibi
1541 2355 1632 2386 aliter
1643 2355 1826 2388 consulere:

959 2396 1033 2436 quia
1050 2394 1071 2426 fi
1082 2403 1220 2434 metuat,
1237 2405 1278 2427 ne
1294 2397 1446 2427 damnum
1463 2397 1602 2435 patiatur
1617 2406 1659 2428 ex
1668 2405 1758 2428 mora
1767 2396 1828 2429 sol·

960 2437 1065 2468 ventis
1088 2435 1212 2475 usuraS,
1237 2436 1343 2477 potest
1361 2446 1414 2468 eas
1436 2437 1521 2468 uitro
1545 2437 1674 2478 exigere
1691 2460 1700 2476 ‚
1731 2446 1829 2479 atque

960 2478 1002 2510 ita
1018 2478 1208 2518 impetrare,
1230 2487 1271 2509 ne
1291 2478 1409 2509 damno
1425 2477 1590 2511 afficiatur.
1614 2478 1671 2510 etfi
1686 2479 1782 2520 igitur
1798 2480 1830 2512 in

962 2519 1048 2550 civili
1068 2518 1220 2551 societate
1231 2518 1407 2550 neceffariae
1418 2518 1476 2550 fint
1491 2519 1588 2551 usurae
1604 2518 1693 2552 sortis
1703 2531 1711 2551 :
1722 2529 1831 2553 tamen

962 2560 1141 2592 neceffariae
1157 2570 1221 2591 non
1240 2559 1307 2591 sunt
1325 2559 1422 2591 usurae
1445 2559 1623 2601 usurarum3
1647 2561 1668 2593 si
1685 2562 1829 2594 creditor

963 2602 1158 2642 diligentiam
1175 2601 1334 2633 exactioni
1353 2601 1513 2634 adhibeat.
1532 2610 1683 2635 caeterum
1700 2603 1830 2645 finegli·

964 2644 1092 2684 gentior
1107 2641 1161 2681 fit,
1181 2642 1278 2673 habet
1294 2643 1382 2682 quod
1395 2642 1467 2682 fibi,
1485 2642 1537 2676 sed
1553 2653 1617 2676 non
1636 2645 1724 2685 quod
1741 2646 1832 2678 debi-

965 2684 1046 2722 tori,
1070 2684 1219 2724 imputet.
1241 2684 1337 2724 quid,
1361 2683 1383 2715 fi
1406 2684 1591 2717 humanitati
1609 2686 1717 2726 dedit,
1740 2696 1781 2718 ne
1797 2696 1830 2718 u-

963 2724 1044 2758 suras
1058 2725 1210 2765 peteret?
1234 2734 1338 2766 neque
1365 2725 1418 2757 hic
1435 2725 1561 2758 accuset
1577 2728 1758 2760 debitorem
1776 2729 1830 2768 qui

964 2767 1028 2806 ejus
1039 2765 1200 2797 beneficio
1218 2766 1326 2798 utitur.
1350 2767 1481 2800 interest
1491 2775 1643 2809 praeterea
1652 2768 1830 2806 societatis,

965 2816 1006 2839 ne
1021 2807 1165 2846 debitor,
1182 2814 1234 2839 aut
1250 2808 1433 2849 negligens,
1459 2817 1513 2840 aut
1529 2809 1680 2850 simplex,
1695 2819 1748 2842 aut
1764 2819 1832 2841 cer·

968 2856 1000 2880 te
1017 2858 1081 2879 non
1100 2849 1196 2890 longe
1219 2850 1408 2889 providens,
1437 2850 1596 2883 usurarum
1614 2852 1830 2884 cumulatione

967 2889 1007 2921 ab
1023 2899 1120 2921 avaro
1137 2890 1317 2929 creditore,
1342 2890 1448 2932 specie
1461 2892 1688 2932 humanitatis,
1712 2900 1832 2931 merga-

968 2937 1028 2962 tur.
1053 2930 1097 2962 est
1112 2931 1207 2972 igitur
1229 2932 1350 2972 civilis,
1375 2942 1440 2965 non
1466 2935 1542 2974 Juris
1558 2935 1722 2975 gentium,
1749 2933 1830 2963 ratio

967 2972 1011 3003 ob
1026 2981 1119 3013 quam
1136 2972 1268 3005 Senatus
1285 2973 1390 3006 usuras
1401 2974 1560 3011 usurarum
1577 2974 1780 3015 improbavit.

1014 3013 1074 3045 Sed
1091 3023 1155 3046 non
1172 3021 1294 3047 tantum
1312 3015 1446 3050 Senatus
1463 3026 1515 3049 eas
1532 3017 1652 3054 vetuit3
1674 3023 1784 3046 verum
1801 3014 1838 3046 do

971 3055 1149 3096 Principes,
1160 3064 1194 3087 ut
1209 3054 1411 3089 Modestinus
1424 3057 1525 3089 refert
1540 3058 1560 3088 l.
1580 3067 1628 3094 27.
1641 3055 1681 3087 D.
1693 3057 1726 3086 de
1740 3065 1770 3087 re
1781 3056 1837 3098 jus-,¹

970 3098 1085 3128 dicata:
1107 3106 1208 3137 usque
1233 3099 1337 3138 ade0‚
1369 3107 1404 3130 ut
1429 3100 1524 3130 etiam
1550 3096 1772 3132 Diocletianus
1801 3096 1835 3129 dt.

968 3137 1181 3171 Maximianus
1205 3139 1224 3170 l.
1257 3149 1306 3172 20.
1331 3140 1364 3171 C.
1387 3140 1439 3171 Ex
1460 3140 1563 3180 quibus
1586 3136 1679 3176 caufis
1701 3138 1831 3178 infamia.

968 3180 1115 3222 irrogatur
1133 3179 1367 3222 rescripserint,
1394 3181 1556 3219 Improbum
1571 3180 1674 3219 foenus
1698 3188 1832 3211 exercen-

968 3222 1045 3253 tibus
1061 3222 1097 3257 ὅ)
1115 3225 1219 3261 usuras
1234 3221 1391 3260 usurarum
1412 3221 1595 3261 exigentibus
1619 3220 1749 3257 infamiae
1770 3230 1833 3252 tna-

968 3263 1064 3296 culam
1079 3264 1266 3303 irrogandam
1288 3262 1348 3304 effe.
1374 3262 1453 3294 Satis
1469 3262 1572 3295 clare:
1596 3260 1649 3294 niu
1668 3261 1832 3303 quaefitum

1106 3306 1131 3336 A
1143 3313 1158 3335 a
1179 3314 1199 3345 3
1789 3312 1835 3334 cg.
