2036 3495
326 126 391 168 AD
418 135 507 169 L1B·
536 130 611 167 XX,
649 128 749 164 ΤῘΤ,
778 128 802 164 Ι,
828 127 1072 176 Depigmrii'aus
1090 123 1329 173 &hjpftht’ol'st'
1357 122 1398 164 ὂ
1414 123 1543 172 {simliter
1560 118 1628 166 [75⁴6.

1797 109 1865 171 '243

90 224 179 260 ruia,
209 221 303 254 solam
328 225 486 264 cxpo'nam
514 220 595 262 quasi
624 218 821 249 Servianam:
845 219 956 249 cadem
1000 222 1111 254 untur,
1127 215 1179 255 sed
1202 215 1233 244 in
1252 214 1392 251 solidum:
1414 220 1448 245 ut
1470 213 1517 249 vel
1540 219 1631 247 totum
1658 214 1783 246 debitum
1797 215 1860 250 reda,

92 268 131 296 tic
147 264 293 295 Serviana
307 265 532 296 intellecturus.
557 262 657 292 Prima
676 258 861 290 deliberatio
877 260 953 296 erit,

90 307 190 346 qualis
208 305 258 336 illa
275 306 355 336 aetio
371 305 406 337 fit
418 329 426 344 ‚
451 305 480 335 όι
496 312 563 343 quie
581 301 646 341 ejus
662 301 758 345 causa.
782 299 831 330 Est
848 309 952 331 autem

90 348 120 378 jn
139 356 202 378 rem
218 347 236 377 l,
256 355 301 388 ¹7·
322 347 362 380 D,
380 349 411 377 sle
425 345 556 386 pignoril)
592 342 719 372 slibinxa
743 342 861 381 quippe
884 342 952 381 jure

86 390 117 420 in
138 399 170 419 re
184 389 202 418 l.
224 397 269 424 ¹9-
287 388 328 419 D.
350 390 382 419 cle
398 389 491 418 damn.
507 382 603 423 inse&
622 383 708 422 quod
725 381 834 412 sortita
850 391 890 413 cx
906 383 950 422 ju-

85 429 264 461 risdistione
276 452 284 467 ‚
300 429 361 460 five
379 427 489 467 EdiCto
507 424 650 455 Praetoris
668 422 694 464 §.
714 433 742 462 7.
767 420 836 467 last.
858 426 891 453 de
905 433 950 453 ac-

87 472 184 501 tionib.
208 470 290 502 illam
310 469 456 509 polliciti,
479 476 512 496 re
535 466 637 505 aliqua
661 473 719 505 pro
744 465 854 496 debito
870 465 949 495 obli-

84 520 153 551 gata
170 512 209 542 ab
226 521 266 542 eo
283 511 367 550 cujus
384 510 414 539 in
433 507 524 538 bonis
547 515 612 537 erat
638 513 786 546 tempore
810 514 946 536 conven-

87 554 179 583 tionis
197 553 213 583 l.
229 556 258 583 6.
276 552 308 581 C.
327 550 460 581 Siab'ena
477 553 519 578 res
532 547 666 588 pignori;
688 546 797 586 estque
814 546 942 577 consen·

84 593 114 624 sii
132 593 160 624 in
179 592 352 628 nocitum,
377 591 441 630 eJus
458 589 544 620 usum
569 588 629 619 esse
646 597 786 625 certum,
809 590 943 627 pignore

84 635 263 674 simpliciter
277 631 463 663 constituto.
488 639 636 661 caeterum
661 628 824 659 anticlirefi
844 629 942 666 facia,

85 677 113 707 ἃ
138 674 265 706 inducto
297 672 458 704 creditore
483 672 511 703 in
539 670 754 711 possessionem
781 670 869 700 fundi
893 671 943 700 vel

84 719 194 747 domus
205 738 213 752 ,
224 722 259 746 nt
273 712 326 746 fibi
339 714 452 746 habeat
467 712 586 744 fructus
603 715 632 742 in
651 711 752 742 vicem
765 711 922 742 usurarum
933 733 943 749 ‚

84 763 194 787 conti-a
211 756 255 787 est
273 757 455 796 pervulgata
480 754 690 794 interpretum
708 751 858 784 sententia
873 761 943 792 pos-

82 798 212 829 scffione
225 797 339 828 amiss'i'a
357 797 471 827 cessare
489 793 841 837 hypothecariam‚five
858 792 940 832 quasi

82 839 260 870 Servianum
279 838 432 869 athonem
445 860 453 875 ,
478 838 506 868 δὲ
523 838 552 867 in
568 836 685 867 factum
702 835 845 865 dandam.
879 833 938 864 Sed

80 881 157 911 mibi
171 890 232 910 non
246 880 349 919 placet
369 880 435 910 haec
453 878 619 914 sententia,
634 885 694 907 nec
711 876 755 906 est
770 884 843 906 vera
854 897 863 913 ‚
883 874 941 919 *etsi

80 923 111 953 ἴῃ
123 923 141 952 l.
158 930 200 953 rr.
212 920 241 962 §.
256 930 281 952 1.
293 920 333 953 D.
342 919 517 962 depignorib.
536 927 652 960 magno
667 918 795 948 subnixa
804 917 943 962 creditur

82 963 211 993 austere
229 963 404 993 Marciano.
431 970 499 992 nam
518 969 589 991 cum
606 958 807 995 antichresis‚
831 958 861 988 id
880 957 942 994 est,

81 1013 207 1035 mutuus
226 1003 365 1044 pignoris
388 1003 477 1039 usuS‚
501 1001 652 1033 creditori
677 1001 767 1031 datur
789 999 944 1029 debitoris

83 1047 320 1076 conventione:
338 1053 373 1075 an
392 1045 492 1085 agitur
510 1042 611 1080 aliud,
628 1050 694 1072 rem
715 1040 944 1081 spectantibus,

84 1093 177 1125 qnam
195 1093 228 1116 ut
247 1085 363 1116 fundus
382 1094 433 1116 aut
449 1086 561 1116 domus
579 1093 636 1124 pro
656 1083 766 1114 debito
785 1081 944 1123 obligetur

81 1129 121 1158 ab
138 1136 177 1158 eo
193 1128 315 1166 cujusin
328 1127 420 1158 bonis
439 1125 499 1158 fit?
517 1125 611 1164 Atqui
629 1124 669 1156 fic
686 1123 721 1155 fit
738 1124 867 1168 pignusg
884 1131 944 1152 nec

81 1168 146 1199 hoc
163 1167 223 1199 esse
240 1167 348 1199 desinit
366 1167 456 1203 ideo,
473 1168 559 1206 quod
575 1173 743 1206 perceptus
758 1165 943 1208 acreditore

80 1209 218 1246 frustus,
241 1209 281 1240 ob
303 1208 458 1248 adjectum
480 1207 626 1248 paetum,
648 1206 715 1247 eJus
739 1205 773 1236 fit
791 1207 824 1236 in
840 1213 942 1250 Viceni

82 1251 249 1282 usurarum.
275 1252 412 1281 minime.
438 1250 512 1290 quid
534 1250 566 1280 ni
583 1246 792 1292 igituramissa
810 1245 942 1286 posscssi-

84 1301 146 1323 one
162 1291 205 1322 illi
222 1291 352 1322 sufficiat
376 1291 457 1321 aetio
482 1290 726 1330 hypothecaria,
751 1287 811 1318 sola
828 1296 844 1317 a
862 1287 940 1318 Prae-

83 1341 151 1364 tore
166 1333 203 1363 ad
229 1332 449 1362 vindicandam
473 1331 613 1371 pignoris
635 1328 850 1368 poffeffionem
870 1337 939 1367 pro·

82 1373 201 1413 posita?
217 1372 310 1404 Hanc
327 1372 407 1404 viam
426 1370 575 1412 ingressus
591 1371 654 1401 sum
665 1392 674 1407 ,
690 1370 754 1409 ipso
764 1371 845 1401 duce
856 1369 938 1401 Mar,

80 1416 172 1445 clano
193 1413 224 1444 in
248 1414 352 1445 verbis
376 1415 394 1444 d
427 1413 445 1443 l.
466 1421 511 1444 11.
528 1412 556 1453 §.
581 1421 606 1443 r.
623 1420 640 1442 a
658 1420 708 1442 me
726 1411 765 1442 sic
783 1410 938 1442 verissime

79 1453 274 1486 emendatis:
297 1455 330 1485 Si
356 1455 493 1491 ἐντίχρησις
515 1453 595 1491 fasta
609 1451 670 1491 fit,
698 1451 734 1486 &²
757 1453 788 1482 in
805 1453 938 1490 fundum

78 1503 130 1527 aut
147 1497 178 1526 in
192 1497 261 1526 cedes
273 1496 375 1536 aliquis
392 1496 565 1531 inducatur,
577 1504 606 1524 eo
621 1503 710 1534 usque
723 1494 824 1525 retinet
837 1493 936 1533 poffies·

76 1538 185 1574 fionem
204 1538 335 1577 pignoris
361 1535 416 1565 loco
435 1559 442 1572 ‚
475 1536 560 1566 donec
581 1535 624 1565 illi
645 1535 768 1574 pecunia
780 1535 935 1573 [olvatum

82 1587 147 1608 cum
163 1578 195 1607 in
216 1579 318 1615 usuras
335 1575 454 1616 fruetus
476 1576 614 1616 percipiat
631 1580 682 1606 aut
699 1576 813 1606 locando
830 1581 880 1607 aut
895 1577 936 1616 ip-

74 1622 108 1659 Je
121 1614 297 1658 percipiendo
321 1618 536 1658 habitandaque.
555 1619 652 1658 itaque
661 1615 689 1653 fi
704 1617 827 1649 amilitrit
840 1617 937 1658 paffes-

73 1659 201 1698 fionem,
218 1660 289 1698 solet
308 1660 360 1689 bac
377 1657 486 1689 actione
500 1658 554 1689 uti.
568 1657 604 1689 ln
619 1658 765 1688 omnibus
781 1660 935 1699 exempla-

81 1699 164 1731 ribus
180 1700 331 1731 hactenus
351 1703 477 1740 quidem
499 1700 631 1740 legitur,
648 1699 720 1738 solet
736 1699 892 1739 infactum
909 1710 937 1731 a·

78 1741 168 1772 &ione
183 1743 236 1772 uti.
260 1740 310 1771 sed
325 1742 418 1771 verba
436 1740 502 1771 sunt
513 1748 676 1781 corrupta:
693 1740 721 1771 &
735 1739 939 1772 confundunt

76 1783 228 1823 optimam
248 1781 403 1813 Marciani
426 1782 706 1813 ratiocinationem.
746 1791 782 1813 ea
797 1780 888 1822 igitur
906 1789 940 1813 ut

77 1823 221 1862 constet,
238 1822 353 1854 scribe:
373 1823 438 1860 solet
455 1824 506 1854 bac
520 1822 629 1854 actione
644 1823 706 1853 uti:
722 1823 752 1853 id
770 1822 831 1860 est,
848 1823 940 1855 astio-

78 1874 120 1895 ne
136 1864 373 1906 hypothecaria.
400 1864 443 1895 sta
461 1863 627 1895 emendavi
645 1864 689 1895 lib.
701 1874 728 1896 2.
741 1864 859 1905 Observ.
878 1875 901 1896 c.
913 1874 942 1902 9,

74 1906 130 1937 ubi
153 1906 226 1937 vide
242 1907 471 1937 emendationis
486 1913 681 1945 argumenta.

121 1947 229 1978 Altera
246 1946 399 1987 inspectio
416 1946 493 1984 crit,
510 1948 560 1977 cui
580 1947 672 1977 detur
688 1945 768 1977 attio
783 1945 940 1988 hypothe-

75 1989 167 2019 caria.
197 1987 382 2028 intelligitur
406 1995 509 2018 autem
535 1996 575 2018 ex
600 1987 703 2019 Edicti
728 1987 828 2019 forma
845 2010 854 2025 ,
885 1987 937 2019 soli

74 2030 141 2061 dari
159 2029 205 2063 ei,
230 2030 282 2069 qui
300 2028 389 2068 poffit
411 2028 535 2067 dicere,
560 2038 624 2059 rem
651 2030 780 2069 petitam
804 2029 857 2060 fibi
871 2030 938 2070 Jure

75 2070 214 2111 pignoris
242 2070 355 2101 teneri.
379 2069 481 2109 potest
505 2079 579 2101 vero
602 2070 632 2101 id
650 2070 774 2108 dicere,
797 2072 939 2111 quisquis

75 2112 193 2151 probat
209 2134 219 2150 ,
250 2111 304 2142 sibi
336 2111 476 2142 debitam
502 2111 564 2142 esse
593 2111 761 2152 pecuniam
782 2122 790 2143 :
818 2113 849 2143 &
872 2121 939 2144 rem

76 2161 171 2192 quam
198 2152 298 2191 petit‚>
321 2161 379 2192 pro
400 2161 437 2183 ea
461 2152 513 2184 sibi
536 2153 705 2193 obligatam
733 2152 794 2184 effe
820 2153 859 2184 ab
883 2162 943 2191 eo,

78 2194 168 2233 cujus
184 2194 217 2225 in
235 2194 327 2224 bonis
342 2200 417 2225 erat.
440 2193 511 2225 Pari
537 2194 659 2225 ratione
682 2194 748 2233 ejus
766 2193 874 2226 heredi
891 2196 942 2226 da-

80 2243 148 2273 tur,
170 2243 266 2275 atque
283 2235 315 2266 in
342 2234 492 2273 solidum3
514 2244 586 2266 cum
613 2244 693 2266 unus
717 2234 777 2267 est:
799 2235 820 2267 fi
838 2236 943 2276 plures

78 2275 157 2314 sint,
181 2275 338 2308 omnibus.
364 2276 549 2313 quomodo?
573 2276 673 2316 impp.
699 2277 885 2308 Valerianus
910 2277 941 2309 ὅ(

74 2316 242 2349 Gallienus
266 2318 285 2348 l.
315 2327 340 2348 1.
368 2318 400 2348 C.
422 2317 456 2347 Si
470 2327 546 2348 unus
561 2327 598 2349 ex
611 2318 740 2358 pluribus
758 2318 877 2349 beredib.
900 2319 941 2350 fic

72 2357 274 2399 rescripsere:
298 2357 460 2398 Ilffanifesti
484 2358 520 2393 ὅ)
544 2360 701 2390 indubitati
718 2359 797 2400 juris
814 2357 873 2397 esi,
895 2361 940 2390 de-

67 2399 176 2438 funbio
190 2401 344 2438 creditore,
366 2400 464 2430 multis
481 2400 585 2431 relictis
613 2401 777 2437 heredibus,
800 2401 939 2432 aaronem

73 2442 183 2481 quidem
193 2443 366 2480 personalem
387 2443 463 2472 inter
483 2451 526 2472 eos
544 2441 620 2483 Lege
639 2439 797 2473 Duodecim
815 2442 937 2473 Tabula·

73 2491 140 2511 rum
170 2483 263 2513 dividi
288 2492 298 2512 .·
324 2485 433 2525 pignus
465 2492 531 2514 vero
563 2484 595 2513 in
616 2482 745 2523 solidum
778 2485 937 2525 unicuique

73 2523 172 2552 teneri.

113 2561 244 2593 Tertius
260 2565 345 2608 locus
361 2565 424 2604 est,
448 2564 595 2597 adversus
610 2574 704 2606 quem
724 2565 816 2597 detur
832 2565 933 2607 hypo-

69 2603 210 2650 thecaria
226 2604 314 2635 aftio.
339 2607 428 2638 datur
442 2615 547 2638 autem
564 2607 708 2639 adversus
731 2606 935 2647 possefforem

67 2653 226 2686 pignoris:
241 2644 414 2684 postulante
429 2655 539 2679 natura
555 2649 684 2680 actionis
697 2650 729 2680 in
746 2658 822 2680 rem.
848 2648 934 2679 Mar-

67 2687 178 2717 cianus
194 2686 213 2716 l.
238 2690 283 2716 16.
306 2685 334 2727 §.
359 2697 387 2729 3.
414 2689 460 2719 D.
478 2690 510 2719 de
521 2691 689 2732 pignoribus
704 2690 814 2727 addit,
838 2689 933 2720 etiam

70 2729 134 2759 dari
151 2726 298 2757 adversus
314 2736 384 2758 eum
401 2729 453 2768 qui
477 2728 557 2761 fecit
582 2732 655 2763 dolo
673 2731 774 2769 malo,
798 2740 862 2770 quo
877 2731 933 2761 mi·

67 2777 126 2800 nus
144 2768 319 2807 poffidcret.
339 2767 390 2798 De
407 2770 521 2801 herede
537 2772 725 2804 videamus?
742 2772 767 2802 is
783 2779 930 2809 tenetur,

66 2818 133 2840 non
151 2816 310 2848 tamquam
327 2809 438 2846 heres,
461 2809 514 2842 sed
530 2819 687 2854 tamquam
705 2811 866 2852 possessor:
884 2812 934 2846 jd-

68 2859 174 2889 eoque
197 2858 270 2880 cum
294 2850 399 2891 plures
424 2849 513 2889 sunt,
535 2853 625 2885 datur
643 2855 788 2886 adversus
803 2852 936 2893 singulos

67 2892 102 2922 in
128 2891 263 2922 solidum
275 2914 284 2927 ‚
315 2892 458 2930 quamvis
479 2894 653 2932 personales
686 2896 826 2925 affiones
853 2895 935 2924 inter

69 2942 125 2963 eos
144 2932 209 2972 ipso
224 2933 291 2971 jure
309 2933 490 2964 dividantur
506 2937 765 2975 proportionibus
781 2935 936 2966 heredita-

67 2975 132 3006 riis.
161 2975 204 3004 ita
222 2973 443 3004 Diocletianus
467 2974 496 3005 ἀ
511 2974 724 3008 Maximianus
747 2977 765 3006 l.
791 2987 819 3007 2.
846 2975 876 3006 C.
901 2975 936 3005 Si

62 3024 147 3046 -unns
171 3022 207 3044 ex
226 3014 333 3054 plurib.
351 3015 443 3046 berea.
470 3015 593 3048 Verba:
617 3017 701 3049 Aetio
717 3018 829 3057 quidem
842 3018 933 3056 perlo-

68 3055 146 3087 nalis
173 3057 250 3086 inter
271 3056 381 3086 heredes
399 3064 452 3096 pro
469 3054 594 3098 singulis
611 3058 792 3098 portionibus
816 3056 934 3098 quoefita

69 3098 230 3135 scinditur:
248 3098 378 3138 pignoris
394 3103 490 3128 autem
502 3098 571 3138 jure
594 3100 692 3130 inultis
706 3099 837 3139 obligatis
853 3099 935 3129 rebus

67 3147 139 3179 quos
156 3137 260 3176 diverfi
276 3137 504 3178 poffide'ntscum
519 3140 580 3180 ejus
593 3140 751 3171 vindicatio
772 3149 829 3170 non
840 3142 931 3179 perso-

66 3188 138 3210 nam
153 3179 271 3219 obliget,
288 3183 338 3216 sed
352 3189 410 3210 rem
423 3183 637 3222 sequatur:qui
649 3178 796 3220 poffident‚
807 3186 932 3211 tenentes

53 3225 192 3290 7²⁰⁷}0p7210
207 3222 294 3293 [inodo
302 3220 492 3263 singularum
511 3220 783 3265 rerumsubstantiae
798 3225 927 3265 conveni-

999 261 1087 295 dant,
1118 256 1164 287 vel
1179 257 1295 295 eoquod
1312 257 1459 292 detinent,
1483 257 1594 287 cedant.
1637 255 1740 287 Datur
1764 258 1859 296 igitur

998 298 1066 328 haec
1084 298 1163 328 aetio
1178 296 1324 327 adversus
1345 289 1553 334 possessorem.
1593 294 1709 331 Utrum
1732 296 1861 335 excusso

996 341 1122 371 demum
1139 336 1303 378 principali
1321 338 1484 369 debitore:
1506 347 1545 368 an
1563 338 1658 368 etiam
1675 339 1775 370 ante?
1791 348 1860 370 non

994 380 1136 411 distinxit
1161 378 1297 410 Praetor:
1320 378 1476 409 actionem
1490 378 1684 421 'simpliciter
1697 380 1859 420 pollicitus

993 420 1140 451 adversus
1156 417 1365 459 possessorem.
1390 420 1471 449 adeo
1486 419 1636 460 relinquit
1644 421 1775 452 arbitrio
1791 430 1861 459 cre·v

993 463 1121 493 ditor-is:
1145 462 1273 501 priusne
1296 466 1367 499 agat
1391 458 1544 499 personali
1568 460 1690 493 actione
1713 462 1860 495 adversus

992 503 1197 539 debitorem3
1222 509 1266 544 *an
1292 500 1524 541 hypothecaria
1546 502 1692 533 adversus
1716 503 1862 545 possess'o-

990 553 1067 575 rem.
1100 544 1196 582 idque
1219 543 1298 572 certi
1322 542 1398 581 juris
1426 540 1488 573 effe
1504 559 1523 580 ,.
1546 541 1730 582 rescripsere
1753 545 1861 586 impp.

986 584 1209 616 Diocletianus
1228 582 1257 613 ἂ
1273 581 1487 620 Maximianus
1514 581 1534 613 l.
1551 592 1597 622 14.
1613 582 1650 617 ἐπ”
1664 584 1683 615 Ζ.
1709 583 1754 624 24.
1774 587 1806 617 C.
1823 587 1859 617 de

982 627 1128 667 pignorib.
1146 625 1326 663 Receptum
1345 631 1451 655 tamen
1469 623 1546 655 fuit:
1564 632 1598 656 ut
1616 627 1749 665 praesens
1766 628 1857 659 debi-

987 674 1055 706 tor,
1080 668 1162 706 prius
1185 664 1483 697 denunciationibus
1502 674 1668 706 urgeretur
1682 668 1721 697 ad
1737 666 1860 700 solven-

987 710 1081 747 dum3
1105 709 1134 749 ὃς
1159 717 1197 738 eo
1221 705 1360 737 cessante
1377 708 1408 738 in
1426 705 1598 745 solutione,
1623 715 1690 739 tum
1706 709 1856 742 adversus

988 750 1125 790 pignoris
1154 747 1351 789 possessorem
1384 750 1562 790 veniretur„
1586 748 1618 780 l..
1637 757 1682 780 10.
1709 749 1744 780 C.
1776 752 1805 782 d.
1828 757 1858 782 t.

986 790 1127 831 Longius
1145 790 1286 830 perrexit
1303 789 1580 828 lmp.Justinianus
1597 789 1717 821 Novell.
1735 799 1764 829 4.
1782 801 1806 823 c.
1822 802 1858 828 2.

984 840 1096 862 vetans
1109 854 1118 866 ,
1141 832 1179 860 ad
1199 830 1345 873 pignoris·
1360 829 1559 870 possessorem
1577 831 1698 871 veniri;
1721 833 1775 863 nisi
1793 833 1860 873 pri-

987 882 1021 903 us
1047 871 1179 903 excussis
1212 872 1364 902 debitoris
1383 872 1471 903 bonis
1488 894 1498 909 ‚
1535 871 1674 903 instituta
1699 872 1859 913 personali

986 914 1117 944 actione.
1142 912 1175 943 ld
1192 913 1267 943 olim
1283 913 1351 951 jure
1375 911 1536 954 singulari,
1560 913 1633 945 fis'co
1655 913 1769 955 pignus
1785 916 1867 947 vin—

986 954 1135 991 dicante,
1158 953 1319 993 placuerat
1343 963 1382 984 ex
1405 956 1536 985 decreto
1561 954 1640 994 Imp.
1664 955 1857 996 Commodi;

987 997 1168 1034 aequitatem
1181 995 1349 1034 Principali
1361 995 1558 1034 benignitate
1574 996 1694 1035 sequuti
1706 997 1857 1030 adversus

983 1038 1059 1077 juris
1076 1037 1207 1077 regulas.
1232 1038 1318 1076 quod
1335 1037 1410 1067 nulli
1430 1035 1546 1068 licuisse
1563 1036 1780 1078 Magistratui,
1806 1038 1862 1071 in-

987 1079 1120 1119 digitare
1138 1078 1213 1108 mini
1233 1078 1359 1108 videtur
1370 1077 1482 1109 Paulus
1498 1078 1517 1108 l.
1534 1086 1583 1118 47.
1602 1078 1644 1109 D.
1665 1080 1699 1109 de
1709 1080 1774 1121 jur.
1784 1079 1864 1119 fifc-'

988 1129 1058 1158 qiiae
1075 1119 1119 1150 est
1135 1128 1175 1150 ex
1193 1119 1258 1158 ejus
1277 1120 1329 1149 lib„
1348 1117 1605 1150 1.Decretoi·um.
1622 1118 1672 1151 sed
1683 1122 1767 1161 quod
1786 1129 1857 1155 tum

987 1161 1137 1201 singulare
1160 1158 1224 1191 fisci
1247 1160 1295 1200 jus
1319 1160 1398 1198 fuit,
1419 1160 1631 1205 justinianus,
1655 1169 1690 1193 ut
1705 1169 1857 1203 poterat,

985 1205 1012 1234 d.
1028 1213 1051 1233 c.
1070 1212 1098 1233 2.
1115 1200 1196 1233 fecit
1213 1210 1383 1232 commune
1397 1203 1552 1233 omnium.

1028 1242 1113 1275 Finis
1143 1243 1233 1280 hujus
1259 1242 1389 1274 achonis
1413 1242 1498 1280 est,‚
1527 1251 1561 1273 ut
1585 1241 1698 1283 pignus
1724 1243 1856 1277 arbitrio

983 1283 1101 1324 Judicis
1133 1282 1325 1316 restituatur.
1356 1283 1398 1315 sic
1422 1284 1508 1315 enim
1539 1292 1734 1324 conceptum
1759 1296 1776 1316 a
1799 1295 1856 1317 me

983 1326 1147 1357 Edictum:
1163 1325 1193 1356 &
1210 1325 1403 1357 arbitrariam
1421 1325 1483 1356 esse
1501 1325 1584 1356 hanc
1593 1325 1749 1362 actionem
1765 1326 1857 1358 disci-

983 1377 1052 1399 mus
1070 1376 1110 1398 ex
1124 1366 1153 1408 §.
1170 1372 1220 1408 31.
1239 1364 1311 1407 Inst.
1326 1367 1360 1398 de
1373 1366 1506 1398 ab'tionib.
1525 1366 1604 1398 Inde
1622 1367 1715 1407 quale
1732 1366 1769 1399 fit
1784 1368 1857 1399 offi-

984 1409 1067 1440 cium
1085 1408 1225 1448 judicis3
1242 1407 1338 1439 facile
1352 1407 1550 1448 intelligitur.
1574 1407 1627 1439 Est
1645 1415 1750 1440 autem
1766 1409 1858 1448 ejus,

980 1450 1154 1490 inspicere:
1179 1457 1219 1480 an
1245 1449 1330 1480 actor
1353 1450 1496 1489 potuerit
1519 1449 1646 1488 dicere-2·
1668 1459 1734 1482 rem
1758 1459 1858 1491 quam

982 1494 1084 1532 petit,
1104 1490 1162 1522 fibi
1179 1491 1302 1530 pignori
1321 1490 1437 1521 teneri:
1457 1490 1490 1524 id
1506 1489 1570 1527 est,
1594 1499 1634 1525 an
1651 1491 1858 1531 probaverit,

980 1533 1034 1565 fibi
1051 1532 1192 1564 debitum
1210 1530 1290 1570 esse;
1311 1531 1340 1562 δι
1357 1540 1423 1562 rem
1440 1530 1572 1571 petitam
1589 1540 1646 1571 pro
1661 1541 1702 1562 eo
1719 1532 1771 1562 sibi
1790 1531 1856 1564 esse

979 1573 1149 1614 obligatam
1168 1574 1207 1603 ab
1223 1582 1261 1604 eo
1285 1573 1372 1612 cujus
1389 1572 1422 1603 in
1447 1572 1537 1604 bonis
1560 1581 1644 1603 erat:
1669 1573 1699 1604 dc
1716 1573 1855 1611 deinde.

980 1625 1019 1646 an
1036 1625 1071 1646 ea
1090 1624 1137 1646 res
1159 1623 1176 1645 a
1194 1623 1249 1645 reo
1273 1615 1473 1653 possideatur.
1502 1612 1613 1645 Tenes
1637 1613 1755 1653 Judicis
1772 1615 1854 1646 noti-

981 1667 1095 1688 onem:
1120 1654 1282 1694 exspectas
1302 1655 1497 1686 sententiam.
1522 1654 1632 1685 Forma
1648 1665 1664 1685 a
1684 1655 1854 1687 Marciano

982 1699 1115 1730 traditur
1132 1697 1163 1727 in
1181 1698 1198 1726 l.
1214 1700 1257 1727 16.
1275 1696 1303 1737 ς.
1325 1707 1353 1737 3.
1370 1695 1407 1730 {5⁹
1424 1706 1453 1734 4.
1472 1704 1539 1727 tum
1556 1696 1594 1726 ab
1613 1695 1750 1736 Ulpiano
1765 1697 1784 1728 l.
1801 1705 1856 1730 214

980 1740 1007 1782 ᾗ,
1029 1749 1057 1780 3.
1081 1738 1121 1769 D.
1139 1740 1171 1769 de
1184 1738 1326 1779 pignorio.
1346 1737 1398 1768 sed
1417 1738 1455 1768 ab
1475 1745 1608 1777 utroque
1625 1747 1686 1769 non
1698 1747 1795 1778 aeque
1808 1736 1859 1769 di-'

982 1780 1101 1812 stirifile.
1125 1789 1163 1810 an
1187 1781 1303 1810 eodem
1327 1780 1441 1817 modo,
1465 1779 1638 1811 videamus.
1662 1780 1767 1810 Unum
1784 1779 1858 1810 cer-⁷

983 1830 1070 1860 tum3
1094 1821 1179 1860 quod
1206 1828 1340 1861 uterque
1363 1819 1412 1859 (fi
1429 1829 1492 1851 noti
1517 1828 1627 1860 paret,
1650 1821 1740 1860 quod
1757 1820 1854 1858 dixi)

983 1862 1157 1900 consentit,
1173 1862 1348 1893 convenire
1363 1861 1472 1893 officio
1492 1861 1630 1900 Judicis,
1647 1870 1735 1892 reum
1753 1860 1859 1893 absol-

984 1913 1076 1936 vere:
1100 1905 1129 1935 ὅ(
1146 1910 1276 1940 contra,
1298 1902 1319 1934 fi
1343 1911 1451 1943 paret,
1475 1903 1654 1944 declarare,
1677 1911 1744 1934 rem
1771 1907 1863 1943 peti-2

985 1954 1049 1978 tam
1066 1945 1162 1976 aum-i
1179 1943 1241 1975 esl'e
1256 1943 1502 1984 obligatamjure
1520 1943 1679 1985 pignoris:
1699 1943 1787 1975 simul
1802 1942 1861 1984 ·ju-.

984 1989 1060 2019 bere
1072 2010 1081 2023 ,
1106 1986 1188 2017 hanc
1204 1995 1221 2016 a
1236 1985 1404 2026 possessore
1420 1985 1448 2018 ei
1462 1985 1593 2016 restitui.
1617 1985 1647 2016 id
1664 1984 1684 2016 fi
1702 1984 1774 2025 fiat,
1796 1985 1864 2029 bef‘

981 2038 1023 2061 ne
1036 2028 1118 2066 ess'e3
1141 2027 1161 2059 fi
1177 2036 1237 2058 non
1255 2026 1327 2065 fiat,
1350 2027 1379 2058 ἃ
1393 2026 1471 2066 justa
1486 2027 1642 2067 allegetur
1655 2025 1765 2066 causa,
1795 2036 1857 2061 cur

982 2072 1014 2102 in
1034 2068 1176 2110 praeibnti
1193 2078 1258 2099 non
1275 2068 1366 2108 poffit
1382 2067 1521 2106 restitui,
1545 2069 1635 2099 litem
1651 2066 1862 2101 cautionibus-

986 2111 1131 2152 expediri
1163 2109 1293 2141 solitam.
1328 2110 1416 2149 quod
1440 2109 1462 2141 fi
1486 2109 1570 2141 nulla
1592 2108 1628 2141 fit
1653 2109 1721 2139 talis
1749 2109 1859 2149 causa;

984 2162 1084 2193 puto,
1107 2151 1273 2191 judicem,
1303 2151 1351 2182 uti
1362 2151 1407 2183 *de
1424 2150 1454 2182 in
1472 2160 1539 2182 rem
1563 2149 1741 2182 actionibus
1766 2149 1812 2181 est
1833 2161 1859 2183 a.

985 2194 1161 2234 Justiniano
1188 2193 1337 2224 traditum
1358 2191 1377 2234 §
1405 2202 1434 2224 2.
1459 2190 1531 2232 Inst.
1548 2193 1581 2222 de
1604 2190 1693 2231 officio
1715 2189 1856 2232 Judicis‚

986 2237 1024 2267 iic
1041 2244 1079 2266 ex
1098 2233 1252 2265 sententia
1272 2242 1402 2275 quoque
1420 2232 1542 2273 Ulpiani
1558 2233 1586 2263 d.
1601 2232 1620 2262 l.
1633 2240 1681 2262 21.
1701 2226 1774 2305 §.Ug.
1796 2233 1856 2265 hie*

986 2277 1074 2309 litem
1099 2275 1334 2307 aessimaturum.
1366 2273 1567 2316 Quomodo?
1597 2273 1695 2304 verba
1751 2274 1856 2317 lpiani

984 2328 1022 2359 ap
1049 2317 1133 2348 osui:
1157 2316 1225 2347 sunt
1250 2324 1355 2348 autem
1384 2317 1469 2347 haec:
1492 2314 1526 2344 Si
1552 2322 1596 2344 res
1610 2315 1767 2356 pignorata
1790 2315 1855 2347 nora

981 2359 1026 2399 re]
1039 2361 1171 2396 ituatur,
1193 2359 1228 2388 lis
1245 2357 1382 2396 advorsus
1394 2355 1566 2397 pofflfforom
1588 2357 1643 2386 erit
1663 2352 1855 2400 aeftimandae'

972 2402 1025 2440 sed
1053 2402 1154 2441 utique
1176 2399 1263 2430 aliter
1283 2399 1420 2437 adversus
1448 2398 1542 2437 ipsum
1566 2397 1738 2433 debitorem
1761 2398 1854 2430 aliter·

980 2444 1118 2481 adversus
1146 2442 1276 2481 quemvis
1300 2439 1484 2480 poffefforem.
1522 2447 1590 2469 nam
1613 2439 1751 2478 adversus
1774 2441 1860 2471 debia‘

980 2490 1068 2514 torem
1098 2491 1157 2513 non
1180 2481 1273 2520 pluris
1290 2503 1299 2519 ‚
1328 2490 1414 2520 qaam
1435 2480 1540 2521 quanti
1562 2480 1641 2510 debet
1657 2502 1667 2517 ‚
1698 2480 1768 2521 quia
1784 2480 1852 2513 'nora

973 2525 1068 2565 pluris
1095 2521 1238 2563 interest:
1276 2523 1413 2559 adversus
1438 2526 1549 2552 caeteros
1574 2520 1732 2562 poffeffiires
1763 2524 1855 2554 etiam

973 2564 1079 2606 pluris.
1116 2564 1152 2598 ὅ)
1197 2564 1252 2594 uod
1277 2563 1401 2603 (tuipsius
1425 2563 1516 2592 debito
1540 2564 1704 2602 consecutus
1725 2560 1851 2595 creditor'

973 2607 1072 2647 suerit
1098 2628 1107 2642 ‚
1137 2615 1165 2636 re
1193 2607 1283 2635 ituere
1304 2605 1421 2634 debitori
1447 2603 1524 2634 debet
1544 2604 1736 2644 pigneratitia
1758 2604 1853 2635 afflo-

977 2657 1021 2678 ne.
1057 2646 1136 2678 Haec
1154 2647 1307 2686 Ulpianus
1329 2644 1482 2676 distincte.
1532 2643 1620 2686 Quid
1636 2644 1849 2677 Marcianus?

977 2690 1048 2720 isin
1066 2690 1093 2718 d.
1113 2688 1133 2718 l.
1164 2692 1208 2718 16.
1231 2687 1259 2727 §.
1283 2696 1313 2727 3.
1340 2687 1401 2718 sine
1424 2685 1603 2719 discrimine
1629 2685 1672 2718 fic
1694 2686 1781 2717 infit:
1805 2685 1847 2717 In

975 2730 1171 2760 vindicatione
1183 2729 1314 2768 pignoris
1328 2728 1534 2768 quaeriiar.an
1550 2736 1608 2758 rem
1624 2729 1657 2758 de
1671 2736 1728 2767 qua
1745 2725 1845 2757 atrum

975 2768 1031 2810 est.
1052 2767 1186 2808 poffideat
1210 2770 1252 2803 is,
1276 2778 1341 2799 cnm
1366 2766 1539 2810 quoafium
1562 2766 1625 2807 est?
1654 2777 1721 2797 nam
1739 2765 1765 2803 li
1784 2777 1844 2798 non

971 2808 1129 2851 poffideat‚
1144 2819 1195 2840 nec
1214 2810 1272 2840 dolo
1281 2811 1406 2848 fecerit,
1434 2819 1489 2850 quo
1515 2811 1610 2840 nzinus
1624 2805 1779 2848 poffideat,
1794 2810 1846 2840 ab-

970 2851 1050 2891 solvi
1075 2852 1163 2881 debet.
1187 2851 1220 2882 Si
1242 2861 1308 2882 vero
1318 2849 1470 2892 poffideat‚
1496 2849 1533 2885 ὅ)
1553 2855 1606 2893 aut
1617 2849 1774 2887 pecuniam
1782 2849 1846 2889 fiil-

977 2897 1050 2930 vat,
1080 2897 1133 2923 aut
1156 2901 1214 2924 rem
1241 2890 1392 2932 restituar,
1415 2901 1494 2928 aeaut·
1520 2890 1706 2930 absolvendus
1728 2888 1778 2929 est.
1808 2890 1846 2922 Si

976 2942 1043 2964 vero
1065 2940 1202 2965 neutram
1231 2934 1329 2965 horum
1343 2930 1462 2974 faciat]
1484 2932 1678 2962 condemnatio
1697 2930 1845 2971 sequetur,

979 2975 1036 3005 Sed
1045 2973 1072 3012 fi
1086 2975 1156 3005 velit
1167 2972 1330 3016 restituere,
1349 2972 1503 3014 necpofflt,
1512 2973 1592 3011 forte
1604 2971 1680 3012 quod
1693 2980 1735 3002 res
1745 2970 1843 3013 abest,

977 3015 1014 3049 ὅ)
1029 3015 1109 3057 longe
1126 3014 1183 3056 est,
1194 3017 1252 3050 ><oei
1268 3018 1300 3048 in
1312 3016 1492 3056 provinciis,
1511 3012 1583 3052 solet
1601 3012 1782 3044 cautionibus
1796 3023 1843 3046 res

975 3057 1131 3097 explicari:
1147 3068 1215 3090 nam
1226 3057 1256 3095 fi
1270 3059 1378 3089 caverit
1397 3062 1423 3091 le
1437 3051 1656 3093 restituturum,
1671 3054 1844 3093 abs‘llvitur·

977 3098 1031 3130 Sin
1046 3108 1112 3130 vero
1130 3099 1190 3130 dolo
1208 3101 1322 3141 quidem
1331 3096 1440 3133 defient
1448 3092 1584 3134 poffidere
1595 3105 1605 3133 ;
1618 3094 1736 3136 summa
1744 3103 1842 3129 autem

975 3146 1022 3179 ope
1038 3140 1118 3180 nisus
1135 3150 1192 3172 non
1206 3138 1286 3180 poffit
1309 3147 1366 3168 rem
1393 3137 1484 3176 ipsam
1499 3134 1660 3175 restituere.-
1684 3138 1762 3168 tanti
1777 3148 1845 3169 con-

972 3181 1173 3220 demnabitur,
1184 3180 1289 3223 quanti
1306 3177 1385 3209 anor
1398 3179 1430 3217 in
1444 3177 1522 3208 litem
1532 3177 1681 3219 juraverit
1689 3187 1701 3214 ,·
1717 3177 1795 3216 ficut
1808 3179 1848 3209 ir'z

970 3223 1083 3294 certer}
1092 3223 1124 3253 in
1139 3233 1197 3256 rem
1212 3220 1384 3258 actionibus.
1408 3217 1492 3252 Nam
1502 3216 1531 3259 fi
1553 3219 1630 3253 tanti
1652 3220 1841 3293 condemngg

1092 3272 1113 3296 x
1888 3286 1893 3290 t
