2036 3495
1009 76 1049 111 N

165 158 270 196 Etiam
297 164 413 196 Cicero
437 164 484 194 lib.
507 173 530 194 t.
559 161 671 202 Disbul.
688 161 784 203 quaest.
811 170 836 194 c.
852 173 902 204 39.
923 164 1046 197 Natura

166 208 244 237 dedit
263 207 378 246 usuram
396 206 481 241 τίτας,
504 210 652 244 tamquam
662 207 810 244 pecuizz‘ae,
833 206 914 235 nulla
936 205 1042 247 praesti-

167 254 234 278 tuta
244 249 296 277 die.
311 247 383 287 quid
399 244 557 286 esbigi'cur,
569 246 644 284 quod
660 254 798 285 querare,
812 245 963 291 strepant,
979 258 1045 279 cum

164 288 258 318 vult?
281 297 313 317 ea
335 287 410 316 enim
433 287 592 317 conditione
616 294 772 326 acceperas.
791 286 845 318 Est
870 297 964 333 igitur
981 299 1043 321 mu-

165 336 254 359 tuum
279 326 468 367 gratuitum,
493 327 523 358 <St
548 326 796 365 restituendum,
821 337 893 360 curn
919 331 1046 363 Videtur

165 367 335 403 creditori,
353 367 406 407 qui
424 368 522 399 dedit.
541 369 581 398 At
598 369 792 408 quomodo?
808 369 838 416 in
857 371 972 416 eodem
991 382 1044 418 ge-

163 418 258 440 nere:
283 408 353 447 quia
380 408 484 447 specie
510 409 563 440 ussi
588 412 777 449 consumpta
804 419 868 456 ejus
887 421 939 452 qui
956 416 1045 445 dedit

164 451 348 488 voluntate,
371 450 477 490 potest
493 460 566 490 par,
583 452 615 481 id
633 452 677 482 est
695 452 751 483 alia
765 452 884 491 species
901 456 1043 493 ejusdcm

161 491 288 531 generis
305 491 334 522 ὅς
350 491 502 522 bonitatis
519 491 628 530 reddi3
646 494 755 524 eadem
772 503 836 524 non
856 495 970 534 potest.
995 496 1041 527 ln-

162 535 203 564 de
222 532 339 563 Cicero
356 533 401 563 lio.
418 544 446 573 5.
464 533 516 563 Ad
525 533 623 572 sanni.
644 533 735 575 Epist.
752 545 781 566 2.
799 534 902 580 Quod,
927 539 1043 577 inquis,

161 575 206 604 ita
220 573 334 611 scribis,
364 575 423 606 Pro
451 583 564 606 mutuo
594 576 678 606 inter
696 583 756 608 nos
772 586 899 609 animo:
923 580 993 619 quid
1012 584 1045 609 tu

162 613 307 654 existimer
322 615 373 655 effe
389 618 420 646 in
447 617 578 646 amicitia
605 623 761 655 mutuum,
785 618 893 655 nescio:
916 621 1045 660 equidem

161 652 213 687 oo&
227 659 369 692 arbitror,
388 667 452 688 cuin
466 665 522 697 par
538 657 674 688 voluntas
690 660 834 699 accipitur
852 659 888 694 {5⁹
904 662 1044 691 redditur.

160 697 218 729 Est
243 697 339 739 igitur
363 700 394 730 in
421 708 533 729 mutuo
552 699 724 738 creditori,
749 710 789 731 ne
816 702 925 741 injuria
943 703 971 733 ei
989 701 1045 734 fiat

157 748 223 779 -pro
239 742 358 780 gratia,
382 749 437 779 pai·
461 741 677 779 reddendum,
701 742 731 772 id
757 742 802 773 est
821 745 1041 782 tantumdem,

160 781 227 812 'non
245 781 367 820 niinus3
386 790 482 821 atque
499 783 529 812 in
547 782 662 813 eodem
679 792 808 823 genere.
825 786 919 823 quid,
936 785 955 816 si
973 795 1041 826 aga-

162 829 232 858 tur.
256 830 291 853 ut
309 824 340 854 in
359 822 420 854 alio
439 823 613 855 reddatur?
639 824 732 855 licet:
749 824 799 856 secl
813 825 875 864 jam
894 835 957 858 non
978 837 1041 858 mu-

161 871 252 895 tuum
270 863 349 902 erit,
374 867 483 894 'verum
502 864 693 902 permutatio
719 866 770 897 vel
788 867 1043 912 emptio-quid,

160 904 184 936 fi
207 906 238 936 in
263 904 368 945 speeie
391 904 705 938 sitvrestituendutn?
737 917 799 939 nec
822 909 866 940 sic
893 917 952 941 erit
976 919 1042 942 mu-

164 954 252 978 tuum
264 970 272 984 ‚
286 946 337 977 sed
348 946 524 986 depolitum
536 970 543 984 ,
555 948 603 978 vel
623 949 764 981 locatum
776 973 783 987 ,
796 951 845 981 vel
865 950 976 992 pignus
992 953 1043 985 vel

162 989 418 1020 commodatum.
443 989 553 1020 auctor
575 989 688 1021 Paulus
704 990 722 1020 l.
742 997 769 1022 2.
791 991 831 1022 D.
850 992 877 1022 b.
897 999 916 1022 t.
946 994 1043 1025 etiam

159 1029 437 1071 Agi·aetit1S,vetus
449 1028 693 1063 Grammaticus.
714 1031 819 1063 Verba
832 1033 976 1071 Agraetii:
995 1035 1043 1066 In-

162 1077 205 1102 ter
220 1073 427 1102 commodatum
447 1071 482 1105 δ’)
501 1078 666 1102 mutuatum
683 1075 814 1104 nonnihil
829 1073 925 1115 disicit.
963 1077 1043 1108 Com-

162 1114 309 1143 modamzis
326 1113 416 1144 amico
430 1120 481 1153 pro
500 1119 621 1153 tempore
637 1124 759 1154 equum,
768 1118 898 1155 ser-vum,
916 1116 1040 1158 vestem,

160 1155 235 1185 hanc
245 1155 335 1194 ipsam
343 1164 402 1185 rem
410 1164 497 1195 quam
508 1155 635 1185 dedimus
651 1158 799 1196 recepturi.
823 1164 922 1189 mutuo
939 1166 1042 1191 ciamus

157 1197 311 1237 pecuniam
322 1216 332 1235 ,
343 1197 472 1227 triticum
483 1220 492 1235 ‚
502 1196 623 1234 vinum,
644 1196 679 1231 &³
690 1200 732 1227 Dis
741 1196 850 1235 similia
865 1209 927 1240 qziae
942 1207 1041 1232 mittito

158 1238 231 1268 data
249 1239 337 1278 recipi
360 1237 461 1277 neceffe
485 1247 542 1267 non
568 1236 616 1277 est.
657 1238 756 1278 igitur
775 1240 911 1279 postulat
930 1249 1040 1274 natura

160 1279 282 1317 mutui,
301 1281 409 1309 datum
427 1277 544 1310 restitui
562 1278 591 1310 in
610 1281 724 1311 eodem
744 1291 877 1321 genere:
894 1283 989 1315 etiam
1007 1285 1039 1316 in

158 1320 271 1352 eadem
282 1320 452 1360 qualitate:
469 1319 499 1351 id
516 1319 580 1357 est,
599 1319 630 1351 in
643 1324 755 1352 eadem
773 1323 929 1354 bonitate.
950 1326 1039 1357 nimi-

160 1371 230 1393 rum
241 1369 274 1392 ut
286 1361 565 1399 diCtuimmutuum
577 1362 786 1401 proficiscitur
803 1365 841 1395 ab
851 1366 1039 1398 amicoaffe-

159 1404 228 1434 du:
244 1403 288 1434 est
307 1403 389 1433 enim
401 1404 590 1442 gratuitum3
609 1413 715 1443 eoque
733 1414 797 1435 non
811 1408 928 1444 patitur
937 1411 1037 1447 ratio,

159 1446 372 1483 accipientem
384 1440 574 1474 beneficium
587 1445 671 1475 danti
683 1446 825 1485 injuriam
837 1449 969 1480 reddere
980 1459 1038 1490 pro

158 1492 267 1526 gratia.
289 1486 318 1516 id
337 1493 443 1515 autem
461 1484 600 1516 futurum
620 1485 715 1524 esset;
735 1486 756 1518 fi
773 1489 884 1520 liceret
901 1490 1039 1523 debitori

157 1527 261 1558 minus
273 1526 407 1556 reddere
419 1525 448 1556 in
460 1527 574 1557 eodem
586 1536 703 1568 genere
713 1552 722 1566 ,
735 1537 788 1561 aut
798 1534 995 1565 tantumdem
1006 1536 1038 1564 in

157 1568 320 1599 deteriore
342 1567 505 1606 qualitate.
530 1567 640 1609 estque
658 1569 722 1601 hoc
737 1571 818 1603 adeo
834 1582 980 1613 aequum3
1004 1582 1039 1606 ut

155 1609 356 1648 Pomponius
366 1608 384 1639 l.
397 1618 425 1650 3.
438 1609 485 1640 D.
495 1609 521 1640 b.
532 1615 552 1640 t.
565 1618 655 1649 putet
666 1634 674 1648 ,
689 1612 719 1643 id
731 1614 826 1644 tacite
838 1624 1036 1648 conventum

155 1650 311 1691 intelligi;
329 1650 384 1681 etii
404 1652 443 1682 de
461 1660 501 1682 eo
513 1650 590 1682 nihil
609 1652 732 1692 paetum
751 1653 786 1685 sit
803 1656 913 1694 palam.
930 1657 1036 1689 Verba

157 1691 333 1732 Pomponii
359 1690 445 1722 sunt:
470 1691 552 1724 Cum
580 1694 656 1733 quid
673 1702 815 1727 mutuum
836 1698 1034 1737 dederimus,

155 1731 213 1765 etfi
231 1742 296 1765 non
307 1731 469 1771 cavimus,
487 1741 522 1765 ut
536 1743 627 1775 aeque
637 1735 756 1767 bonum
774 1738 868 1769 nobis
886 1740 1033 1772 reddere-

155 1780 228 1813 tur,
251 1784 316 1806 non
336 1775 412 1806 licet
431 1775 590 1814 debitori,
607 1777 802 1810 deteriorem
821 1789 887 1812 rem
905 1790 974 1821 quae
992 1792 1034 1814 ex

156 1816 274 1848 eodem
298 1825 417 1857 genere
433 1815 469 1847 fit
491 1817 645 1856 reddere,
672 1819 770 1851 veluti
788 1822 894 1852 vinum
912 1832 1033 1856 novum

155 1866 217 1899 pro
229 1866 349 1889 vetere.
367 1866 438 1889 nam
458 1856 487 1888 in
497 1859 723 1892 contrahendo
733 1863 820 1901 quod
835 1865 957 1904 agitur,
974 1874 1033 1906 pro

155 1907 252 1931 cauto
269 1899 449 1930 babendum
459 1899 515 1932 est.
533 1899 569 1931 Id
586 1909 692 1932 autem
708 1903 756 1943 agi
775 1903 981 1946 intelligitur,
999 1914 1033 1938 ut

155 1942 297 1981 ejusdem
314 1939 455 1981 generis,
472 1941 624 1973 &eadem
640 1943 785 1975 bonitate
795 1944 953 1986 solvatur,
971 1957 1032 1988 qua

154 1983 264 2015 datum
298 1982 342 2014 fit.
375 1982 557 2014 Bonitatem
583 1991 688 2015 tamen
716 1986 800 2017 unde
826 1986 1032 2029 aestimamus,

155 2033 262 2056 utrum
282 2034 323 2055 ex
340 2025 446 2064 pretio
472 2025 656 2063 quantitatis
680 2034 794 2058 mutuo
812 2029 913 2068 datae,
937 2040 974 2062 an
991 2041 1032 2063 ex

155 2066 223 2106 ejus
241 2066 359 2096 virtute
386 2065 579 2098 intrinseca?
604 2077 667 2108 ego
693 2078 733 2099 ex
751 2068 811 2100 hac
826 2070 930 2102 malim
950 2072 1033 2113 peti:

155 2108 230 2148 quia
259 2106 303 2138 est
327 2116 400 2137 vera
427 2107 492 2147 ejus
526 2107 668 2140 bonitas:
693 2110 829 2148 pretium
853 2120 942 2144 extra
966 2124 1032 2146 rem

155 2149 219 2188 est,
235 2149 401 2188 manisque
421 2158 460 2179 ex
480 2149 573 2189 copia
589 2159 643 2181 aut
659 2150 765 2191 inopia
784 2154 922 2192 pendet,
939 2164 1033 2195 quam

154 2200 173 2222 a
188 2200 221 2222 re
233 2185 306 2230 ipsas
322 2189 557 2231 sufficitigitur‚
575 2190 650 2222 solvi
662 2195 872 2232 quantitatem
893 2197 1033 2235 ejusdem

155 2232 336 2272 qualitatis,
360 2231 415 2263 etss
441 2241 507 2263 non
532 2232 568 2264 sit
596 2234 736 2273 ejusdem
763 2237 855 2276 pretii
870 2236 890 2268 l.
912 2246 936 2269 1.
957 2238 987 2280 ἓ.
1004 2250 1033 2271 2.

155 2275 203 2305 D.
220 2274 253 2303 de
268 2273 349 2313 oblig.
367 2272 403 2307 ὃ
420 2272 475 2304 a&

194 2313 291 2347 Nunc
317 2314 490 2355 disputabo
518 2316 558 2346 de
574 2316 698 2348 afflone
714 2327 755 2350 ex
771 2326 883 2351 mutuo
901 2321 965 2353 dari
984 2320 1031 2353 so-

153 2355 218 2388 lita.
240 2357 430 2396 complexus
451 2357 532 2388 hanc
544 2357 664 2390 Praetor
680 2358 741 2390 fuit
759 2362 897 2401 generali
916 2362 1030 2395 Edicto

155 2398 196 2428 de
216 2399 309 2430 rebus
332 2397 474 2429 creditis.
499 2408 571 2430 nam
595 2401 635 2430 de
660 2410 772 2432 mutuo
791 2401 923 2441 speciale
939 2404 1030 2436 fuiffe

151 2438 301 2470 Edictum
312 2463 320 2478 ,
346 2439 514 2472 verisimile
532 2450 596 2472 non
615 2441 659 2472 est
670 2466 678 2479 ‚
704 2444 823 2474 nullum
835 2453 924 2476 certe
935 2455 1030 2487 appa-

153 2487 203 2511 ret
214 2480 319 2512 bodie.
344 2480 450 2512 Verba
477 2481 579 2513 Ediffl
607 2482 647 2514 sic
663 2493 845 2525 compono:
869 2487 905 2518 Si
920 2494 1030 2519 certum

146 2528 264 2562 petetur
281 2532 378 2554 rerum
394 2524 569 2554 crediturum
585 2527 712 2563 nomine,
731 2526 934 2558 condieiz'onem
951 2530 1030 2560 dubo.

150 2562 256 2594 Prima
278 2562 380 2595 Ediffi
412 2566 527 2603 verba,
560 2567 595 2596 Si
616 2573 725 2598 certum
749 2574 879 2607 petetur,
911 2570 1031 2602 indicat

152 2603 310 2641 Rubrica‚
328 2605 510 2646 desumpta,
527 2615 560 2637 ut
576 2607 673 2646 solet,
689 2618 705 2638 a
722 2610 829 2649 primis
840 2611 943 2642 &dicti
961 2621 1030 2643 ver-

150 2646 210 2678 bis.
251 2643 339 2687 Quid
354 2655 458 2679 autem
476 2647 511 2679 fit
527 2654 654 2687 certum,
672 2651 807 2690 exponit
824 2650 936 2683 Paulus
959 2653 979 2684 l.
998 2657 1029 2685 6.

151 2687 181 2719 h.
202 2693 224 2718 ι.
242 2687 377 2724 Certum,
402 2689 565 2728 inquiens,
589 2688 628 2730 est
651 2692 735 2732 cujus
751 2694 859 2733 species
874 2695 919 2724 vei
937 2703 1028 2735 quan-

151 2730 242 2766 titas,
265 2737 326 2769 qziae
342 2728 373 2757 in
391 2730 559 2769 obligatione
583 2733 736 2772 versatur,
760 2739 814 2764 aut
833 2737 1029 2775 nominesuo,

152 2775 206 2802 aut
214 2779 246 2800 eci
262 2767 493 2810 demonstratione
502 2782 564 2812 qma
578 2775 702 2804 nominis
717 2777 780 2806 vice
781 2775 945 2816 fungitur,
961 2787 1031 2818 qua-

152 2812 191 2843 lis
205 2817 373 2856 quantaque
381 2809 439 2848 fit,
456 2810 620 2851 ostenditur.
646 2815 761 2848 Paulus
771 2816 944 2857 fignificat,
962 2828 1029 2851 cer-

152 2859 220 2885 tum
244 2852 294 2883 vel
318 2853 438 2892 specie,
466 2854 514 2884 vel
539 2857 716 2893 quantitate
740 2859 897 2899 intelligi:
928 2861 1027 2892 modo

151 2901 303 2935 appareat
320 2903 455 2938 quoque·
468 2894 533 2933 ejus
553 2898 693 2935 qualitas.
710 2899 739 2930 ὅ(
758 2899 860 2939 specie
877 2902 1027 2942 quidem,

151 2934 253 2967 veluti
281 2934 387 2966 servus
413 2934 553 2967 Stichus:
576 2945 693 2970 nomen
720 2942 804 2972 enim
824 2964 834 2980 ,
867 2943 967 2982 qualis
991 2943 1028 2975 fit

149 2976 274 3016 species
286 3000 296 3015 ,
320 2976 478 3015 declar-av,
495 2977 644 3016 idemque
660 2981 931 3016 demonstratione
948 2994 1026 3016 con-

152 3019 266 3058 tingit:
289 3027 359 3050 nam
377 3018 406 3049 δι
426 3016 646 3059 haecfungitur
661 3024 797 3055 nominis
817 3026 887 3056 vice
903 3027 922 3056 l.
939 3029 968 3057 6.
984 3026 1026 3057 D.

151 3061 185 3090 de
202 3060 242 3090 rez'
258 3061 366 3091 viidie.
384 3060 560 3099 quantitate
577 3069 673 3092 vero:
698 3064 813 3102 veluti,
831 3067 927 3098 tritici
945 3067 1027 3100 Afri-

130 3113 131 3118 *
151 3101 181 3131 ci
205 3101 320 3137 optimi
343 3101 441 3132 modii
468 3109 598 3133 centum
615 3124 624 3139 ‚
656 3102 718 3132 vini
743 3107 883 3144 campani
910 3110 1026 3149 optimi

152 3141 315 3182 amphoras
345 3151 486 3174 centum.
518 3142 756 3188 qualitas-enim
775 3167 785 3182 ‚
816 3149 914 3185 optimi
930 3172 940 3186 ‚
970 3160 1025 3182 ne.

149 3191 213 3225 que
240 3183 329 3224 plus,
354 3193 459 3227 neque
481 3186 585 3218 minus
602 3186 729 3226 recipit:
757 3193 791 3217 ut
809 3186 916 3228 foret,
938 3189 961 3223 fi
977 3191 1023 3226 di-

166 81 236 119 55³:
591 74 949 111 GLIt‘Aitni

1074 74 1279 117 'ooni-
1336 75 1555 121 Coun.

1088 173 1234 209 ceretur,
1258 170 1336 203 boni
1353 171 1372 204 l.
1385 176 1432 213 7‘5.
1450 171 1478 214 §.
1495 180 1522 205 2.
1541 173 1582 206 D.
1600 173 1639 206 de'
1651 174 1728 209 verb.
1744 172 1829 221 oblig.
1850 174 1895 214 est
1911 176 1967 226 igia
1993 197 1997 201 ·

1088 217 1139 241 tur
1162 212 1293 250 qualitas
1309 213 1373 244 hoc
1392 216 1423 246 in
1447 216 1549 247 verbo
1575 215 1723 252 incerta:
1747 221 1777 251 in
1796 222 1851 253 illo
1869 220 1964 258 certa.

1088 250 1281 291 Eepuichre
1299 253 1458 296 Ulpianus
1475 255 1494 286 l.
1505 266 1553 297 74.
1565 257 1602 292 &⁹
1619 259 1637 291 l.
1650 270 1698 301 75.
1711 263 1739 292 d.
1751 267 1772 292 t.
1785 261 1827 293 D.
1839 266 1872 295 de
1888 265 1965 299 verb.-

1088 292 1170 333 oblig.
1194 303 1316 327 certum
1328 320 1337 335 ‚
1364 298 1486 338 inquit,
1505 299 1571 337 cst,
1588 304 1675 340 quod
1693 312 1734 334 ex
1749 303 1811 343 ipsa
1829 314 1966 346 pronun·

1089 333 1231 366 ciatione
1248 345 1399 378 apparet,
1424 340 1519 379 quid,
1546 342 1660 382 quale,
1685 352 1903 386 quantumque
1917 348 1965 383 fit.

1089 374 1142 405 ubi
1160 383 1265 408 autem
1289 388 1355 410 non
1380 388 1532 421 apparet,
1550 385 1646 423 quid,
1661 387 1774 425 quale,
1799 395 1966 426 quantum-

1090 425 1151 456 que
1170 417 1260 449 estin
1280 418 1502 462 stipulatione,
1526 425 1680 458 incertam
1705 427 1765 459 effe
1790 427 1965 469 stipulatio-

1087 467 1184 496 nem,
1209 459 1381 493 dicendum
1402 462 1456 495 est.

1073 532 1077 535 ,
1128 497 1255 531 Deinde
1278 501 1320 532 ait
1345 503 1486 543 Praetor,
1511 506 1622 540 Rerum
1643 511 1819 542 creditarum
1839 514 1964 547 nomine.

1088 539 1170 572 Haec
1187 542 1283 572 verba
1300 542 1576 590 Edicto-adscripsi
1597 560 1637 582 ex
1656 551 1813 592 Rubrica,
1826 553 1930 593 juncia
1946 553 1966 588 t.

1089 590 1114 612 1.
1135 580 1171 615 δ’
1188 591 1216 613 2.
1235 582 1262 613 h.
1281 588 1303 614 t.
1321 588 1463 626 accedit,
1512 591 1575 623 uod
1595 592 1644 623 illa
1664 593 1731 625 sunt
1750 595 1965 628 consentanea

1088 622 1192 654 Edisti
1211 623 1391 658 sententiae:
1415 628 1454 660 ab
1480 598 1619 672 &lpiano
1644 636 1751 667 relatae
1769 636 1798 667 in
1817 634 1835 667 l.
1856 646 1884 673 9.
1901 638 1928 668 b.
1943 641 1965 669 t.

1088 666 1117 695 ot
1130 665 1287 704 volentis,
1305 668 1383 699 certi
1394 671 1632 706 condictionem
1647 686 1663 706 a
1678 675 1820 709 Praetore
1832 678 1885 717 hic
1895 688 1966 719 pro·
1998 688 2001 690 ·

1088 705 1241 745 positam,
1266 716 1330 739 non
1348 708 1409 741 effe
1429 710 1598 751 specialem
1623 721 1744 757 mutui3
1762 718 1814 750 sed
1832 719 1895 751 effe
1911 729 1966 761 ge-

1086 749 1225 778 neralem
1245 757 1346 780 rerum
1364 753 1564 786 creditarum.
1589 756 1664 790 Hoc
1673 765 1778 792 autem
1791 770 1855 801 quo
1872 762 1967 794 ‹liler-

1086 787 1146 819 tius
1163 788 1374 831 intelligatur,
1390 795 1549 827 notandus
1566 797 1610 829 est
1624 800 1699 839 juris
1711 802 1887 843 progr-effus
1900 809 1966 836 non

1085 829 1255 874 inelegans.
1274 833 1454 866 Audiamus.
1471 835 1559 868 Certi
1576 841 1757 880 condictio,
1774 852 1808 874 ut
1818 845 1965 885 videtur,

1087 879 1221 910 primum
1240 873 1367 906 indufita
1382 875 1456 915 Jure
1475 877 1568 910 Civili
1583 880 1628 911 est
1645 883 1687 913 ob
1700 883 1797 916 solum
1809 894 1965 918 mutuum.

1088 913 1204 944 deinde
1222 914 1276 945 sub
1292 916 1358 956 ejus
1374 918 1487 949 colore
1504 929 1633 961 recepta
1660 925 1755 956 etiam
1774 934 1832 965 pro
1848 928 1965 967 repeti—

1088 954 1178 985 tione
1195 955 1328 988 indebiti
1346 957 1458 998 soluti,
1476 960 1504 991 ἀ
1523 962 1553 992 in
1570 965 1677 1003 paucis
1694 967 1761 997 aliis
1777 967 1829 998 sub
1847 967 1965 1000 Titulo

1082 1004 1137 1026 JV.
1155 995 1245 1036 hujus
1265 997 1353 1037 libri,
1380 999 1410 1031 ὅ(
1426 1002 1598 1043 deinceps,
1615 1007 1774 1046 expositis.
1800 1018 1966 1050 argumen-

1086 1044 1153 1069 tum
1178 1039 1266 1077 nujus
1291 1040 1453 1079 processus
1479 1043 1554 1075 licet
1579 1046 1725 1087 accipere
1744 1049 1816 1081 ext.
1835 1061 1865 1090 5.
1885 1050 1913 1092 §.
1933 1061 1963 1091 53.

1085 1077 1128 1109 D.
1146 1080 1179 1109 cle
1193 1081 1276 1121 oblig.
1295 1080 1331 1115 &²
1347 1081 1404 1114 oft.
1420 1083 1448 1125 §.
1474 1092 1497 1115 1.
1517 1084 1587 1126 lust.
1598 1087 1688 1134 Qgiib.
1699 1092 1770 1121 mod.
1787 1101 1817 1122 re
1833 1093 1962 1125 commo.

1084 1119 1166 1161 ohlig.
1188 1120 1215 1162 §
1231 1125 1262 1152 6.
1284 1120 1357 1163 lust.
1377 1123 1424 1154 De
1439 1127 1523 1168 oblig.
1546 1138 1608 1169 quae
1624 1131 1704 1172 quas.
1723 1142 1759 1163 ex
1776 1139 1864 1164 contr.
1886 1133 1962 1165 Hoc

1084 1160 1149 1192 fine
1173 1161 1203 1192 se
1227 1165 1388 1196 continuit
1409 1166 1462 1206 Jus
1482 1169 1586 1201 Civile
1610 1173 1639 1202 ot
1666 1170 1738 1205 For-i
1765 1173 1960 1214 Disputatio.

1084 1201 1136 1233 sed
1147 1212 1210 1234 non
1220 1214 1311 1244 aeque
1321 1206 1447 1239 Praetor.
1457 1218 1570 1242 contra
1585 1212 1609 1243 is
1619 1215 1697 1245 certi
1707 1216 1960 1256 condidioneim

1083 1252 1153 1283 quae
1170 1247 1413 1287 antespestabat
1430 1257 1551 1283 tantum
1569 1254 1607 1284 ad
1617 1261 1782 1296 mutuum,
1800 1266 1851 1288 aut
1872 1260 1960 1298 quod

1083 1293 1142 1325 pro
1166 1294 1279 1318 mutuo
1305 1289 1497 1334 habebatur,
1523 1294 1587 1325 hoc
1615 1295 1729 1329 Editio
1759 1301 1961 1338 porrexitad

1082 1335 1210 1359 omnem
1236 1329 1468 1370 obligationem
1493 1344 1533 1365 ex
1559 1345 1618 1376 qua
1644 1346 1766 1370 eertum
1793 1341 1958 1372 debeatur.

1081 1366 1135 1399 Ne
1152 1369 1279 1400 dubita:
1302 1373 1390 1411 quod
1410 1374 1502 1414 dico,
1514 1376 1652 1409 ostendit
1669 1380 1732 1411 hoc
1750 1379 1877 1422 Ulpiani
1894 1384 1921 1413 cl.
1939 1383 1958 1413 ἶ.

1081 1419 1110 1446 9.
1132 1410 1211 1442 Certi
1234 1412 1372 1444 condidici
1399 1419 1526 1456 competit
1548 1428 1584 1449 ex
1600 1423 1677 1451 omni
1697 1429 1800 1460 causa,
1824 1433 1860 1454 ex
1877 1425 1956 1454 omni

1082 1451 1268 1491 obligatione,
1285 1462 1320 1485 ex
1331 1465 1389 1496 qua
1408 1464 1517 1489 certum
1531 1462 1658 1499 petitur:
1667 1460 1732 1499 sive
1747 1473 1785 1494 ex
1801 1470 1874 1495 certo
1892 1474 1958 1496 con-

1082 1494 1178 1525 tractu
1191 1496 1446 1534 petatur‚siveex
1459 1500 1577 1532 incerto.
1595 1501 1629 1533 In
1649 1502 1696 1534 his
1706 1505 1830 1544 Ulpiani
1851 1506 1959 1536 verbis

1082 1541 1167 1573 causa
1185 1535 1337 1576 significat
1354 1541 1571 1572 contractum:
1593 1551 1626 1573 ut
1643 1544 1673 1575 in
1690 1544 1708 1576 l.
1731 1553 1776 1576 11.
1795 1545 1831 1580 53⁹
1851 1555 1896 1577 12.
1917 1546 1961 1578 D.

1081 1577 1114 1606 cie
1131 1579 1208 1607 verb.
1222 1576 1328 1619 fignif.
1345 1580 1373 1610 &
1391 1580 1465 1612 alibi
1485 1581 1574 1623 saepe.
1599 1583 1646 1616 Ita
1666 1584 1768 1617 sensns
1787 1587 1850 1626 est,
1867 1587 1960 1620 Poli'e

1081 1627 1122 1648 ex
1145 1621 1231 1649 omni
1259 1621 1445 1660 contractu,
1470 1632 1510 1655 ex
1537 1634 1602 1665 quo
1623 1626 1692 1666 J‘ure
1714 1628 1799 1659 civili
1823 1628 1960 1662 nascitur

1080 1661 1159 1690 certi
1177 1660 1352 1701 obligatio,
1378 1662 1444 1694 fieri
1460 1666 1623 1704 creditum,
1638 1669 1663 1698 lx
1680 1677 1704 1700 1.
1722 1668 1739 1699 1.
1759 1679 1784 1700 2.
1801 1669 1828 1712 §.
1845 1680 1872 1711 3.
1888 1671 1916 1702 b.
1936 1676 1959 1703 t.

1079 1702 1107 1730 d.
1125 1700 1142 1731 l.
1165 1710 1209 1732 11.
1226 1701 1263 1736 {3⁹
1285 1712 1329 1734 12.
1346 1713 1452 1745 eoque
1470 1716 1509 1738 ex
1525 1706 1640 1740 Edicto
1658 1709 1711 1741 hic
1728 1713 1892 1752 proposito
1910 1722 1959 1744 re-

1079 1751 1147 1772 rum
1165 1745 1355 1776 creditarum
1378 1748 1509 1779 nomine
1536 1758 1725 1791 competere
1750 1754 1828 1784 certi
1849 1754 1959 1785 condi-

1077 1783 1330 1825 ctionem.quid‚
1342 1786 1362 1818 fi
1379 1786 1457 1819 fides
1468 1789 1574 1821 habita
1590 1792 1623 1823 sit
1640 1801 1763 1825 certum
1782 1795 1867 1825 nudo
1884 1804 1959 1835 pac-

1078 1832 1113 1855 to
1129 1825 1358 1865 promittenti?
1376 1838 1440 1861 non
1451 1830 1570 1871 estjure
1587 1833 1671 1865 civili
1691 1836 1867 1868 creditum:
1883 1837 1958 1877 quia

1077 1875 1142 1897 non
1161 1867 1206 1898 est
1224 1869 1331 1907 causa,
1348 1869 1411 1902 sive
1429 1873 1628 1913 conti-actus,
1645 1885 1686 1907 ex
1704 1885 1767 1916 quo
1781 1878 1850 1918 jure
1868 1875 1957 1910 civili

1077 1907 1340 1942 nascatur-attint.
1358 1913 1454 1943 io.D.
1472 1915 1705 1958 deverb.figm'f.
1723 1928 1783 1949 nec
1801 1920 1897 1960 igitur
1912 1927 1956 1952 ex

1075 1951 1162 1981 nudo
1180 1951 1273 1990 pacto
1292 1956 1451 1992 competit
1476 1957 1555 1987 certi
1581 1959 1756 1990 condistio.
1783 1960 1900 1992 Verum
1919 1968 1956 1992 ut

1075 1990 1184 2023 locum
1196 1992 1309 2024 habeat
1321 1994 1399 2025 certi
1409 1997 1572 2029 condietio
1581 2022 1591 2037 ,
1608 2008 1739 2040 oportet
1749 2001 1870 2032 ostendi
1882 2011 1955 2033 cau-

1075 2030 1136 2063 sam
1153 2042 1193 2064 ex
1213 2042 1272 2073 qua
1285 2036 1354 2075 jure
1372 2036 1458 2068 civili
1476 2038 1618 2072 nascatur
1634 2041 1800 2082 obligatio.
1824 2052 1884 2074 nec
1903 2053 1953 2075 re-

1076 2072 1141 2104 fert
1165 2074 1315 2108 Praetoris
1339 2084 1393 2108 aut
1420 2079 1564 2120 Ulpiani,
1591 2082 1690 2121 qualis
1711 2093 1746 2114 ea
1765 2083 1819 2123 fit;
1836 2083 1901 2122 five
1916 2092 1954 2117 ex

1076 2121 1148 2145 certo
1164 2117 1316 2149 contractu
1326 2124 1462 2159 petatur,
1474 2120 1538 2158 five
1549 2131 1584 2153 ex
1593 2125 1706 2155 incerto.
1724 2123 1877 2164 Ulpianus
1887 2135 1955 2158 cer-

1077 2164 1144 2188 tum
1169 2167 1265 2189 vocat
1292 2161 1489 2193 contractum
1517 2165 1570 2203 qui
1601 2164 1646 2196 est
1669 2167 1873 2205 nominatus3
1907 2169 1954 2198 in-

1077 2206 1200 2229 certum
1222 2200 1273 2239 qui
1291 2201 1336 2232 est
1353 2201 1586 2236 innominatus:
1601 2207 1672 2246 quia
1689 2207 1767 2238 alter
1779 2207 1955 2240 habetcer-

1077 2246 1142 2270 tum
1161 2249 1296 2279 nomen,
1322 2251 1441 2276 certam
1458 2245 1614 2286 formam,
1638 2257 1757 2280 certam
1775 2250 1953 2283 astionemt

1076 2281 1156 2312 alter
1173 2291 1236 2314 non
1255 2283 1488 2317 habetcertum
1507 2297 1645 2327 nomen,
1670 2299 1731 2321 nec
1749 2300 1868 2323 certam
1888 2291 1954 2323 for-

1075 2331 1177 2359 mam,
1204 2333 1264 2355 nec
1292 2333 1411 2357 certam
1435 2328 1593 2362 actionem
1617 2331 1668 2362 sed
1694 2331 1851 2364 actionem
1876 2342 1953 2374 prae-

1074 2362 1195 2404 scriptis
1213 2367 1318 2398 verbis
1334 2376 1402 2407 quae
1429 2368 1474 2400 est
1492 2371 1612 2402 incerta
1630 2373 1659 2403 <St
1676 2373 1891 2406 innominata:
1917 2384 1952 2406 ut

1073 2414 1205 2445 apparet
1220 2417 1260 2438 ex
1276 2408 1296 2438 l.
1320 2417 1342 2439 1.
1358 2409 1386 2450 ἓ.
1407 2417 1435 2441 2.
1457 2410 1497 2442 D.
1514 2413 1547 2442 de
1562 2422 1617 2443 rer.
1632 2420 1756 2452 permut.
1786 2414 1885 2456 igitur
1908 2417 1953 2447 ait:

1075 2446 1248 2486 Ulpianus,
1274 2449 1371 2481 licere
1398 2451 1491 2482 nobis
1520 2462 1574 2492 per
1601 2454 1771 2487 Praetorem
1791 2479 1799 2494 ,
1825 2464 1950 2489 certum

1075 2490 1248 2520 condicere
1273 2500 1314 2522 ex
1338 2492 1425 2523 omni
1456 2494 1621 2526 contractu
1641 2518 1649 2533 ,
1680 2504 1744 2528 tam
1769 2498 1895 2528 incerto
1920 2500 1951 2530 &

1073 2529 1274 2562 innominato
1290 2554 1300 2570 ,
1324 2541 1417 2572 quam
1435 2542 1527 2565 certo
1542 2535 1572 2566 ὅς
1595 2536 1771 2569 nominato.
1797 2540 1825 2570 &
1853 2539 1950 2571 reste:

1073 2570 1128 2602 etfi
1146 2573 1229 2604 enim
1247 2573 1403 2605 incertum
1428 2574 1463 2606 fit
1483 2578 1664 2610 conti-aetus
1681 2588 1820 2618 nomen3
1844 2581 1951 2621 potest

1073 2620 1178 2644 tamen
1197 2614 1283 2654 quod
1293 2623 1333 2646 ex
1343 2625 1383 2646 eo
1395 2617 1603 2656 petum-‚effe
1614 2627 1735 2651 certum
1747 2621 1860 2661 :idque
1870 2622 1949 2655 suffi-

1074 2652 1138 2692 cit,
1165 2663 1199 2685 ut
1217 2655 1323 2687 locum
1344 2656 1458 2688 habeat
1476 2660 1555 2690 certi
1573 2661 1746 2693 condietio.
1771 2662 1872 2703 finge:
1895 2665 1950 2695 de-

1073 2694 1103 2725 di
1122 2695 1177 2726 tibi
1196 2696 1334 2729 lancem:
1352 2705 1386 2728 ut
1402 2698 1478 2730 mihi
1495 2699 1639 2733 Stichum
1658 2704 1764 2735 dares:
1782 2704 1876 2737 cefl'as
1895 2706 1951 2736 d:-

1074 2745 1119 2768 re.
1144 2736 1188 2768 est
1203 2738 1280 2769 mihi
1298 2739 1418 2778 duplex
1441 2740 1543 2780 actio,
1567 2744 1729 2776 condiCtio
1747 2746 1790 2777 ob
1810 2756 1875 2777 rem
1895 2748 1949 2777 da-

1073 2778 1116 2816 ti,
1139 2778 1168 2809 &
1187 2778 1375 2819 praescriptis
1394 2782 1517 2813 verbis:
1534 2784 1696 2826 utriusque
1719 2795 1824 2819 autem
1848 2789 1947 2828 gratia

1073 2820 1152 2850 certi
1176 2821 1349 2853 condictio.
1383 2823 1550 2856 Dummodo
1567 2826 1628 2867 (sic
1642 2829 1746 2869 pergit
1764 2830 1790 2859 d.
1810 2832 1827 2859 i.
1844 2839 1873 2865 9-
1893 2830 1947 2861 Ul-

1072 2861 1201 2901 pianus)
1220 2862 1344 2903 praest’ns
1361 2862 1403 2901 fit
1427 2866 1575 2906 obligatio.-
1599 2874 1753 2908 eceteram,
1770 2869 1800 2908 fi
1823 2871 1853 2901 in
1871 2872 1943 2902 diem

1061 2901 1125 2940 fit,
1141 2903 1186 2933 vel
1195 2905 1252 2944 suh
1268 2906 1427 2936 conditione
1441 2908 1575 2949 obligatio
1585 2933 1594 2948 ,
1617 2916 1686 2941 ante
1701 2911 1772 2941 diem
1788 2912 1833 2942 vel
1849 2913 1947 2943 condi-

1070 2945 1174 2974 tionem
1188 2954 1245 2976 non
1257 2951 1353 2986 potero
1369 2957 1461 2989 agere,
1480 2949 1650 2990 Ulpianus,
1669 2960 1702 2982 ut
1719 2961 1757 2983 ex
1768 2953 1857 2983 causa
1875 2962 1944 2984 cre-

1070 2984 1127 3016 diti
1144 2993 1269 3018 certum
1285 2989 1350 3028 peti
1372 2990 1483 3030 poffit,
1508 2991 1663 3031 postulat,
1681 3002 1788 3033 puram
1807 2993 1868 3024 effe
1886 2994 1945 3025 ob-

1069 3027 1264 3067 ligationem.
1295 3028 1441 3063 nimirum
1459 3054 1468 3070 ‚
1499 3033 1572 3072 quia
1595 3041 1661 3066 tum
1688 3034 1775 3066 ceffit
1799 3035 1828 3065 ὅ(
1853 3035 1944 3066 venit

1070 3068 1157 3099 dies:
1179 3070 1211 3101 id
1233 3069 1298 3109 est,
1321 3079 1387 3103 tum
1411 3079 1483 3104 nata
1504 3073 1567 3112 est,
1592 3075 1766 3115 obligatiO,
1791 3075 1820 3106 ὅ(
1837 3076 1943 3120 potest

1069 3112 1253 3143 executioni
1277 3113 1340 3143 dari
1367 3113 1486 3145 statim:
1503 3116 1592 3147 aliter
1602 3116 1669 3148 acsi
1685 3115 1738 3147 sub
1755 3117 1944 3150 conditione

1069 3152 1170 3183 autin
1189 3152 1273 3185 diem
1297 3153 1333 3185 fit
1355 3155 1528 3188 contracta.
1553 3166 1623 3189 narn
1641 3156 1662 3188 si
1682 3156 1734 3188 sub
1751 3159 1943 3190 conditione

1066 3192 1104 3225 sit
1129 3193 1288 3236 suspensa3
1311 3195 1379 3230 dies
1404 3203 1478 3230 ante
1503 3198 1694 3232 existentem
1718 3201 1941 3232 conditionem

1885 3251 1939 3273 ne·
