2052 3487
190 70 260 112 258

192 154 382 187 cohaerente
396 152 594 186 liberandum
608 149 735 184 censeo.

193 195 259 228 rior
274 195 330 227 fiat
345 193 510 235 Ulpianeae
526 192 631 224 forma
648 192 893 233 differtationis‚
910 203 976 224 uno
991 204 1069 226 con-

191 237 303 283 speetu
318 237 473 305 inteffram
491 232 863 275 exhibebo‚conjunffis
879 235 984 267 verbis
1000 236 1071 278 §.4

216 302 222 310 .
240 277 278 312 ὅ)
292 281 321 308 6.
341 277 372 306 d.
401 299 408 305 .
428 285 440 306 1
467 298 474 305 .
936 310 938 312 v
1032 277 1053 296 ‘-

191 289 220 328 5³
231 318 260 359 §.
285 328 314 355 4.
347 284 541 351 Ἐναὲὶὲανὶω
562 316 678 354 caulam
696 317 884 357 proprietatis
906 318 1070 349 deteriorem

200 362 203 363 ’
267 359 370 398 facere
385 366 443 388 non
460 358 555 390 debet:
577 358 718 389 meliorem
728 358 832 398 facere
844 356 943 398 potest.
986 359 1007 400 †
1029 358 1070 391 Ec

211 397 219 428 s
271 405 326 430 aut
344 399 442 438 fundi
465 396 504 439 est
527 398 715 440 ususfrufflts
738 399 872 441 legatus,
896 400 933 434 ὅ)
950 409 1007 431 non
1023 403 1070 444 a’ef

214 441 229 445 ’“
273 441 319 470 bet
347 448 439 481 neque
467 440 576 471 arbores
595 440 768 482 frugiferas
795 442 923 472 excidere
938 464 949 479 ,
980 451 1070 483 neque

271 481 375 512 villam
392 481 506 512 diruere
520 504 531 520 ,
562 491 614 512 nec
637 485 793 524 quicquam
805 482 907 521 facere
923 484 954 513 in
967 485 1067 523 perni-

274 524 346 553 ciem
358 524 553 563 proprietatis.
595 523 617 563 †
647 523 688 554 Et
698 523 817 563 siforte
830 524 981 564 voluptare
1002 527 1014 564 (
1029 524 1072 556 fic

276 564 379 604 lego)
394 564 464 604 fuit
484 565 647 604 praetium,
669 565 813 596 viridaria
832 565 879 596 vel
899 562 1072 607 gestationes

213 641 216 643 ,
270 606 318 636 vel
340 605 583 637 deambulationes
605 607 753 638 arboribus
767 605 954 645 infructuosis
970 615 1072 648 opacas

270 653 359 688 atque
381 656 508 678 amoenas
537 647 642 678 hahens
657 670 668 686 ,
705 656 762 679 non
785 648 893 679 debebit
927 648 1045 689 dejicere
1060 671 1071 688 ,

196 688 217 715 ss
273 694 308 719 ut
320 688 401 728 forte
414 688 508 720 hortos
526 688 650 720 olitorios
663 690 781 727 faciat,
803 689 851 720 vel
873 689 954 720 aliud
975 691 1046 731 quid
1060 712 1071 728 ‚

275 730 353 771 quod
367 731 405 761 ad
420 731 545 761 reditum
553 729 677 770 speitat.
701 730 731 772 §.
750 739 777 770 5.
830 730 901 761 Inde
919 729 958 771 est
973 730 1070 772 qucesi-

275 776 358 809 tum,
381 770 631 812 anlapidicinas,
653 772 700 803 vel
729 772 936 809 cretifodinas.
959 773 1071 804 velare

184 845 190 847 μ
275 810 441 852 nifodina's'
458 812 516 853 ipse
544 811 694 853 instituere
725 812 808 854 poffit
832 813 850 845 ἶ)
900 813 944 845 Et
973 813 1068 856 [ego]

214 888 217 891 Ὗ
271 858 345 895 puto
362 854 450 886 etiam
474 853 567 895 ipstcm
589 853 739 896 instituere
757 854 835 896 poffe
850 878 861 894 ,
874 853 906 893 fi
926 865 984 887 non
1005 858 1071 898 agri

786 150 866 195 Quo
882 158 988 185 autem
1006 151 1069 184 cla-

724 53 729 74 ³
797 54 1125 99 GettARnr'

1158 54 1394 100 Noo'nr

1197 195 1218 234 †
1242 195 1366 227 Proinde
1381 206 1472 228 venas
1486 206 1598 238 quoque
1613 197 1836 238 lapidicinarum
1848 225 1857 241 ‚
1880 204 1916 238 ξιξ
1931 188 1983 236 bu:

1188 237 1318 278 jusmodi
1338 238 1516 269 metallorum
1531 240 1559 269 in
1582 239 1674 270 uircre
1684 242 1800 281 poterit.
1844 243 1923 285 Ergo
1966 240 1971 245 ’

1199 279 1293 317 auri,
1325 278 1362 312 δ’
1385 279 1526 321 argenti,
1560 248 1597 314 ἕξ
1610 282 1779 322 sulphuris,
1813 283 1849 317 ὅ)
1867 287 1929 315 ceris
1945 246 1983 321 ἓξ

1184 319 1286 359 ferri,
1310 318 1347 354 &²
1361 326 1524 352 caeterorum
1531 321 1672 361 fodinas,
1695 323 1742 355 vel
1762 333 1836 365 quas
1852 328 1982 367 paterfa-

1196 360 1292 392 milias
1307 359 1454 401 instituit,
1479 371 1607 393 exercere
1619 366 1749 404 poterit,
1773 365 1819 396 vel
1834 367 1889 407 ipse
1904 366 1986 408 insti-

1191 406 1287 438 tuere,
1303 401 1333 439 fi
1347 403 1421 433 nibil
1442 404 1628 445 agriculturae
1645 407 1779 444 nocebit,
1809 408 1828 427 *
1850 406 1986 448 Equidem

1190 445 1216 473 ei
1229 444 1411 483 permittitur
1438 445 1584 476 meliorare
1601 448 1814 487 proprietatem.
1837 447 1865 491 §
1883 452 1912 480 6.
1953 452 1987 482 Si

1193 490 1290 515 tamen
1310 507 1319 523 ,
1350 495 1412 526 quae
1433 484 1844 528 instituit-usufruiiuarius‚
1867 496 1919 521 aut
1936 501 1988 528 cm-

1198 525 1259 556 lum
1274 533 1460 566 corrumpant
1476 529 1543 568 agri
1552 551 1561 566 ‚
1591 535 1644 560 aut
1660 540 1800 571 magnum
1815 537 1987 571 apparatum

1188 564 1255 605 fint
1277 565 1473 605 desideratura
1488 592 1499 608 ,
1530 569 1663 609 opificum
1680 572 1761 611 sorte
1776 594 1786 610 ,
1816 573 1863 603 vel
1886 572 1987 615 legulo-

1201 617 1290 646 rum,
1313 618 1376 649 quae
1403 619 1460 640 non
1477 609 1569 652 potest
1587 610 1732 653 sustinere
1753 615 1988 654 proprietarius:

1202 658 1260 680 nori
1275 651 1422 682 videbitur
1437 652 1504 683 boni
1519 654 1580 684 viri
1594 655 1742 686 arbitratu
1751 655 1834 695 frui.
1966 669 1970 672 ²

1188 157 1305 194 portem
1331 153 1515 195 neceffariam
1551 154 1619 186 huic
1654 158 1697 188 rei
1728 164 1914 200 occupaturus
1933 162 1973 205 ej}

1155 745 1170 763 *
1190 746 1227 774 Et
1253 746 1270 774 fi
1292 747 1366 775 forte
1389 748 1415 776 in
1436 749 1491 776 hoc
1507 769 1516 783 ‚
1544 750 1620 786 quod
1647 751 1777 786 instituit,
1797 733 1860 788 'plus
1884 750 1988 782 reditur.

1113 783 1143 812 fit
1160 805 1166 816 ,
1197 792 1278 819 quam
1302 786 1327 812 in
1353 785 1457 819 vineis,
1483 787 1527 814 vel
1552 788 1687 822 arbustis,
1712 791 1756 818 vel
1779 788 1988 829 olivetisfquae

1114 821 1243 851 fuerunt:
1263 822 1376 859 forfitzin
1392 825 1475 853 etiam
1490 825 1548 853 haec
1563 825 1684 860 dejicere
1698 829 1812 864 poterit.
1958 836 1962 837 ⁷

940 967 1155 1005 CAPUT
1206 971 1250 1007 X.

191 1068 245 1101 An
259 1063 465 1111 fruiluarius
483 1091 494 1107 ‚
530 1064 629 1110 legato
642 1063 747 1110 fandi
773 1062 955 1110 usufiuilu,
982 1077 1021 1100 ex
1038 1070 1199 1103 venatione
1222 1069 1274 1104 vel
1298 1072 1425 1117 aucupio
1447 1073 1558 1107 habeat
1576 1073 1722 1121 quaestum
1748 1077 1936 1120 reditumve,
1958 1078 1989 1123 si

208 1127 215 1130 ⁴
262 1125 328 1160 quae
353 1115 385 1148 in
392 1113 496 1160 fundo
508 1112 576 1158 finc
605 1115 731 1149 vivaria
756 1122 813 1148 aut
838 1115 1008 1150 ornithones
1027 1116 1044 1149 ζ)
1080 1117 1125 1151 Et
1147 1120 1286 1163 quisnam
1314 1121 1364 1154 ille
1385 1121 1518 1168 quaestus
1538 1120 1578 1161 δ’
1601 1125 1715 1158 reditas
1730 1124 1803 1170 fit?

264 1164 443 1197 venationes
463 1171 519 1197 aut
536 1165 667 1208 aucupia
675 1160 743 1207 fint
765 1164 796 1196 in
804 1161 908 1208 fundo
927 1175 985 1198 non
1004 1165 1227 1212 circumstpto?
1252 1167 1382 1202 brutius
1401 1179 1457 1215 pro
1471 1169 1621 1215 ferarum
1630 1171 1778 1218 foetibus.

1831 1127 1937 1175 Quid,
1953 1123 1986 1172 fi

1830 1174 1987 1213 Exercere

255 1210 373 1258 feras,
401 1211 500 1257 quid?
529 1211 740 1259 Tryphoninus
760 1213 932 1246 extricatus
957 1213 976 1246 l.
997 1216 1055 1249 62.
1076 1224 1126 1260 pr.
1154 1213 1196 1254 ὅ)
1220 1214 1249 1263 §
1274 1230 1302 1252 1.
1331 1219 1374 1253 D.
1399 1219 1435 1253 de
1457 1217 1627 1265 zfitfrac‘tu.

179 1302 258 1383 ⁷Si
281 1309 332 1341 cui
355 1308 478 1350 legatus
503 1305 539 1339 fic
561 1305 682 1338 fructus
706 1304 823 1344 fundi,
855 1305 885 1336 iu
911 1314 976 1346 quo
1000 1306 1059 1339 fint

262 1351 473 1388 venationes,
495 1355 549 1380 aut
564 1347 716 1387 aucupia3
734 1346 803 1379 satis
821 1348 961 1387 pulchrae
979 1358 1063 1389 quae-

188 1390 300 1423 stionis
321 1391 367 1423 est
383 1414 393 1430 ,
425 1400 464 1422 an
488 1391 517 1422 ἂ
538 1389 811 1430 quemadmodum
835 1388 963 1421 illorum
981 1399 1063 1428 quae-

187 1432 253 1465 stus
278 1441 332 1464 aut
356 1433 476 1464 reditus
499 1431 537 1462 ad
559 1430 765 1461 frustuarium
790 1429 939 1470 spectet?
978 1430 1063 1464 Nam

176 1474 346 1515 ‘quidquid
369 1475 401 1505 in
426 1472 530 1503 fundo
555 1471 695 1502 nascitur
710 1494 719 1508 ,
744 1471 796 1501 vel
816 1480 856 1502 ex
873 1471 977 1503 fundo
995 1482 1064 1512 per-

189 1516 254 1556 cipi
270 1514 395 1556 potest,
420 1512 511 1553 ipfius
526 1512 654 1544 demum
672 1510 793 1543 fructus
812 1511 857 1543 est
874 1512 893 1544 l.
913 1523 943 1550 9-
968 1513 1011 1546 D.
1035 1516 1069 1546 cie

188 1554 367 1597 usufrucitu
389 1554 466 1586 ferae
485 1561 590 1585 autem
610 1554 641 1585 &
656 1563 730 1585 aves
746 1555 856 1594 quaein
867 1554 968 1587 fundo
979 1555 1066 1595 sunt,

186 1606 294 1638 neque
321 1604 493 1629 nascuntur
514 1605 555 1627 ex
584 1594 688 1626 fundo
706 1618 716 1634 ,
755 1604 861 1635 neque
891 1606 931 1627 ex
962 1595 1066 1629 fundo

185 1638 433 1681 percipiuntur:
463 1637 584 1678 quippe
610 1645 708 1677 quum
742 1636 848 1673 nibil,
887 1636 942 1669 nifi
975 1641 1065 1678 quod

175 1679 270 1713 'terra
285 1680 315 1712 se
334 1687 443 1718 tenet,
466 1678 558 1710 fundi
575 1678 612 1710 fit
628 1678 649 1709 l.
669 1687 717 1718 15.
733 1677 752 1709 l.
772 1682 819 1709 16.
836 1677 873 1713 ἃ
893 1687 940 1719 17.
965 1679 1009 1711 D.
1032 1682 1066 1711 de

185 1721 348 1754 ustionibus
370 1721 458 1762 empti
479 1719 516 1756 δ’
537 1721 658 1752 venditi.
682 1721 703 1751 l.
722 1729 772 1751 21.
795 1719 839 1751 D.
865 1721 898 1751 de
922 1718 1063 1761 instrutio

183 1764 231 1796 vel
255 1760 444 1804 instrumento
469 1762 572 1804 legato.
616 1760 694 1793 Non
718 1761 815 1802 igitur
836 1760 914 1792 ferae
932 1785 942 1800 ‚
976 1772 1066 1794 aves·

184 1811 269 1846 que,
293 1804 468 1837 venatione
483 1811 537 1836 aut
553 1803 693 1845 aucupio
711 1810 814 1843 captae
831 1811 848 1834 a
862 1801 1038 1836 fructuario
1054 1827 1066 1844 ‚

185 1847 252 1888 eius
267 1846 350 1880 fiunt
362 1846 433 1887 jure
448 1844 654 1878 ususfruetus.
698 1842 903 1888 Quamquam
915 1846 987 1885 quia
997 1847 1066 1879 nul-

183 1888 244 1922 lius
261 1888 351 1927 sunt,
373 1887 527 1929 quamdiu
557 1886 690 1919 naturali
712 1886 864 1919 libertate
887 1885 1038 1920 fruuntur
1052 1910 1064 1927 ‚

184 1939 252 1963 non
271 1929 405 1963 absurde
420 1930 545 1962 dicatur
563 1952 574 1968 ‚
603 1928 808 1960 fructuarium
831 1926 932 1960 feram
955 1937 1010 1961 aut
1034 1938 1068 1961 a-

186 1982 281 2011 vem,
311 1971 333 2004 fi
358 1980 453 2012 quam
477 1970 582 2012 capiat
605 1970 636 2002 in
662 1969 790 2001 saltibus
814 1969 866 2002 vel
897 1971 1064 2003 montibus

185 2013 385 2054 poffeffionis
410 2013 499 2054 cujus
521 2010 750 2044 usumfrustum
777 2010 894 2050 habet,
918 2011 1002 2044 suam
1020 2012 1065 2044 fa-

186 2064 260 2087 cere
283 2055 428 2097 gentium
453 2056 532 2096 jure.
562 2053 667 2093 poffet
697 2053 783 2085 enim
806 2054 838 2085 in
862 2052 988 2085 saltibus
1012 2054 1064 2086 vel

134 2113 137 2116 ⁴
185 2098 351 2131 montibus
368 2096 498 2136 venari,
521 2095 577 2128 etfi
603 2104 669 2127 non
695 2094 829 2126 haberet
849 2093 941 2126 fundi
963 2094 1064 2127 usum-

174 2136 345 2177 „Vsrufiuuu
367 2137 422 2170 nifi
445 2148 462 2169 a
485 2138 620 2170 domino
644 2136 871 2178 prohiberetur
886 2159 895 2175 ‚
927 2135 1065 2169 fundum

185 2180 311 2221 ingredi
329 2179 465 2211 venandi
483 2180 582 2220 gratia
597 2179 617 2209 l.
635 2188 665 2219 3.
689 2178 718 2220 §.
739 2187 766 2211 1.
790 2177 834 2209 D.
858 2179 890 2208 de
907 2179 1062 2219 adquiren-

175 2223 221 2260 ,do
239 2230 337 2252 rerum
351 2221 485 2254 dominio.
508 2220 585 2261 quid
607 2222 640 2251 ni
664 2220 762 2260 igitur
780 2219 873 2260 poffit
888 2242 898 2258 ,
929 2228 1002 2252 cum
1026 2229 1061 2252 u-

184 2261 394 2296 sumn-uelum
411 2261 509 2293 habet
526 2271 537 2301 ;
567 2270 625 2302 per
647 2270 787 2301 eumque
809 2260 935 2301 accepit
949 2261 999 2302 jus
1015 2263 1062 2294 in·

184 2303 350 2349 grediendi
365 2302 522 2341 fundum,
545 2304 642 2334 etiarn
661 2303 764 2334 invito
783 2302 944 2335 domino?

229 2344 389 2378 Caeterum
406 2366 417 2383 ,
455 2343 476 2376 fi
508 2345 539 2376 in
563 2342 668 2376 fundo
697 2343 756 2376 fint
779 2344 898 2375 vivaria
920 2353 991 2385 quae
1022 2343 1061 2376 A.

187 2384 314 2419 Gellius
331 2409 341 2426 ‚
371 2387 419 2417 lib.
443 2396 473 2418 2.
496 2384 640 2418 Noctium
661 2386 834 2417 Atticarum
849 2395 874 2418 c.
893 2394 942 2417 20.
968 2386 1064 2417 inter-

175 2435 329 2469 ¹⁴pretatur
346 2426 434 2468 septa
450 2427 522 2460 loca
538 2428 570 2460 in
585 2427 700 2468 quibus
723 2426 800 2459 ferae
824 2427 905 2458 vivae
929 2436 1061 2467 pascun-

172 2467 256 2508 ‘tur3
278 2477 333 2501 aut
350 2469 543 2501 ornithones
569 2477 640 2509 quae
664 2469 770 2501 eidem
796 2467 907 2500 Gellio
926 2478 968 2500 ex
988 2468 1065 2500 Var-

172 2508 285 2550 rone,
308 2511 355 2542 lib.
374 2521 403 2552 3.
427 2510 476 2542 De
490 2520 519 2542 re
535 2509 644 2553 rustica
660 2521 685 2542 c.
703 2520 732 2542 2.
757 2509 827 2542 sunt
850 2511 993 2542 omnium
1010 2510 1063 2542 ali-

185 2559 255 2588 turn
271 2561 342 2592 quae
358 2552 440 2583 intra
455 2552 593 2593 parietes
609 2552 693 2584 villae
710 2551 813 2584 solent
829 2552 936 2593 pasci:
960 2559 1040 2591 puto
1051 2575 1062 2591 ‚

172 2594 260 2636 ‘quia
281 2594 320 2624 ad
344 2591 410 2624 hoc
433 2593 567 2626 habetur
588 2593 726 2632 fundus,
751 2601 786 2625 ut
804 2603 844 2625 ex
863 2594 1036 2625 venatione
1050 2617 1062 2633 ‚

185 2642 241 2670 aut
263 2634 401 2673 aucupio
417 2657 428 2673 ,
467 2634 589 2667 frustus
614 2643 669 2667 aut
693 2635 813 2667 reditus
839 2636 1034 2676 percipiatur
1050 2659 1061 2675 ‚

173 2667 316 2709 &auctore
340 2674 486 2707 Varrone
509 2678 537 2708 d.
565 2677 616 2708 lib.
641 2687 672 2718 3.
703 2683 729 2708 c.‘
754 2686 780 2708 1.
805 2676 841 2712 δ’
856 2680 937 2718 seqq.
962 2677 1061 2718 magis

174 2717 269 2757 effe,
292 2723 329 2748 ut
346 2715 480 2757 quaestus
496 2718 550 2757 qui
566 2728 607 2750 ex
623 2718 701 2750 feris
725 2726 779 2749 aut
803 2718 913 2751 avibus
936 2719 1060 2760 percipi

185 2757 313 2800 potest,
336 2758 368 2790 in
381 2756 488 2789 fructu
504 2758 541 2790 fit
557 2759 578 2790 l.
597 2763 645 2790 26.
666 2759 708 2791 D.
733 2761 767 2790 de
782 2760 897 2799 usuris3
918 2762 1059 2802 denique

185 2799 352 2833 frustuarii
375 2797 432 2830 fiat
451 2799 519 2839 Jure
545 2799 737 2833 ususfructus
766 2802 786 2833 l.
801 2812 830 2839 9.
860 2801 888 2843 §.
909 2813 936 2841 5.
960 2801 1002 2834 D.
1026 2804 1060 2834 de

173 2840 346 2883 ,usufruftu
360 2851 371 2872 .·
399 2840 520 2881 quippe
536 2841 598 2881 Jam
620 2841 698 2872 ferae
722 2842 752 2874 &
775 2852 850 2876 aves
871 2853 942 2884 quae
964 2844 1064 2885 septis-

171 2888 243 2916 'aut
265 2882 492 2915 ornithonibus
514 2882 641 2914 inclusae
663 2881 722 2914 fint
742 2893 760 2914 a
781 2884 873 2917 fundi
896 2886 1030 2917 domino
1048 2908 1058 2925 ,

169 2928 178 2962 ἶ
188 2925 311 2958 domini
334 2923 425 2956 fundi
448 2922 518 2955 sunt
540 2923 560 2954 l.
579 2933 608 2965 3.
637 2923 667 2965 §.
688 2933 734 2963 14.
760 2924 797 2960 ὅ)
823 2935 872 2967 15.
896 2927 941 2960 D,
963 2929 996 2958 de
1011 2929 1061 2958 aa-

184 2967 325 3009 quirenda
343 2963 530 3007 poffeffione;
560 2965 592 2996 ἃ.
617 2966 761 3005 quamvis
786 2976 850 2999 non
868 2968 926 3000 sint
941 2967 1031 3001 fundi
1049 2993 1060 3010 ,

184 3017 292 3041 tamen
309 3006 449 3044 infundi
464 3006 674 3039 instrumento
691 3005 848 3040 habentur
864 3010 883 3041 l.
904 3019 950 3042 10.
974 3010 994 3043 l.
1008 3020 1021 3042 1
1032 3020 1057 3043 1.

184 3049 206 3081 1.
221 3059 267 3082 12.
277 3048 326 3090 §.1
333 3059 360 3081 2.
368 3048 404 3084 ἐξ
415 3058 461 3090 13.
467 3047 508 3080 D.
517 3049 551 3080 de
557 3045 696 3089 instruito
704 3048 751 3078 vel
758 3046 945 3089 instrumento
954 3052 1059 3094 legato,

173 3092 274 3130 -cujus
299 3090 499 3127 instrumenti
520 3088 731 3127 ususfructus,
761 3091 815 3121 nisi
839 3095 998 3124 contraria
1021 3093 1059 3127 fit

176 3132 346 3168 „testatoris
362 3132 511 3165 voluntas
526 3154 537 3171 ,
559 3132 598 3164 ad
620 3130 721 3163 fufidi‘
736 3130 949 3166 fructuarium*
960 3137 1057 3175 perti-

185 3172 242 3206 uet
256 3173 278 3205 l.
299 3181 347 3214 15.
370 3173 401 3216 §.
415 3178 447 3207 6.
472 3173 516 3207 D.
537 3174 573 3206 de
588 3171 758 3216 usufrui'tu.

1151 1309 1258 1351 Atque
1283 1311 1347 1343 huc
1371 1313 1475 1344 tendit
1500 1313 1735 1356 Tryphouinus
1764 1319 1784 1351 l.
1810 1324 1862 1353 62.
1881 1328 1929 1363 pr.
1947 1322 1985 1359 55⁹

1106 1351 1135 1392 §.
1157 1360 1183 1382 1.
1208 1352 1251 1383 D.
1274 1354 1308 1383 cie
1325 1353 1502 1392 usufruc‘tu3
1525 1356 1579 1388 sed
1604 1358 1675 1398 quia
1702 1360 1887 1394 obscuriore
1914 1364 1986 1405 via,

1106 1402 1201 1433 quam
1225 1393 1313 1425 forte
1337 1405 1387 1426 res
1410 1396 1512 1435 velit,
1545 1398 1629 1430 dabo
1653 1409 1784 1441 operam
1803 1427 1814 1442 ‚
1838 1413 1872 1436 ut
1888 1405 1916 1436 ei
1935 1406 1986 1437 ali-

1110 1444 1208 1481 quam⁸
1229 1434 1389 1481 effundam
1414 1437 1543 1477 lucem3
1568 1440 1597 1471 <St
1621 1442 1829 1482 quaestionem
1854 1446 1987 1479 curiosae

1113 1475 1310 1508 definitionis
1335 1478 1430 1519 paulo
1452 1479 1624 1515 distinctius
1654 1484 1826 1526 explicem.
1879 1486 1986 1522 Verba

1110 1517 1330 1559 Tryphonini.

1158 1558 1425 1605 Ufltfrutfiuarium
1447 1565 1551 1594 venari
1575 1565 1606 1595 in
1624 1565 1751 1604 saltibus
1774 1569 1820 1600 vel
1841 1572 1985 1603 montibus

1183 1601 1357 1641 poffeffionis
1368 1605 1454 1643 probe
1470 1607 1597 1637 dicitur:
1619 1616 1670 1638 nec
1684 1615 1788 1649 aprum
1802 1611 1849 1642 vet
1864 1622 1984 1645 cervum

1191 1651 1274 1683 quem
1295 1645 1424 1684 ceperit,
1443 1649 1593 1686 proprium
1614 1648 1724 1680 domini
1741 1653 1829 1692 capit.
1844 1654 1898 1693 sed
1908 1656 1985 1695 fru-

1189 1684 1253 1715 ctus
1277 1691 1330 1716 aut
1348 1686 1417 1727 jure
1438 1686 1567 1730 [civili]
1590 1695 1643 1720 aut
1664 1693 1798 1732 gentium
1811 1695 1883 1734 suos
1891 1697 1983 1736 facit.

1192 1724 1221 1766 §.
1244 1734 1269 1756 ι..
1315 1726 1348 1758 Si
1365 1729 1488 1760 vivariis
1512 1730 1711 1770 inclusieferae
1728 1734 1760 1764 in
1777 1744 1810 1765 ea
1823 1735 1986 1778 poffeffione

1191 1764 1441 1809 custodiebantur,
1458 1773 1573 1811 quando
1587 1772 1774 1812 ususfruiius
1789 1780 1891 1818 clepit,
1914 1788 1987 1811 num

1190 1817 1316 1840 exercere
1340 1819 1388 1841 eas
1418 1812 1605 1850 fructuarius
1623 1814 1710 1856 poffit
1727 1839 1736 1855 ‚
1773 1820 1896 1851 occidere
1926 1824 1988 1853 non*

1184 1849 1270 1897 poffit
1286 1849 1304 1882 ?
1334 1852 1408 1883 alias
1428 1875 1438 1892 ‚
1470 1852 1500 1891 fi
1520 1864 1594 1896 quas
1616 1857 1700 1889 initio
1719 1858 1869 1900 incluserit
1897 1863 1987 1903 operis

1179 1896 1267 1933 suis,
1290 1892 1337 1924 vel
1356 1893 1463 1941 [post]
1480 1894 1594 1933 sibimet
1610 1898 1675 1939 ipsoe
1691 1901 1865 1941 inciderint,
1889 1904 1983 1946 delap-

1179 1933 1261 1973 saeve
1277 1934 1395 1972 fuerint
1410 1960 1419 1975 ‚
1448 1940 1490 1969 bae
1505 1937 1674 1978 fruetuarii
1688 1941 1771 1982 juris
1785 1942 1882 1982 sint?
1913 1955 1986 1977 com-

1190 1974 1342 2015 mociiffime
1359 1985 1477 2018 tamen,
1510 1988 1546 2010 ne
1560 1987 1614 2021 per
1629 1979 1752 2023 fingula
1775 1986 1914 2018 animalia
1937 1988 1989 2026 fa·

1188 2016 1307 2048 cultatis
1327 2018 1491 2058 fructuarii
1506 2043 1516 2059 ‚
1534 2027 1651 2063 propter
1667 2025 1862 2059 discretionem
1876 2028 1983 2070 diffici-

1190 2057 1243 2089 lem
1260 2082 1270 2097 ‚
1292 2060 1347 2100 jus
1370 2061 1513 2093 incertum
1526 2061 1591 2103 fit,
1607 2063 1725 2104 sufficit
1745 2070 1865 2100 eundem
1886 2079 1988 2102 nume·

1185 2109 1252 2130 rum
1264 2106 1317 2140 per
1323 2099 1444 2143 singula
1467 2113 1579 2145 quoque
1599 2108 1874 2150 generaferarum,
1893 2110 1984 2151 finito

1190 2141 1351 2181 usufruiiu
1366 2166 1376 2182 ,
1407 2145 1518 2176 domino
1531 2148 1717 2187 proprietatis
1739 2150 1910 2194 adfignare,
1933 2154 1986 2185 out

1165 2223 1172 2228 .
1183 2183 1251 2230 fuit
1266 2185 1349 2224 ccepti
1367 2185 1557 2224 ufusfruilus
1574 2194 1706 2229 tempore.
1935 2182 1957 2201 ⁴⁷

1106 2220 1192 2264 Quia
1209 2222 1443 2266 ‘Iryphoninus
1465 2229 1612 2261 meminit
1628 2230 1764 2270 saltuum
1780 2233 1828 2265 vel
1842 2235 1983 2268 montium

1099 2263 1272 2305 poffeffionis
1288 2289 1298 2304 ‚
1330 2268 1437 2300 obiter
1466 2270 1569 2302 dicam
1587 2294 1596 2310 ,
1628 2274 1717 2312 quod
1732 2274 1847 2313 saltum
1872 2275 1984 2310 Gallus

1105 2305 1207 2338 AElius
1223 2330 1233 2346 ,
1265 2308 1334 2339 libro
1349 2309 1477 2349 secundo
1497 2310 1751 2354 significationum
1779 2326 1843 2358 quoe
1876 2320 1983 2360 adjus

1100 2349 1267 2388 pertinent,
1292 2351 1376 2390 apud
1404 2350 1600 2385 Festum‘fic
1625 2355 1748 2388 definit.
1796 2359 1896 2391 Saltus
1918 2358 1982 2401 esi,

1106 2390 1157 2420 ubi
1166 2388 1246 2427 silvae
1264 2390 1301 2425 ἐξ
1313 2389 1457 2432 pastiones
1465 2395 1558 2434 sunt,
1580 2405 1705 2437 quarum
1721 2400 1809 2440 causa
1825 2403 1894 2441 casae
1910 2411 1979 2443 quo-

1105 2439 1170 2471 que.
1215 2432 1249 2463 Si
1271 2442 1330 2474 qua
1347 2435 1496 2474 particula
1519 2437 1552 2468 in
1567 2446 1596 2468 eo
1604 2438 1687 2477 saltu
1699 2439 1849 2481 pastorum
1866 2448 1918 2474 aut
1932 2448 1983 2475 c'u-

1099 2470 1316 2514 Jiodumcaula
1326 2481 1445 2515 aratur,
1456 2487 1489 2508 ea
1505 2487 1615 2509 resnou
1627 2483 1748 2520 peremit
1761 2492 1863 2515 nomen
1870 2484 1980 2523 saltus.

1107 2514 1212 2553 Dixi,
1242 2517 1319 2556 quid
1343 2516 1378 2548 fit
1394 2519 1503 2558 saltus.
1539 2529 1626 2551 nunc
1651 2522 1771 2563 reliqua
1800 2521 1980 2566 persequax-4

1105 2555 1339 2597 Tryphoninus
1361 2558 1532 2600 significat,
1555 2560 1819 2597 usufructuarium
1843 2568 1875 2598 in
1902 2567 1982 2599 salti-

1105 2598 1163 2629 bus
1180 2599 1231 2630 vel
1247 2600 1412 2631 montibus
1430 2601 1645 2642 poss'effionis,
1669 2605 1701 2636 id
1716 2606 1780 2645 est,
1804 2609 1835 2639 in
1853 2608 1978 2641 saltibus

1104 2639 1157 2671 vel
1173 2641 1343 2687 mont-ibus⁶
1361 2640 1473 2682 fundi,
1502 2644 1591 2685 cujus
1611 2644 1844 2681 usumfructum
1862 2649 1980 2690 habet,

1103 2681 1167 2714 five
1183 2682 1225 2712 lbi
1245 2691 1399 2715 v1var1um
1415 2683 1452 2716 iit
1467 2707 1478 2724 ‚
1501 2684 1565 2717 five
1580 2686 1720 2728 nonsit,
1744 2691 1852 2723 venari
1871 2691 1976 2732 poss’e':

1102 2732 1159 2761 ac,
1183 2722 1204 2754 fi
1222 2732 1316 2763 quem
1334 2733 1444 2764 aprum
1460 2733 1516 2758 aut
1528 2730 1660 2761 cervum
1677 2731 1800 2772 capiat,
1823 2742 1889 2765 non
1907 2729 1979 2774 pro·

1105 2765 1209 2811 prium
1230 2765 1353 2796 domini
1370 2788 1380 2805 ‚
1411 2767 1442 2798 id
1471 2767 1517 2799 est
1533 2791 1543 2807 ,
1573 2779 1638 2801 non
1665 2771 1776 2813 utique
1792 2796 1802 2812 ,
1826 2773 1890 2806 five
1912 2776 1978 2807 ndu

1102 2808 1248 2847 temper,
1272 2809 1435 2848 proprium
1458 2809 1581 2842 domini
1597 2820 1724 2852 capere.
1752 2824 1825 2847 nam
1842 2815 1862 2847 fl
1887 2812 1975 2848 viva'-

1102 2849 1182 2895 rium
1202 2856 1267 2895 ¹¹0⁰.
1282 2847 1319 2898 ijt
1335 2850 1367 2880 in
1390 2849 1603 2892 posseffione3
1628 2862 1739 2893 aprum
1756 2864 1810 2888 aut
1825 2850 1975 2895 cervum,

1102 2899 1157 2930 qui
1185 2891 1218 2921 in
1241 2899 1306 2929 ejus
1331 2892 1495 2924 montibus
1519 2901 1573 2925 aut
1597 2893 1726 2928 saltibus
1751 2906 1817 2929 non
1840 2898 1972 2929 circum-

1102 2931 1199 2972 septis
1217 2936 1364 2971 pascatur
1379 2955 1389 2971 ,
1421 2934 1537 2966 nullius
1562 2934 1644 2976 effe3
1666 2945 1859 2978 captumque
1874 2946 1891 2968 a
1908 2937 1973 2968 fru-

1104 2973 1245 3010 ἃιιειι-ἰο,
1268 2973 1335 3013 ejus
1355 2973 1448 3014 fieri,
1478 2985 1543 3008 non
1561 2976 1775 3019 ususfructus,
1797 2979 1848 3010 seu
1865 2978 1971 3017 civili,

1100 3014 1155 3046 sed
1170 3015 1313 3055 gentium
1330 3015 1410 3055 jure.
1432 3018 1520 3057 quod
1542 3016 1565 3050 fi
1589 3019 1742 3052 vivarium
1760 3029 1801 3051 eo
1819 3020 1851 3051 in
1866 3017 1970 3057 fuu‘do

1101 3055 1155 3095 fit;
1179 3059 1210 3087 in
1238 3065 1344 3094 eoque
1369 3058 1493 3090 vivario
1514 3058 1616 3092 feram
1640 3070 1656 3092 a
1673 3061 1804 3093 domino
1820 3059 1972 3094 inclusam

1101 3097 1206 3138 capiat
1224 3096 1428 3131 fructuarius:
1452 3102 1613 3141 propriam
1637 3102 1757 3134 domini
1771 3110 1912 3148 cepere3
1938 3102 1971 3134 &5

1088 3148 1227 3180 'captam
1242 3149 1348 3179 neque
1365 3141 1473 3180 civili,
1496 3151 1603 3183 neque
1616 3144 1776 3183 gentium,
1796 3151 1865 3183 Jure
1883 3141 1969 3175 suam

1099 3180 1233 3214 facere:
1266 3189 1387 3216 tantum
1410 3183 1454 3216 illi
1475 3183 1525 3223 jus
1548 3182 1610 3216 eise
1633 3192 1690 3225 ea,
1705 3182 1796 3225 ‘quafi
1809 3182 1970 3256 fundhin-

1917 3234 1966 3256 ru-

2048 252 2050 280 l

2049 289 2050 308 l
