2036 3495
136 84 208 119 520
733 65 1045 102 GERARnr

142 167 233 194 certe
250 159 391 199 iniquum
406 143 503 194 atq'ue
527 153 694 196 injustum,
716 153 825 185 facere
841 153 901 184 suae
917 161 1010 183 occa·
1050 149 1103 193 jus
1114 151 1160 184 est
1179 152 1341 185 deserendi
1359 159 1428 184 earn
1445 151 1476 184 in
1495 160 1556 194 qua
1574 150 1662 193 quod
1678 153 1819 193 quaessvit
1830 177 1840 194 ,
1855 163 1921 186 non
1973 171 1979 175 ·

1093 62 1327 100 NoonT

141 202 260 236 fionem
276 197 425 231 saevitiae?
447 195 569 228 Verum
586 194 723 226 habeant
739 194 793 226 fibi
812 195 865 235 qui
891 192 931 225 fic
946 193 1010 224 sen·
1052 195 1186 226 invenit.
1585 209 1589 213 ·

142 246 244 281 tiunt,
267 249 315 272 res
337 238 415 269 suae.
438 237 516 268 mihi
534 237 573 268 ad
587 234 744 267 Naturam
765 244 869 267 rerum
881 257 890 273 ,
906 241 942 265 ut
958 235 1013 265 de-

144 293 216 322 cet,
239 277 416 312 attendenti
432 277 555 318 semper
571 276 669 308 visum
686 275 749 312 est,
772 285 842 308 eam
860 284 924 307 non
940 284 1014 306 cum

143 323 251 366 paucis
268 321 424 352 honorem
441 317 572 351 rationis
586 316 850 349 communicaffe:
874 326 940 358 quo
957 325 1016 347 cae-

121 384 123 386 v
145 365 220 396 teris
236 358 361 394 necess'e
378 357 474 398 esset,
497 359 557 391 illis
581 359 614 391 in
637 359 704 389 veri
725 358 932 400 inquisitione
947 366 1015 389 cre·

143 406 237 437 dere:
253 402 304 434 sed
316 408 351 431 ut
364 400 419 431 suo
434 400 569 441 quisque
579 400 700 440 Judicio
715 407 877 437 uteretur,
892 399 1016 431 ratione

144 453 256 478 omnes
279 440 474 474 instruxisse:
497 450 557 474 nec
581 449 644 472 tam
664 442 846 481 proximum
864 441 940 481 quid
955 439 1016 471 effe

143 485 305 526 aequitati,
329 492 423 523 quam
439 491 600 524 quemque
626 491 695 523 quae
724 481 779 514 fibi
796 483 957 520 vindicat,
981 490 1018 512 ea

144 527 212 559 aliis
227 534 293 558 non
307 524 497 565 abjudicare.
520 524 601 555 fecit
611 523 695 555 enim
708 522 829 555 Natura
845 532 936 563 pares
951 523 1017 562 qui-

144 569 204 600 bus
220 566 349 599 easdem
372 566 460 597 dedit
475 564 665 597 facultates:
689 574 750 596 nec
766 564 869 605 posuit
885 564 1020 595 alterum

144 609 273 641 alterius
289 607 418 639 utilitati
431 608 589 647 Judicem:
607 615 675 647 quae
693 606 827 637 alterum
843 605 932 637 alteri
953 605 1019 636 nul·

143 651 212 684 lum
234 648 386 690 praetulit.
410 657 506 688 quare
528 646 550 679 fi
569 655 603 678 tu
621 651 686 686 vis,
710 648 750 678 de
767 654 820 678 tua
844 646 941 677 salute
964 654 1021 676 tuo

146 693 194 725 uti
215 690 358 732 iudici03
379 690 427 730 Jus
449 688 512 721 est:
539 689 613 721 dum
636 688 713 720 mihi
737 689 850 727 liceat,
871 688 911 718 de
928 696 1020 725 mea,

148 734 236 775 quod
252 731 329 764 mihi
344 732 489 769 videtur,
505 729 661 762 statuere:
677 737 729 760 aut
745 729 765 761 fi
783 738 815 761 tu
832 729 878 761 vis
892 729 933 760 de
952 737 1022 760 mea

146 774 255 807 sedere
268 773 384 814 Judex:
401 781 509 803 nonne
520 780 582 812 ego
598 771 730 803 viciffim
746 772 786 801 de
805 778 857 802 tua
873 770 1021 802 tabellam

147 814 341 848 demittam?
363 813 425 845 Sed
442 813 504 844 huc
523 812 718 851 delabimur,
734 819 768 843 ut
785 813 816 844 in
832 812 927 843 rebus
944 811 1023 843 divi-

147 859 197 891 nis
212 857 314 888 homo
331 855 370 886 ab
386 855 518 886 homine
534 853 616 886 liber
634 852 691 894 sit;
706 853 850 894 alterque
867 853 1000 884 alterum
1012 875 1022 890 ,

147 898 170 932 fi
185 905 289 936 erret,
313 896 449 928 comiter
467 904 619 934 monere,
642 895 671 926 ἀ
695 895 893 936 benignitate
916 894 1024 925 arnicae

147 939 292 972 suasionis
307 946 462 970 revocare
478 938 508 968 in
525 937 609 968 viam
626 936 738 976 possit,
753 935 914 967 relietailli
932 935 1023 966 liber-

150 989 217 1013 tate
233 979 374 1012 faciendi
391 979 479 1020 quod
497 987 537 1009 ex
552 977 617 1018 ejus
635 977 688 1008 usu
701 976 754 1009 fit:
779 985 929 1008 caeterum
946 977 1023 1007 invi-

148 1030 185 1054 to
200 1022 379 1062 exprimere
401 1019 589 1061 religionem
607 1020 700 1051 armis
716 1020 883 1058 poenisque
906 1026 1024 1056 neque-

149 1072 198 1096 at:
223 1064 297 1104 quia
315 1062 479 1094 hominem
500 1060 623 1092 homini
639 1059 803 1101 prodesse,
827 1060 874 1090 fas
895 1059 940 1090 est
959 1058 1025 1090 Na-

150 1114 227 1138 turae
245 1106 337 1146 lege;
360 1102 492 1135 officere
509 1110 546 1132 ac
562 1110 702 1140 nocere,
727 1100 878 1142 flagitium
895 1099 951 1132 est.

190 1146 254 1178 Sed
268 1144 537 1185 quemadmodum
558 1143 635 1174 nulli
648 1142 715 1183 jus,
738 1142 779 1174 fic
797 1150 858 1174 nec
875 1141 963 1172 causa
977 1140 1022 1172 est

150 1189 203 1221 alii
219 1185 441 1229 praescribendi
458 1184 628 1216 formulam
640 1183 802 1224 religionis
818 1192 912 1223 quam
929 1183 1022 1220 nolit,

150 1238 206 1262 aut
229 1227 424 1271 prohibendi
451 1234 546 1266 quam
562 1225 661 1256 velit:
684 1224 755 1264 nifi,
778 1224 1023 1256 Bacchanalium

148 1280 240 1303 more
251 1294 259 1306 ,
272 1269 311 1301 ad
327 1267 514 1300 turbandam
530 1266 657 1298 humani
673 1265 796 1306 generis
814 1266 954 1306 quietem
967 1264 1023 1296 fal-

150 1312 189 1346 fis
208 1310 397 1342 testimoniis
413 1332 423 1346 ,
448 1308 549 1347 dolis,
572 1307 731 1346 caedibus,
753 1306 868 1346 furtis,
892 1307 1021 1347 stupris,

150 1353 313 1386 adulteriis
338 1349 512 1393 grassetur:
536 1348 592 1380 nisi
608 1371 618 1387 ,
641 1357 710 1388 quae
735 1348 902 1380 Poenorum
916 1369 926 1385 ,
948 1347 1023 1378 alio-

150 1403 286 1435 rumque
300 1393 478 1425 immanitas
494 1390 572 1428 fuit,
589 1390 675 1430 pacis
691 1389 807 1421 divinae
821 1388 911 1420 causa
930 1389 1022 1420 vivos

150 1436 298 1469 immolet
322 1433 495 1465 homines:
519 1440 577 1471 pro
602 1439 737 1471 quorum
761 1430 858 1462 salute
881 1430 1021 1469 alioquin

150 1478 238 1509 votis
249 1476 355 1507 Deum
370 1474 548 1514 fatigamus.
575 1472 652 1511 quid
670 1472 754 1503 enim
771 1472 870 1512 magis
885 1480 1021 1512 congru-

151 1519 177 1551 it
192 1517 324 1550 Naturae
341 1516 404 1555 legi
420 1523 480 1554 qua
492 1513 590 1544 divini
608 1521 644 1543 ac
660 1512 786 1544 humani
803 1512 878 1553 juris
896 1514 1025 1552 conjun-

152 1559 216 1592 ctio
235 1556 399 1593 censetur,
423 1563 516 1595 quam
534 1554 699 1585 hominem
718 1554 840 1586 homini
866 1553 1025 1585 succurre-

150 1610 204 1639 re,
221 1599 251 1631 &
266 1597 355 1630 omni
373 1597 403 1628 vi
422 1595 613 1636 prohibere;
628 1603 667 1627 ne
685 1595 782 1637 magis
798 1604 906 1627 errore
923 1594 1026 1635 super-

150 1640 303 1678 stitionis,
320 1647 413 1679 quam
428 1637 506 1669 dolo
524 1636 553 1667 δι
564 1635 679 1668 scelere
695 1635 865 1675 spolietur,
881 1644 1026 1676 torquea-

151 1689 221 1721 tur,
234 1680 394 1723 juguletur
411 1677 594 1710 innocens?
610 1676 673 1709 Sed
688 1677 709 1709 fi
725 1678 804 1710 nihil
821 1678 882 1709 tale
896 1677 951 1716 fit;
966 1677 1024 1708 ob-

151 1723 259 1761 secr-0,
284 1730 377 1763 quam
395 1720 507 1753 reddas
525 1717 665 1758 causam,
690 1727 756 1760 quo
772 1719 876 1751 minus
893 1725 944 1750 eat
959 1719 1023 1750 ani-

150 1773 221 1798 mus
238 1764 337 1801 liber,
353 1771 413 1803 qua
430 1761 527 1800 velit,
544 1759 652 1792 semita
668 1761 706 1792 ad
723 1760 820 1792 finem
839 1760 1025 1792 bonorum?

150 1813 274 1839 auteur
290 1804 397 1837 obstes
413 1803 479 1844 ejus
501 1801 565 1843 spei
581 1810 619 1833 ac
637 1802 832 1842 prudentiae,
857 1810 962 1841 neque
989 1802 1025 1832 ti—

150 1848 205 1887 bi,
227 1855 334 1887 neque
358 1845 424 1877 aliis
447 1842 630 1876 damnosae?
653 1844 728 1883 quin
755 1850 787 1874 tu
802 1865 812 1881 ,
834 1842 855 1874 si
873 1852 946 1873 vera
963 1841 1026 1881 est,

150 1896 261 1922 utere:
286 1888 328 1920 sin
354 1885 447 1924 falsa,
471 1885 598 1926 neglige
614 1908 623 1923 ,
649 1892 702 1916 aut
724 1885 808 1916 ride:
833 1892 1028 1924 utcumque,

154 1931 233 1971 quid
249 1937 280 1961 te
296 1930 407 1970 cogit,
424 1934 533 1958 vetare
550 1926 760 1967 religionem3
777 1925 828 1956 ubi
846 1925 942 1957 habet
958 1934 1028 1956 cau·

153 1971 243 2004 sam?
259 1971 336 2011 quid
354 1969 494 2010 patitur3
509 1976 582 1999 cum
598 1976 663 1998 non
678 1966 800 1998 habet?
817 1966 862 1998 est
877 1967 960 1998 enim
977 1976 1028 1998 res

154 2013 250 2045 animi
273 2012 304 2044 ὅτ,
327 2010 522 2044 intellectus:
546 2017 608 2049 qua
629 2008 708 2040 nihil
731 2008 797 2039 aliis
821 2006 952 2047 seritur,
975 2015 1029 2039 aut

150 2054 300 2087 metitur:
325 2060 447 2084 tanturn
471 2051 606 2082 vertitur
631 2049 840 2082 commodum
858 2049 887 2080 &
906 2049 1029 2090 pericu·

153 2096 220 2128 lum
235 2095 302 2134 ejus
318 2095 370 2135 qui
387 2102 424 2124 ea
438 2092 556 2124 utitur:
573 2090 721 2132 potestne
738 2099 816 2122 vero
831 2089 894 2122 fine
911 2090 1029 2122 rubore

153 2138 203 2169 vir
217 2136 342 2174 bonus,
358 2134 497 2171 sanans,
513 2132 695 2173 religiosus,
710 2130 878 2178 modestus·
889 2132 1030 2172 denique

153 2177 243 2210 suum
257 2177 306 2217 ius
325 2185 389 2208 non
405 2175 536 2208 libidine
547 2175 577 2206 ὅτ.
592 2174 730 2212 viribus,
752 2172 804 2205 sed
821 2180 944 2205 ratione
963 2182 1030 2205 me-

154 2218 208 2252 tiri
222 2218 353 2255 solitus,
377 2217 458 2248 adeo
478 2216 603 2247 malitiae
625 2224 680 2247 aut
702 2215 828 2247 invidiae
844 2214 1028 2255 indulgere,

153 2267 191 2293 ut
204 2268 299 2302 quam
318 2257 440 2291 Natura
459 2257 577 2298 cuique
602 2257 691 2288 dedit
707 2256 889 2289 libertatem
907 2256 957 2288 alii
972 2255 1029 2287 eri·

155 2311 234 2344 pere
257 2307 312 2332 aut
337 2300 484 2331 accidere
507 2296 698 2339 praesumat;
724 2297 745 2329 fi
767 2298 869 2329 nullus
893 2297 968 2329 inde
990 2296 1029 2328 ad

155 2352 229 2375 eum
246 2342 355 2374 redeat
371 2340 512 2378 fruCtus,
526 2347 623 2379 atque
638 2340 668 2370 in
685 2338 778 2379 ipsius
797 2338 1029 2370 commoditate

154 2383 317 2416 subsistat?
341 2382 418 2414 Non
436 2382 531 2423 igitur
546 2380 591 2412 est
613 2381 761 2420 cuiquam
785 2380 834 2421 jus
850 2387 904 2412 aut
920 2379 1029 2418 causa,

155 2425 357 2458 intercedere
372 2424 501 2455 alterius
517 2422 609 2454 sacris
626 2423 665 2453 ad
680 2421 709 2453 se
724 2422 868 2463 aliosque
885 2430 949 2453 non
961 2430 1030 2460 per-

156 2466 344 2498 tinentibus.
367 2473 479 2497 contra
489 2463 533 2495 est
548 2463 598 2495 sua
612 2463 728 2504 cuique
743 2463 844 2501 ratio,
859 2463 945 2495 suum
960 2462 1028 2502 jus,

156 2516 224 2540 non
239 2507 340 2545 aliud,
364 2515 458 2548 quam
476 2505 564 2546 quod
579 2505 759 2545 putaverit,
774 2504 904 2536 colere:
920 2513 981 2536 nec
999 2503 1030 2535 se

157 2548 251 2581 alicui
267 2547 354 2579 settae
365 2571 374 2587 ,
390 2546 445 2579 nisi
461 2547 515 2578 suo
533 2546 702 2584 consensu,
720 2546 877 2578 addicere.
899 2546 958 2578 alia
973 2545 1029 2576 im·

157 2589 367 2632 prudentibus
400 2588 586 2620 obveniant.
619 2587 763 2628 quaedam
791 2587 898 2619 invitis
921 2594 1031 2618 extor-

155 2638 314 2673 queantur
331 2630 362 2661 in
379 2630 531 2671 religione
547 2638 616 2670 quae
637 2628 698 2660 Dei
722 2629 752 2660 &
771 2628 936 2660 hominum
954 2636 1031 2659 con-

154 2672 322 2714 iunctione
337 2669 454 2708 finitur,
465 2679 528 2702 non
540 2671 668 2712 probari
680 2669 786 2711 potest
796 2670 884 2710 quod
894 2669 1031 2710 cogitur.

197 2712 271 2745 Nec
289 2711 394 2744 minor
413 2711 457 2742 est
474 2711 653 2744 discedendi
669 2712 709 2743 ab
727 2711 845 2750 eiecta,
861 2720 955 2752 quam
970 2709 1032 2741 fuit

156 2753 198 2787 ad
213 2762 282 2786 eam
298 2752 492 2791 accedendi,
509 2753 647 2785 libertas.
669 2754 739 2794 quis
755 2753 839 2784 enim
858 2751 903 2784 est
921 2753 1033 2793 dignus

156 2795 312 2827 societate
323 2793 422 2825 divini
439 2792 586 2825 foederis:
603 2803 675 2826 cum
685 2795 752 2835 ejus
768 2794 949 2834 Principem
967 2802 1032 2824 non

157 2844 243 2869 amat
258 2836 408 2874 fortiter,
431 2842 491 2865 nec
507 2834 586 2865 ultra
603 2836 700 2867 verba
718 2835 763 2867 est
777 2837 915 2867 devotus
934 2833 1033 2867 numi-

157 2879 190 2911 ni
206 2876 422 2919 majestatique
440 2875 532 2915 ejus?
555 2874 608 2907 sed
631 2886 691 2907 nec
710 2877 854 2918 iniquum
872 2875 936 2915 est,
959 2885 1033 2908 eum

158 2921 211 2961 qui
228 2918 305 2951 boni
323 2917 366 2950 sui
383 2917 500 2959 gratia,
524 2915 554 2947 &
572 2917 700 2956 quidem
722 2917 831 2950 summi
847 2926 944 2957 atque
961 2915 1031 2948 infi-

156 2961 239 3001 niti,
260 2959 355 2992 alicui
378 2958 407 2990 se
431 2956 569 2998 applicat
587 2956 695 2997 setiae,
717 2961 856 2991 retinere
873 2959 1033 3000 inquiren·

156 3003 189 3034 di
212 3003 277 3034 veri
300 3000 498 3033 facultatem.
529 3007 594 3029 non
613 2999 696 3030 enirn
713 2999 757 3031 est
777 3000 865 3032 sectae
883 3010 1031 3033 reveren-

156 3046 219 3084 tia,
242 3042 298 3075 nifi
314 3041 445 3075 fastioni
463 3039 643 3078 studemus,
665 3041 897 3080 conjunctionis
922 3040 1030 3079 causa3

155 3087 210 3119 sed
233 3083 460 3125 opportunitas
486 3080 672 3113 inveniendi
695 3080 772 3112 boni
799 3083 885 3122 quod
911 3092 975 3123 prae
999 3081 1030 3114 se

156 3127 222 3160 fert
240 3126 329 3158 festa.
353 3134 390 3157 ea
406 3124 473 3166 spes
488 3131 561 3154 cum
577 3122 687 3160 durat,
707 3123 826 3153 retinet
841 3132 913 3154 eum
930 3125 961 3154 in
982 3123 1028 3155 so-

155 3170 274 3203 cietate
300 3167 382 3200 ratio
407 3174 477 3208 quae
502 3162 636 3197 induxit.
659 3163 747 3204 quod
769 3162 792 3195 fi
815 3163 877 3196 effe
899 3164 1026 3204 definit;

1096 233 1168 266 Nec
1193 242 1299 267 tamen
1320 234 1351 266 id
1373 234 1494 273 efficit,
1517 242 1551 265 ut
1568 233 1621 274 qui
1639 232 1668 265 se
1686 234 1833 275 religioso
1849 236 1925 267 inie-

1057 275 1098 307 rit
1113 277 1263 316 corpori,
1286 276 1356 307 suos
1371 285 1497 312 mores,
1522 275 1669 315 suamque
1688 275 1783 306 vitam
1798 275 1850 307 suo
1867 276 1924 307 sin-

1058 325 1111 357 gat
1134 317 1273 358 ingenio.
1318 316 1415 348 Absit.
1446 326 1509 348 non
1528 315 1671 347 favemus
1689 316 1843 347 licemiae:
1864 327 1925 348 nec

1059 360 1168 390 damus
1181 361 1228 398 J'us
1246 357 1353 389 sceleri
1370 366 1423 389 aut
1443 358 1565 389 libidini
1583 359 1640 397 pei·
1656 356 1777 388 causam
1804 358 1928 389 liberta-

1060 398 1099 430 tis
1114 408 1207 439 quam
1223 408 1307 430 amet
1325 399 1388 430 Dei
1404 400 1520 431 cultus.
1552 398 1709 437 fatemur,
1726 397 1851 430 necess'e
1866 399 1928 430 ess'e

1059 440 1185 471 intranti
1204 440 1375 479 heteriam,
1399 442 1508 472 vivere
1525 441 1562 472 ad
1578 439 1765 476 formulam,
1789 440 1819 472 in
1836 448 1930 479 quam

1060 490 1098 512 ea
1121 482 1277 520 probabili
1299 483 1420 513 ratione
1443 481 1609 513 consensit.
1636 490 1705 520 quae
1723 481 1808 512 enim
1826 480 1931 521 potest

1058 521 1122 553 sine
1139 522 1208 563 lege
1223 531 1260 553 ac
1273 522 1433 562 disciplina
1445 522 1560 554 florere
1576 530 1627 553 aut
1639 522 1742 554 stare?
1757 521 1851 552 nulla.
1867 530 1930 553 ma-

1061 564 1148 594 xime
1166 572 1243 593 vero
1264 564 1359 594 decet
1381 573 1449 595 eam
1469 573 1541 604 quae
1558 565 1713 604 pudorem
1730 573 1766 594 ac
1777 564 1929 603 pietatem

1064 602 1252 645 profitetur,
1274 612 1367 644 quam
1385 612 1481 637 vocat
1498 606 1675 637 libertatem
1696 607 1813 636 virtute
1831 604 1860 636 ὅ(
1877 604 1932 635 ho-

1063 644 1184 677 nestate
1200 645 1467 678 circumscribere.

1105 685 1307 729 Quamquam
1330 696 1402 719 cum
1426 689 1491 728 ejus
1516 686 1587 719 finis
1610 687 1664 727 fit,
1690 696 1755 719 non
1783 694 1874 718 terra:
1896 696 1933 719 ac

1063 736 1156 760 maris
1175 736 1255 766 opes
1273 730 1461 767 corradere,
1485 738 1538 760 aut
1561 729 1736 761 ambitione
1753 728 1783 760 &
1800 727 1936 768 potesta-

1064 777 1097 800 te
1115 768 1231 807 inflari,
1256 768 1467 808 invalescere,
1484 770 1660 811 insurgere3
1677 770 1729 802 sed
1745 777 1885 801 mentem
1904 779 1936 801 e-

1065 811 1235 848 mendare,
1251 818 1357 851 eoque
1373 811 1488 842 divinae
1505 811 1590 851 spem
1607 812 1708 852 pacis,
1734 820 1771 843 ac
1786 810 1939 843 summam

1066 859 1161 891 atque
1177 858 1326 883 aeternam
1343 852 1489 883 invenire
1504 851 1710 884 felicitatem:
1727 862 1791 884 non
1808 852 1874 884 aliis
1890 853 1938 884 uti

1068 894 1164 925 debet
1181 893 1298 931 initiis3
1320 901 1413 933 quam
1433 893 1546 933 quibus
1570 894 1716 935 conjungi
1741 893 1838 933 Deo,
1861 895 1940 933 eius-

1068 944 1129 973 que
1155 934 1252 965 fidem
1277 941 1374 973 atque
1397 934 1568 966 amicitiam
1593 933 1715 974 sperare
1737 936 1805 976 jure
1834 935 1940 976 possit.

1067 976 1166 1018 Quod
1184 984 1257 1006 cum
1274 975 1447 1007 voluntatis
1465 983 1561 1016 atque
1578 976 1671 1007 animi
1687 976 1739 1016 fit3
1764 977 1858 1017 longe
1873 976 1943 1016 est,

1065 1026 1101 1048 ut
1125 1017 1164 1048 ad
1188 1020 1253 1047 vim
1278 1025 1374 1056 atque
1403 1017 1571 1057 imperium
1597 1016 1735 1058 spectare
1761 1017 1941 1058 disciplina,

1067 1067 1120 1089 aut
1137 1058 1257 1089 domini
1276 1057 1473 1097 supercilium
1490 1057 1631 1096 sumere,
1653 1066 1706 1089 aut
1722 1059 1883 1090 avaritiam
1901 1068 1939 1090 ac

1066 1099 1219 1130 saevitiam
1242 1098 1354 1139 spirare
1376 1099 1503 1131 debeat.
1550 1099 1632 1131 Mihi
1649 1101 1877 1133 credite:,non
1895 1099 1940 1133 est

1066 1140 1212 1181 superbia
1242 1148 1338 1180 atque
1370 1141 1539 1173 atrocitate
1565 1150 1644 1181 opus
1662 1152 1670 1173 ε
1701 1150 1761 1172 nec
1786 1150 1936 1180 carcere,

1067 1183 1271 1218 verberibus,
1287 1182 1449 1218 cruciatu,
1466 1183 1573 1221 caede,
1591 1183 1620 1213 vi
1636 1182 1672 1214 fit
1690 1184 1846 1214 voluntas.
1869 1192 1941 1214 cau-

1066 1223 1103 1255 fis
1119 1224 1240 1264 agenda
1254 1232 1303 1254 res
1319 1222 1373 1254 est.
1398 1223 1446 1254 his
1463 1231 1630 1261 movetur,
1651 1223 1698 1255 his
1717 1224 1866 1255 delinitur
1877 1225 1942 1255 ani-

1067 1273 1136 1296 mus
1152 1265 1205 1303 qui
1225 1264 1388 1296 hominem
1405 1264 1480 1295 Deo
1494 1266 1655 1296 conciliat.
1681 1274 1750 1304 quae
1768 1266 1940 1296 crudelitas

1066 1306 1190 1337 invenit
1215 1313 1376 1336 tormenta
1391 1328 1402 1345 ,
1433 1314 1551 1346 corpus
1577 1306 1691 1337 dolore
1715 1314 1853 1345 vexant,
1876 1308 1943 1338 ani-

1067 1356 1152 1378 mum
1172 1356 1235 1378 non
1254 1354 1395 1385 mutant3
1410 1356 1471 1378 nec
1487 1348 1525 1378 ad
1540 1347 1727 1387 religionem
1746 1347 1941 1386 conferunt,

1066 1396 1182 1430 praeter
1199 1387 1362 1419 mendacia
1385 1387 1415 1419 ὅ(
1433 1386 1578 1420 fraudes:
1604 1389 1719 1429 quibus
1737 1390 1873 1428 placari,
1898 1398 1938 1420 an

1065 1429 1170 1469 decipi
1195 1437 1291 1469 atquc
1312 1429 1395 1460 eludi
1418 1427 1481 1460 Dei
1499 1429 1709 1470 majestatem,
1734 1429 1754 1461 si
1772 1438 1939 1470 putemus:

1067 1480 1200 1508 vereor,
1226 1480 1266 1502 ne
1285 1478 1348 1501 tam
1362 1479 1476 1502 vanum
1495 1470 1610 1508 fuerit,
1635 1479 1730 1509 quam
1748 1472 1891 1511 impium.

1107 1510 1221 1542 Omnis
1246 1512 1340 1551 igitur
1364 1511 1516 1551 religiosae
1533 1513 1577 1543 vis
1594 1512 1847 1552 conjunctionis,
1872 1521 1942 1545 om-

1068 1553 1116 1585 nis
1136 1553 1323 1591 aufimritas,
1340 1552 1470 1584 lenitate
1487 1552 1626 1592 consilii,
1643 1552 1808 1592 suasionis,
1824 1553 1944 1586 doctri·

1071 1604 1120 1626 nae
1138 1595 1334 1625 terminatur.
1352 1603 1387 1625 ea
1404 1593 1424 1624 fi
1443 1593 1543 1625 inanis
1560 1593 1596 1625 fit
1610 1616 1619 1632 ,
1635 1603 1696 1625 nec
1713 1596 1819 1626 demat
1835 1595 1946 1627 animo

1071 1636 1194 1667 labem:
1219 1634 1366 1666 abscedat
1381 1644 1398 1666 a
1420 1633 1573 1666 societate
1590 1638 1793 1667 contumacia
1808 1645 1872 1668 non
1888 1645 1942 1668 au-

1069 1677 1185 1709 dientis
1200 1684 1359 1717 praecepta
1374 1676 1514 1709 rationis.
1545 1676 1618 1716 Illa,
1634 1677 1686 1708 illa
1702 1676 1764 1715 est,
1787 1678 1812 1709 A
1823 1677 1867 1715 A,
1893 1687 1941 1710 re-

1071 1717 1187 1760 ligiosae
1204 1717 1342 1757 potestas
1356 1716 1583 1757 fraternitatis;
1605 1718 1656 1750 illa
1667 1718 1744 1758 justa
1754 1719 1781 1750 ἃ
1792 1720 1943 1757 probabi-

1068 1760 1105 1792 lis
1122 1758 1292 1791 coercitio.
1325 1759 1405 1790 ultra
1421 1761 1580 1791 excedere
1595 1761 1725 1800 nequit3
1749 1760 1812 1792 huc
1827 1770 1941 1802 perve-

1068 1801 1136 1832 nire
1161 1799 1283 1839 potest:
1306 1799 1466 1832 refistente
1490 1809 1599 1832 natura
1622 1802 1792 1833 voluntarii
1809 1802 1940 1834 consor-

1069 1843 1124 1880 tii,
1140 1842 1301 1873 utinvitos
1318 1849 1436 1872 teneat.
1461 1843 1572 1882 utique
1585 1841 1664 1874 ficut
1673 1844 1801 1883 privatis
1817 1842 1864 1875 fas
1875 1842 1943 1882 est,

1069 1883 1225 1916 accedere
1242 1891 1295 1913 aut
1311 1883 1491 1915 renuntiare
1514 1883 1684 1925 disciplinae
1702 1893 1794 1924 quam
1812 1884 1864 1916 sibi
1882 1885 1943 1916 uti-

1073 1926 1134 1957 lem
1149 1933 1203 1956 aut
1223 1924 1367 1956 inutilem
1384 1924 1595 1957 arbitrentur:
1618 1924 1659 1957 fic
1674 1925 1750 1965 quid
1766 1935 1872 1965 vetat,
1894 1926 1944 1966 ip-

1071 1965 1133 1998 sam
1151 1966 1215 2006 pari
1233 1965 1279 1997 uti
1294 1965 1382 2006 Jure3
1399 1965 1473 1997 dum
1491 1975 1531 1997 ne
1547 1967 1575 1997 ei
1593 1975 1688 2006 quern
1704 1966 1873 1998 admittere
1887 1975 1944 1998 aut:

1071 2008 1209 2040 retinere
1225 2005 1364 2046 recusat,
1388 2006 1490 2046 legem
1507 2008 1655 2038 odiorum
1673 2007 1819 2039 indicat?
1841 2007 1896 2039 etsi
1912 2017 1946 2038 e·

1071 2050 1136 2081 nim
1148 2051 1200 2088 qui
1218 2048 1247 2079 in
1266 2055 1372 2089 partes
1388 2056 1483 2086 eunt,
1499 2057 1594 2088 rupto
1609 2048 1779 2089 disciplinae
1792 2049 1944 2086 vinculo,

1072 2089 1213 2122 desinant
1229 2089 1295 2129 eJus
1310 2089 1441 2120 nomine
1459 2089 1488 2120 ἃ
1504 2089 1572 2129 jure
1587 2089 1753 2131 conjungi:
1772 2097 1876 2122 tamen
1897 2090 1944 2122 nil

1071 2131 1135 2168 est,
1162 2140 1218 2162 cur
1234 2130 1329 2169 ideo,
1352 2130 1440 2170 quod
1462 2139 1526 2161 non
1543 2129 1600 2162 fint
1616 2131 1757 2170 ejusdem
1774 2132 1945 2172 populares

1070 2172 1238 2210 factionis,
1254 2180 1364 2211 parum
1381 2171 1525 2204 homines
1543 2171 1604 2203 effe
1620 2172 1858 2213 intelligantur3
1882 2181 1944 2204 nec

1067 2214 1131 2254 jam
1153 2213 1307 2244 societate
1333 2212 1461 2244 humani
1477 2213 1551 2251 juris
1575 2213 1744 2245 contineri.
1768 2223 1841 2246 cum
1858 2214 1944 2246 enim

1071 2255 1219 2287 naturalis
1231 2254 1312 2285 ratio
1322 2277 1331 2292 ,
1343 2261 1501 2294 tamquam
1513 2255 1609 2285 tacita
1618 2255 1760 2294 quaedarn
1771 2255 1839 2292 lex,
1859 2263 1946 2287 tuea-

1071 2304 1122 2328 tur
1147 2295 1280 2327 cunstos
1297 2295 1348 2336 qui
1365 2304 1538 2335 numquam
1562 2296 1592 2327 in
1610 2304 1703 2328 unam
1718 2295 1944 2328 consenserunt

1070 2337 1280 2378 religionem
1303 2345 1359 2368 cur
1376 2345 1537 2377 tamquam
1553 2337 1632 2369 viles
1645 2337 1791 2379 negligat
1815 2347 1870 2370 eos
1889 2337 1944 2378 qui

1072 2378 1230 2411 desierunt
1245 2377 1451 2410 consentire?
1473 2378 1567 2409 liceat
1590 2378 1667 2410 mihi
1684 2388 1757 2411 cum
1773 2378 1873 2411 vestra
1889 2388 1942 2410 ve-

1071 2421 1143 2459 nia,
1165 2419 1186 2452 fi
1203 2420 1256 2460 qui
1272 2419 1365 2451 aliter
1385 2418 1554 2459 censeant,
1578 2420 1775 2460 proclamare
1791 2420 1873 2458 quasi
1889 2429 1944 2461 pu-

1071 2462 1153 2493 blica
1164 2461 1288 2503 generis
1303 2460 1430 2492 humani
1442 2470 1543 2492 voce:
1559 2461 1580 2492 si
1591 2461 1643 2501 qui
1655 2462 1773 2500 velint,
1789 2462 1843 2494 sibi
1857 2470 1945 2493 com-

1072 2512 1167 2535 mune
1179 2503 1227 2543 Jus
1242 2501 1305 2533 effe
1329 2510 1401 2533 cum
1419 2501 1468 2532 his
1489 2503 1542 2541 qui
1560 2505 1671 2534 eadem
1688 2511 1884 2535 concurrunt
1900 2501 1944 2533 se-

1074 2544 1142 2583 aa,
1166 2553 1238 2575 cum
1254 2543 1322 2575 aliis
1338 2543 1461 2581 nolint;
1485 2543 1514 2575 ἀ
1535 2543 1616 2575 hanc
1633 2546 1832 2584 praetendant
1849 2543 1944 2576 avari-

1075 2587 1146 2625 tiae,
1161 2584 1358 2622 crudelitati,
1374 2593 1412 2616 ac
1429 2585 1599 2616 temeritati
1619 2585 1758 2617 causam:
1781 2595 1836 2617 eos
1852 2585 1896 2617 nil
1914 2594 1944 2616 a·

1073 2637 1150 2668 gere
1177 2635 1389 2667 magnopere,
1412 2625 1468 2657 nifi
1485 2632 1520 2657 ut
1545 2625 1715 2666 disciplinae
1731 2636 1768 2658 ac
1784 2627 1945 2668 religionis

1073 2668 1211 2709 imagine
1228 2667 1356 2699 deleant
1374 2667 1571 2706 bonitatem,
1585 2667 1731 2707 justitiam
1744 2692 1753 2707 ,
1769 2669 1945 2709 pudorem,

1074 2709 1189 2748 fidem,
1209 2709 1238 2740 &
1255 2716 1371 2740 caetera
1385 2709 1501 2749 quibus
1518 2708 1595 2740 salus
1615 2709 1741 2741 humani
1760 2710 1884 2751 generis
1899 2708 1944 2739 su-

1074 2752 1227 2790 stinetur3
1243 2759 1303 2781 nec
1320 2751 1422 2782 minus
1438 2750 1526 2790 impii
1542 2750 1691 2782 adversus
1710 2750 1835 2789 Deum,
1851 2757 1946 2791 quam

1076 2792 1265 2824 scelerati&
1283 2790 1395 2823 nefarii
1419 2792 1565 2823 adversus
1590 2791 1735 2823 homines
1760 2792 1944 2823 videantur:

1075 2835 1149 2874 quia
1174 2832 1380 2865 constitutam
1402 2831 1533 2864 Natutae
1558 2833 1630 2874 lege
1653 2842 1690 2864 ac
1713 2833 1817 2865 divina
1840 2830 1946 2873 provi-

1075 2875 1184 2907 dentia
1201 2875 1285 2906 inter
1303 2874 1450 2906 homines
1465 2876 1694 2916 cognationem
1705 2897 1714 2913 ,
1729 2873 1793 2907 sine
1806 2874 1874 2914 jure
1890 2878 1944 2903 aut

1075 2916 1165 2948 causa
1182 2923 1343 2947 evertunt.
1866 2929 1868 2934 x

1115 2960 1156 2989 At
1176 2956 1254 2989 sicut
1271 2957 1303 2988 in
1322 2954 1451 2988 Naturae
1468 2956 1567 2994 statu,
1590 2957 1732 2989 nondum
1749 2953 1884 2987 inventis
1898 2952 1942 2984 le*

1074 3000 1165 3041 gibus
1177 3022 1185 3036 ‚
1201 3007 1262 3029 nec
1277 2997 1453 3030 constituto
1466 2998 1647 3037 civilijure‚
1664 2998 1737 3029 nulli
1749 2995 1794 3027 fas
1804 2993 1847 3025 est
1856 3002 1943 3024 mor-

1076 3042 1148 3080 tali,
1167 3040 1354 3075 sententiam
1369 3039 1453 3071 ferre
1469 3038 1615 3077 deDeo,
1631 3040 1735 3078 deque
1752 3036 1816 3074 eius
1832 3033 1941 3080 cultu3

1076 3082 1106 3114 &
1133 3090 1358 3114 contumacem
1382 3081 1488 3119 bello,
1513 3080 1569 3119 vi,
1592 3079 1684 3111 armis
1707 3079 1875 3106 coercere:
1899 3082 1943 3105 ita

1075 3133 1140 3163 quo
1158 3124 1225 3163 jure
1242 3130 1296 3154 aut
1314 3123 1426 3154 colore
1447 3128 1556 3163 petat,
1574 3122 1604 3151 in
1622 3117 1779 3155 republica
1798 3115 1879 3146 suam
1898 3124 1945 3147 es-

1073 3165 1104 3198 se
1128 3166 1211 3198 hanc
1233 3164 1397 3205 judicandi
1421 3172 1458 3194 ac
1482 3161 1633 3204 puniendi
1654 3155 1946 3237 facultatemcggisni
