2036 3495
589 87 653 124 An
680 88 774 126 Lin-
809 87 922 125 XVH.
952 89 1052 127 T1·i·.
1087 88 1130 126 Π,
1168 90 1331 138 Prosocfo.

61 179 137 213 Socii
150 180 206 211 mei
213 177 328 220 fimitis,
352 187 429 210 meur
443 178 542 225 socius
561 187 617 210 non
640 175 687 218 est.
705 177 766 209 Sed
779 186 931 223 apparet,

64 232 136 253 cuin
154 231 217 261 quo
237 223 296 252 crit
311 229 369 261 pro
387 221 474 252 socio
485 221 584 257 aetio,
596 228 668 250 cum
680 228 719 249 eo
736 228 851 250 coitam
869 220 931 251 effe

64 263 248 294 societatem
276 270 438 301 oportere.
485 260 591 294 Unum
617 261 818 294 notandum:
845 264 929 301 quod

65 304 186 336 Praeior
198 327 206 343 ,
230 312 301 334 cum
319 304 360 333 iic
377 303 492 341 edicit,
517 303 549 333 St
564 303 678 337 societas
696 304 769 331 cotia
785 301 836 340 effe
854 304 926 332 clice-

68 352 136 376 zur:
160 345 279 376 nullum
303 343 413 374 definit
446 342 583 374 coeundi
614 344 741 373 moduni
774 350 828 372 aut
861 342 925 381 for·-

66 395 167 419 mum:
184 394 272 416 certo
288 385 425 423 indicio,
443 389 471 416 ei
482 383 640 421 sufficere,
655 382 717 413 ess‘e
734 386 853 415 coitam
865 407 874 422 ,
893 385 927 415 id

65 428 129 465 est,
148 430 186 457 de
202 436 237 457 ea
255 426 315 457 effe
335 425 516 457 conienluiii
530 433 735 468 quocumque
753 426 870 456 modo:
894 426 925 456 si·

65 478 120 499 cut
137 478 165 498 in
185 475 306 499 caeteris
324 466 566 507 obligationibus
584 465 737 496 conlensu
754 465 925 497 constanti·

64 510 122 541 bus
138 510 206 549 jure
222 509 361 549 gentium
385 509 402 537 l.
429 517 457 538 2.
482 507 524 538 1).
550 508 583 538 de
599 507 680 547 oblig.
700 506 736 541 &⁹
752 506 806 538 act.
823 508 861 538 ab
878 517 927 538 ea-

66 561 128 591 qiic
146 552 232 580 cnulii
251 547 446 580 Modestinus
465 547 482 577 l.
494 558 521 586 4.
531 548 557 579 h.
571 555 591 578 t.
609 547 926 588 Societatemftnquit,

66 594 138 623 coire
160 592 195 626 ὅ)
210 601 257 629 re,
281 589 316 623 ὅ)
332 591 442 626 verbis,
468 589 503 623 &³
516 596 567 629 per
586 592 745 627 nuncium,
764 589 840 629 ροβε
857 600 920 627 nos,

64 636 183 664 duliiani
200 642 253 663 non
268 630 315 671 eft.
344 630 545 662 Modestinus
560 631 725 670 indigitat,
743 630 926 662 consensum

65 685 130 715 quo
153 675 256 705 coitur
281 672 432 710 societas,
465 681 669 716 quocumque
692 673 791 716 modo
818 673 926 711 perlici

63 717 130 757 jure
151 715 292 755 gentium
315 713 376 744 sme
401 714 462 744 ulla
486 713 684 744 solemnitate
707 714 781 753 Juris
806 714 927 744 civilis:

65 759 204 796 ideoque
224 763 286 786 tam
303 755 385 785 inter
401 754 564 792 absentes,
584 763 677 795 quam
695 754 777 785 inter
795 755 925 798 praescn-

66 805 133 828 tcs:
157 799 238 827 inter
255 797 328 828 ilios
344 805 399 836 per
416 797 564 827 nuncium
582 819 591 835 ,
624 796 719 827 etiarn
739 805 794 836 per
811 795 925 840 episto·

65 839 142 871 lam:
167 839 248 869 inter
275 837 331 868 hos
358 838 458 874 palam
478 838 528 869 vel
552 838 658 868 tacite.
682 837 782 877 palatii
803 837 925 868 verbis:

65 881 180 917 tacite,
204 889 274 910 curn
291 888 331 910 ex
354 878 442 910 facto
466 877 632 910 consensus
658 877 870 918 praesumitur:
894 878 925 910 id

65 920 129 959 est,
152 922 207 961 (ut
225 921 337 952 Paulus
355 921 504 960 exprimit
520 920 537 950 1.
548 929 598 960 95.
619 920 662 951 D.
678 921 709 950 cle
719 922 785 960 adq.
803 920 895 963 [iered.
912 919 928 958 )

65 972 130 994 non
151 970 271 993 tanturn
289 963 412 1000 verbis,
437 961 486 992 sed
504 963 598 992 etiam
615 970 649 992 re
669 962 698 991 ἃ
719 960 832 1001 quovis
848 961 928 991 indi-

66 1005 118 1034 cio
138 1003 321 1035 voluntatis.
353 1003 400 1033 Ab
426 1003 536 1034 eadem
559 1001 647 1033 causa
671 1002 710 1032 sic
735 1011 824 1033 extat
846 1002 929 1042 apud

66 1044 198 1077 Paulum
215 1044 232 1075 l.
255 1054 278 1076 1.
300 1045 327 1075 h.
345 1050 364 1074 t.
383 1043 507 1074 Societas
531 1046 600 1074 coiri
617 1041 705 1083 potest
722 1044 768 1073 vel
784 1044 814 1073 in
832 1049 928 1083 perpe-

69 1093 172 1123 tuum,
198 1087 227 1116 ici
243 1084 281 1125 est
293 1109 302 1124 ,
329 1088 398 1116 dum
419 1087 549 1123 vivunt,
572 1085 618 1115 vel
636 1086 673 1115 ad
691 1091 817 1124 tempus,
832 1084 878 1115 vel
894 1093 930 1115 ex

68 1134 211 1168 tempore,
233 1127 278 1157 vel
301 1127 351 1162 sub
375 1127 543 1157 conditione.
568 1126 679 1157 Paulus
705 1128 763 1164 ait,
789 1127 819 1157 in
832 1133 928 1166 perpe-

68 1174 172 1206 tuum,
196 1168 225 1199 δὲ
248 1169 488 1206 interpretatur,
512 1168 723 1206 dumvz'vum3
749 1174 782 1198 ut
808 1167 839 1197 iii
863 1167 881 1198 l.
902 1176 930 1204 4.

68 1209 110 1241 D.
123 1211 364 1250 cieprocuratorz‘b.
380 1208 510 1240 Addidit
521 1208 607 1240 forte
618 1218 675 1247 pro
686 1207 806 1239 ratione
817 1232 825 1246 ‚
844 1209 930 1247 quod

69 1251 305 1289 rziilltzsiiciettitis
330 1251 361 1280 in
385 1257 521 1281 (eternum
544 1251 624 1281 coitio
651 1248 705 1289 est:
730 1258 762 1280 ut
786 1256 874 1280 extat
899 1249 929 1279 in

69 1293 88 1324 l.
107 1302 155 1332 70.
171 1293 198 1322 h.
217 1298 236 1322 t.
256 1291 305 1321 sed
318 1291 357 1322 src
374 1292 569 1323 emendanda
588 1291 647 1321 erit
664 1291 728 1330 ejus
748 1290 930 1330 inici-iptio:

69 1342 128 1372 pro
151 1334 196 1363 iil).
222 1343 270 1372 33.
301 1333 346 1362 Act
371 1332 508 1363 Edictum
531 1332 632 1372 posito
647 1331 695 1362 lz'b.
713 1340 762 1371 32.
781 1339 815 1361 ut
832 1331 929 1362 habet

68 1373 232 1414 Inscriptio
249 1375 276 1403 d.
294 1373 312 1402 l.
334 1382 357 1403 1.
378 1373 407 1404 In
430 1373 488 1404 hac
504 1382 600 1411 vero,
625 1373 710 1411 quod
729 1373 930 1416 addendum,

70 1417 113 1446 ait
131 1415 257 1451 Paulus,
277 1412 460 1445 societatem
479 1416 573 1445 etiam
588 1414 666 1444 coiri
696 1413 748 1443 sub
773 1414 930 1444 conditio·

70 1466 128 1487 ne:
145 1455 197 1486 etsi
217 1457 322 1486 multis
337 1456 424 1486 aliter
441 1456 611 1486 videretur.
630 1453 682 1486 sed
698 1453 930 1485 dubitationem

70 1496 189 1528 sustulit
207 1496 391 1536 justinianus
407 1497 426 1527 l.
439 1505 504 1537 pen.
521 1496 553 1526 C.
571 1496 598 1526 h.
613 1502 634 1526 t.
663 1495 828 1535 praefatus,
858 1504 931 1527 con-

72 1538 263 1568 trahentium
295 1538 474 1568 voluntates
504 1538 693 1568 omnimodo
725 1537 932 1569 observandas

74 1578 146 1610 esse.
173 1577 268 1615 Dixi,
291 1579 456 1617 quomodo
473 1579 603 1608 coeatur
619 1578 761 1609 societas.

117 1618 250 1656 Dicam,
274 1627 338 1658 quo
357 1619 453 1650 modo
472 1619 616 1651 solvatur.
640 1617 681 1649 Et
706 1619 833 1659 quidem
859 1617 930 1650 Mo-

75 1659 211 1692 destinus
230 1659 248 1688 l.
265 1671 293 1698 4.
311 1659 337 1700 §.
366 1669 391 1691 1.
417 1660 444 1690 ἱ).
471 1666 490 1691 t.
512 1659 720 1700 Dzfficiamur,
746 1659 866 1700 inquit,
888 1670 930 1691 re-

77 1702 277 1737 nuntiatione,
301 1706 402 1739 morte,
427 1703 528 1741 capitis
545 1701 721 1739 minutione,
746 1699 924 1742 &egestate

76 1740 232 1781 Ulpianus
250 1743 266 1772 l.
284 1745 332 1782 63.
358 1743 376 1783 §
410 1751 455 1774 io.
472 1742 510 1773 lic
535 1742 649 1773 scribit.
675 1742 935 1782 Societassolvz'tur

76 1792 112 1814 ex
121 1782 264 1823 perstinz's,
282 1793 317 1813 ex
331 1786 413 1814 rebus
423 1807 431 1820 ,
443 1793 479 1814 ex
493 1783 659 1823 voluntate,
675 1793 712 1814 ex
721 1783 839 1815 afflone.
862 1785 935 1814 ideo-

76 1834 130 1865 que
140 1824 203 1861 five
219 1826 360 1860 homines,
378 1823 441 1861 sive
457 1834 517 1862 res,
528 1823 592 1862 five
612 1825 763 1862 voluntas,
781 1823 844 1863 five
862 1824 935 1856 (ιεῖίο

76 1864 609 1905 interierit,dfiraeibivz'delursbcietas.
629 1865 729 1897 Prima
738 1865 864 1907 Ulpiani
875 1867 935 1897 dis-

73 1908 198 1946 putatio
209 1906 252 1936 est
268 1907 307 1937 de
324 1914 436 1937 morte.
458 1910 614 1937 aitautern
626 1907 788 1946 ,homines
806 1907 934 1939 interire

74 1955 138 1978 tani
151 1947 282 1978 maxima
303 1947 332 1978 ἃ
350 1948 450 1978 media
461 1949 573 1987 capitis
585 1949 824 1986 deminutione,
841 1957 935 1988 quani

72 1997 194 2020 morte:
209 1989 239 2018 id
256 1988 299 2019 est
311 2011 320 2026 ,
336 1997 440 2019 morte
459 1998 522 2020 non
541 1989 641 2020 minus
660 1989 868 2030 civili‚quam
885 2000 934 2022 na-

73 2029 174 2060 turali.
198 2028 326 2060 solvitur
342 2037 445 2060 autem
463 2029 592 2061 societas
610 2038 713 2062 morte
731 2032 825 2070 socii,
841 2032 936 2062 etiarn

73 2078 182 2101 unius:
213 2070 266 2101 etsi
291 2069 442 2101 consensu
473 2072 615 2103 omnium
641 2073 727 2103 coita
750 2072 802 2111 sit,
830 2073 936 2112 plures

74 2120 153 2141 vero
169 2110 314 2149 supersint
338 2112 356 2142 l.
378 2116 425 2149 65.
453 2111 482 2153 §.
508 2122 536 2149 9.
565 2112 604 2143 D.
620 2113 648 2143 h.
666 2119 686 2143 t.
702 2112 839 2152 scilicet,
863 2112 935 2154 quia

76 2151 128 2191 qui
147 2151 328 2183 societatem
351 2153 527 2192 contrahit,
552 2162 671 2185 certam
691 2154 854 2194 pei-sonam
881 2155 934 2185 sibi

77 2192 173 2233 eligit.
198 2193 237 2223 sic
252 2192 437 2232 justinianus
454 2193 483 2235 §.
502 2205 530 2232 5.
556 2193 625 2234 [nst.
648 2196 677 2227 h.
701 2201 721 2226 t.
739 2195 932 2236 significans:

76 2235 164 2273 quod
180 2233 308 2266 societas
334 2235 413 2274 saepe
439 2244 455 2264 a
480 2235 619 2273 pluribus
643 2238 841 2268 contrahitur
862 2246 935 2268 con-

76 2275 287 2313 templatione
305 2276 475 2313 unius,aut
492 2276 656 2315 industria,
679 2286 732 2307 aut
747 2279 864 2317 gratia,
882 2285 936 2309 aut

74 2317 229 2356 pecunia,
264 2316 413 2348 valentis:
437 2326 537 2356 usque
562 2318 643 2348 adeo
660 2340 669 2356 ,
700 2325 735 2348 ut
758 2318 777 2348 si
803 2317 854 2349 ille
880 2317 935 2349 ini-

76 2358 122 2388 tio
145 2366 206 2388 non
232 2356 352 2395 fuisset,
371 2367 387 2388 a
412 2359 534 2390 caeteris
559 2358 721 2389 contracta
744 2368 805 2390 non
832 2358 936 2390 fuisset

76 2397 217 2429 societas.
243 2398 297 2428 illo
322 2400 414 2439 igitur
435 2400 595 2438 εχῑίῑιξὶο,
629 2400 713 2431 recte
736 2398 852 2431 finitur.
882 2400 935 2431 nisi

76 2439 107 2469 in
125 2440 269 2470 coeuntia
286 2440 438 2471 societate
448 2440 537 2471 aliter
551 2440 748 2472 convenerit.
766 2449 832 2472 tum
851 2442 935 2472 enim

77 2479 158 2510 inter
174 2488 306 2511 caeteros
325 2482 452 2521 quidem
469 2482 664 2522 perseiaerat:
684 2489 714 2512 at
733 2482 823 2513 heres
841 2481 936 2521 socii,

78 2529 138 2550 nec
161 2520 182 2551 fi
206 2522 268 2552 hoc
292 2522 502 2561 convenerit,
533 2532 563 2554 in
591 2522 773 2554 societatem
798 2523 937 2554 succedit

79 2559 145 2599 ipso
165 2562 241 2599 iure.
263 2561 294 2592 id
319 2564 454 2603 opinor,
480 2564 547 2595 vult
572 2565 723 2602 Ulpianus
745 2565 763 2594 l.
787 2574 836 2605 35.
860 2565 888 2595 b.
913 2569 935 2595 t.

79 2601 193 2639 Nemo,
217 2602 378 2642 inquiens,
399 2603 486 2645 potest
496 2606 658 2644 societatem
674 2606 768 2636 heredi
773 2610 823 2645 luo
832 2604 876 2643 fic
885 2613 938 2645 pa-

81 2651 159 2675 rere,
183 2647 215 2672 ut
231 2641 286 2683 ipse
302 2643 480 2684 heressocius
500 2645 548 2683 fit.
573 2646 624 2677 Sic
648 2646 819 2686 Ulpianus,
843 2649 871 2678 ἃ
890 2656 940 2678 an-

81 2690 113 2714 te
132 2683 326 2722 Pomponius
345 2686 362 2716 l.
384 2695 432 2724 59.
458 2689 485 2718 d.
508 2693 528 2718 t.
548 2688 593 2719 his
613 2688 733 2726 verbis,
757 2688 835 2719 Adeo
853 2694 941 2719 morte

71 2725 409 2764 chiisiilvz'turlbcietas‚
425 2733 514 2758 utnec
531 2731 565 2759 ab
574 2730 657 2760 initio
669 2729 779 2770 pacisci
792 2727 941 2770 sumimus,

79 2772 113 2796 ut
130 2766 204 2795 heres
221 2767 305 2796 etiaim
319 2768 448 2802 succedat
460 2771 597 2805 societati.
621 2769 792 2809 Videlicet,
803 2780 843 2801 ne
852 2779 940 2801 aeter-

79 2815 118 2836 ria
136 2806 168 2836 sit
186 2806 332 2837 societas:
356 2816 447 2846 quam
471 2810 638 2842 noluerunt
659 2811 793 2843 Veteres
809 2813 835 2842 d.
855 2812 872 2841 Ι.
889 2820 938 2851 7ο.

80 2847 194 2882 Plane.
222 2847 240 2878 si
263 2847 395 2879 heredes
420 2849 543 2881 inierint
567 2851 702 2884 animum
724 2853 882 2884 societatis
906 2853 936 2882 in

81 2897 117 2918 ea
143 2888 317 2919 hereditate
341 2898 428 2920 novo
457 2891 625 2931 consensu3
655 2895 698 2925 ait
719 2894 936 2933 Pomponius,

82 2931 169 2968 quod
187 2929 292 2968 postea
310 2929 478 2972 gesserint,
494 2931 594 2970 effici,
610 2943 643 2964 ut
660 2937 690 2966 in
710 2944 768 2976 pro
791 2935 876 2966 socio
891 2944 939 2965 ac-

81 2971 202 3000 tionem
221 2970 424 3002 deducaturl.
442 2982 489 3012 37.
505 2982 586 3005 nova
601 2977 763 3008 contracta
781 2977 942 3007 locietate.

82 3009 160 3042 Non
181 3020 280 3042 minus
298 3012 401 3052 placet
419 3012 599 3052 Pomponio
622 3015 641 3047 l.
664 3027 713 3055 40.
732 3018 882 3048 heredem
897 3016 941 3047 so·

82 3053 141 3090 cii,
166 3054 308 3091 quamvis
327 3053 428 3084 locius
452 3064 515 3085 non
541 3055 603 3095 est,
627 3059 786 3098 explicare
811 3068 847 3089 ea
871 3067 940 3098 quae

81 3101 137 3133 per
162 3093 345 3124 defunctum
372 3095 520 3126 inchoata
545 3096 630 3137 sunt,
654 3099 683 3130 in
709 3100 810 3138 iisque
836 3100 940 3130 dolum

83 3134 145 3173 eju>
166 3136 287 3165 admitti
309 3134 404 3175 posse.
429 3136 539 3168 Paulus
570 3141 597 3170 d.
622 3138 640 3170 l.
664 3143 713 3179 65.
746 3140 774 3181 §.
791 3148 819 3176 9.
839 3139 880 3171 fic
897 3139 939 3171 ef·

82 3174 260 3248 fcffgmN—lelc
283 3176 375 3210 heres
395 3176 471 3211 socii
491 3177 650 3215 succedit:
673 3181 727 3214 sed
743 3181 830 3222 quod
846 3191 886 3216 ex
906 3191 942 3216 re

1778 103 1850 140 299

974 181 1136 212 communi
1160 180 1269 222 postea
1302 180 1465 222 quaefitum
1489 180 1553 222 est3
1584 181 1661 214 item
1692 182 1786 215 dolus
1811 183 1843 214 &

973 222 1065 261 culpa
1082 223 1112 253 in
1130 232 1170 253 eo
1189 225 1276 262 quod
1302 233 1343 255 ex
1367 223 1531 266 antegesto
1557 227 1694 265 pendet,
1719 233 1782 256 tam
1800 226 1840 254 ab

973 261 1111 301 herede,
1142 273 1236 303 quam
1269 263 1401 303 heredi,
1432 265 1640 306 praestanduni
1665 267 1719 297 est.
1751 265 1839 297 idem

971 303 1085 334 Paulus
1101 306 1118 334 l.
1128 308 1177 344 65.
1192 304 1218 344 §.
1236 313 1265 335 ε.
1287 306 1314 335 b.
1330 312 1350 336 t.
1362 306 1403 337 fic
1417 306 1586 347 exprimit:
1602 310 1636 339 §i
1651 309 1682 338 in
1697 317 1756 338 rem
1773 316 1840 337 cer-

970 351 1032 374 tain
1067 348 1212 376 emendam
1242 348 1491 378 conducendamve
1525 350 1599 380 coita
1630 347 1672 387 fit
1686 350 1809 389 sacietas
1826 371 1837 386 ‚

969 392 1047 414 tunc
1072 388 1166 416 ctiam
1184 385 1254 425 post
1279 387 1407 426 alicujus
1433 397 1569 421 mortem
1596 392 1739 432 quidquid
1761 390 1838 420 lucri

970 427 1165 457 detrimentive
1181 426 1301 465 fabium
1317 428 1380 466 fit,
1403 439 1548 460 commune
1569 431 1636 470 effe,
1670 433 1762 462 Labeo
1787 433 1839 461 ait.

970 466 1005 497 ln
1023 476 1160 507 cumque
1176 467 1293 498 sensum
1312 469 1406 500 etiarn
1433 470 1583 509 Ulpianus
1605 472 1670 503 inl.
1693 478 1742 513 63.
1759 472 1786 513 §.
1807 477 1837 506 8.

969 509 998 538 d.
1015 513 1035 537 t.
1052 511 1147 539 vei-ba
1166 508 1308 548 Ulpiani:
1331 509 1368 540 In
1382 512 1506 542 heredem
1522 521 1633 553 quoque
1646 517 1713 550 socii
1730 522 1780 554 pru
1793 519 1838 550 lo·

970 549 1012 578 cio
1028 548 1100 579 (ιὲῖῑο
1118 550 1264 588 competit,
1281 553 1416 591 quamvis
1431 553 1616 590 heressocius
1631 554 1754 592 nonfit:
1772 556 1839 585 licet

971 591 1045 620 enim
1055 591 1153 629 simius
1169 590 1277 628 nonsit
1288 598 1434 623 :attamen
1448 593 1629 625 emolumenti
1641 596 1775 635 sticcqffir
1790 594 1840 636 (sb.

971 631 1052 662 Haec
1070 632 1099 662 in
1119 633 1249 670 privatis
1270 632 1485 665 societatibus.
1511 636 1550 666 de
1569 636 1768 675 vestigalium
1787 647 1840 668 au-

972 680 1035 703 teni
1056 673 1206 704 socictate
1223 672 1364 714 disputat
1383 675 1579 715 Pomponius
1606 678 1628 708 l.
1651 688 1700 716 59.
1724 679 1752 708 h.
1771 685 1790 708 t.
1808 678 1841 709 <Sc

973 712 1125 753 Ulpianus
1144 715 1161 744 l.
1182 718 1233 755 63.
1247 715 1275 755 §.
1292 720 1318 749 8.
1339 716 1400 748 Sed
1419 719 1457 747 de
1474 726 1510 747 ea
1533 718 1606 749 vide
1627 717 1662 749 fis
1682 718 1841 757 Jacobuin

972 755 1138 794 Cujacium
1165 756 1212 787 lily.
1237 766 1279 787 io.
1309 758 1428 795 Observ.
1448 768 1471 789 c.
1491 768 1528 797 9.)-
1566 759 1594 789 &
1621 759 1795 798 johannem
1820 770 1839 792 a

971 795 1067 827 Costa
1096 797 1133 828 ad
1158 796 1186 837 ᾗ.
1212 808 1240 837 5.
1260 795 1329 838 lust.
1349 800 1376 829 h.
1401 806 1420 830 t.
1442 809 1458 830 a
1477 799 1664 831 Dofliffimo
1682 801 1736 832 illo
1763 801 1841 832 Viro

970 837 1028 867 liae
1053 838 1081 867 in
1107 846 1196 876 ptri-te
1218 838 1473 872 dissentientem:
1497 843 1584 880 quod
1606 843 1632 872 ἃ
1658 841 1775 874 faCtum
1798 843 1838 874 ab

973 879 1117 909 Antonio
1136 878 1255 917 Fabro,
1281 879 1460 912 Rriliorialzb.
1477 884 1514 913 ad
1531 885 1556 914 d.
1577 882 1594 913 l.
1617 891 1668 923 59.

1013 921 1055 951 At
1072 919 1205 951 societas
1223 930 1286 952 non
1308 930 1429 953 tanturn
1456 933 1496 954 ex
1523 923 1663 964 personis
1687 924 1839 965 solvitur;

973 962 1023 992 sed
1041 961 1096 1000 (ut
1112 962 1290 992 audivimus
1307 971 1346 993 ex
1360 962 1522 1002 Ulpianod
1550 966 1729 1008 l.63.§.10
1751 969 1802 997 lm
1819 969 1838 1008 )

973 1003 1068 1033 etiam
1086 1011 1125 1033 ex
1142 1002 1241 1034 rebus.
1268 1011 1309 1034 ait
1327 1014 1404 1035 vcro
1422 1006 1571 1046 Ulpianus
1583 1030 1592 1043 ‚
1617 1017 1665 1038 res
1689 1009 1840 1047 interire;

972 1052 1045 1074 cum
1069 1052 1122 1074 aut
1148 1044 1239 1075 nullae
1266 1045 1503 1086 relinquuntur,
1537 1056 1589 1078 aut
1616 1051 1842 1081 conditionem

972 1085 1186 1116 mutaverint:
1205 1084 1371 1124 praesatus,
1389 1088 1453 1127 ejus
1470 1089 1511 1119 rei
1528 1091 1665 1129 quaejam
1686 1091 1769 1122 nulia
1785 1091 1842 1130 sit,

972 1134 1027 1157 aut
1060 1135 1128 1166 quae
1151 1127 1333 1158 consecrata
1358 1129 1559 1167 publicatave
1584 1130 1619 1162 fit
1636 1155 1645 1171 ,
1679 1134 1841 1164 neminem

972 1167 1092 1198 socium
1109 1166 1179 1198 esse.
1203 1167 1358 1207 Exempla
1374 1170 1392 1200 l.
1415 1171 1490 1210 58.l
1517 1176 1569 1211 65.
1589 1172 1617 1213 §.
1643 1183 1666 1205 1.
1686 1173 1721 1208 ὅ)
1743 1183 1789 1205 12.

1012 1208 1169 1240 Praeterea
1184 1210 1226 1239 ait
1246 1208 1398 1250 Ulpianus
1418 1213 1445 1242 ct.
1471 1212 1489 1242 l.
1517 1217 1566 1253 63.
1592 1213 1620 1255 §.
1643 1224 1685 1246 io.
1706 1218 1842 1247 locieta-

974 1257 1037 1280 tem
1064 1250 1188 1281 distrahi
1212 1251 1397 1291 voluntate,
1423 1254 1453 1284 id
1482 1253 1547 1292 est,
1572 1257 1838 1295 renunciatione,

975 1291 1024 1321 seu
1058 1290 1188 1322 dissensu
1212 1292 1373 1324 omnium:
1401 1293 1422 1325 si
1453 1295 1580 1334 quidem
1607 1297 1748 1328 naturale
1774 1298 1839 1336 cst,

973 1332 1113 1372 quidque
1129 1342 1167 1364 eo
1181 1342 1299 1373 genere
1315 1334 1484 1366 dissolvere
1495 1360 1502 1371 ,
1520 1345 1583 1376 quo
1594 1337 1638 1368 est
1653 1339 1842 1379 colligatum

972 1374 991 1403 Z.
1010 1384 1057 1414 35.
1081 1374 1117 1404 D.
1134 1378 1166 1404 rie
1181 1375 1268 1415 regul.
1285 1376 1346 1415 jur.
1368 1375 1439 1407 Nec
1457 1376 1575 1417 refert3
1599 1387 1704 1410 utrum
1726 1381 1841 1412 tacitus

974 1414 1010 1445 fit
1028 1414 1195 1453 diffensus,
1219 1425 1255 1446 an
1275 1417 1467 1449 manifestus.
1491 1428 1561 1450 nam
1590 1419 1609 1451 fi
1629 1420 1791 1461 separatim
1809 1431 1842 1452 a·

972 1465 1047 1496 gere
1066 1456 1223 1496 coeperint
1239 1456 1332 1496 socii,
1359 1458 1412 1489 etsi
1433 1459 1509 1490 nihil
1529 1461 1629 1500 palam
1648 1463 1682 1493 {it
1700 1472 1844 1495 conven-

975 1506 1042 1528 tum
1059 1499 1099 1529 cle
1118 1498 1268 1529 solvenda
1286 1499 1459 1538 societat03
1476 1502 1587 1541 utique
1604 1504 1666 1541 ipsa
1683 1513 1715 1534 re
1734 1503 1842 1535 distra-

974 1537 1057 1569 hitur
1075 1540 1103 1570 d.
1121 1539 1139 1569 l.
1159 1543 1199 1580 63
1226 1539 1254 1580 §.
1277 1549 1322 1572 io.
1343 1540 1379 1574 &2⁹
1394 1541 1413 1572 l.
1430 1545 1479 1580 64.
1495 1543 1521 1572 h.
1549 1548 1568 1572 t.
1597 1543 1667 1583 Sic,
1691 1543 1710 1575 fi
1727 1553 1841 1577 oiiines

973 1579 1163 1611 dissentiant.
1197 1580 1304 1622 Quid,
1336 1581 1355 1613 fi
1381 1591 1460 1613 unus
1486 1586 1652 1616 renunciet
1678 1585 1842 1625 societati,

973 1623 1097 1652 caeteris
1115 1622 1246 1653 invitis?
1263 1623 1410 1663 Aliquem
1436 1633 1594 1656 moretur:
1611 1628 1697 1662 Quod
1716 1635 1844 1659 contra·

974 1662 1039 1694 Ctus
1056 1661 1145 1694 initio
1167 1663 1235 1694 sunt
1259 1665 1451 1701 voluntatis,
1478 1665 1584 1706 postea
1609 1667 1688 1698 fiunt
1712 1669 1844 1701 neceff-

974 1704 1045 1734 tatis
1063 1704 1080 1735 l.
1097 1714 1126 1745 5.
1149 1704 1181 1735 C.
1198 1706 1231 1735 de
1248 1706 1332 1747 oblig.
1352 1706 1388 1739 ἐπ”
1414 1705 1467 1737 ae.
1500 1707 1539 1738 At
1565 1708 1716 1749 singulare
1731 1711 1779 1748 jus
1796 1710 1842 1743 est

979 1744 1153 1777 societatis:
1171 1755 1263 1787 quam
1280 1747 1416 1778 diximus
1433 1747 1494 1778 effe
1509 1752 1677 1781 amicitiam
1690 1773 1698 1788 ‚
1717 1750 1767 1782 sed
1785 1752 1846 1783 uti-

978 1786 1074 1818 litatis
1100 1787 1189 1819 causa
1214 1796 1440 1829 comparatam.
1466 1792 1591 1827 qualem
1607 1790 1756 1823 diffoluto
1772 1802 1813 1823 eo
1828 1817 1841 1832 ,

979 1830 1066 1868 quod
1083 1828 1165 1859 hanc
1186 1837 1409 1868 contraxerat,
1435 1831 1578 1871 dissolvi,
1603 1842 1708 1865 certus
1730 1834 1842 1866 auttor

977 1868 1022 1900 est
1038 1869 1221 1902 Aristoteles
1235 1871 1280 1901 lib.
1296 1876 1326 1905 8.
1344 1871 1390 1902 De
1403 1874 1527 1903 morinus
1551 1883 1575 1905 c.
1605 1884 1632 1914 3.
1660 1875 1754 1915 igitur
1780 1875 1845 1915 pla-

979 1911 1064 1948 cuit,
1089 1910 1272 1943 societatem
1290 1914 1434 1945 omnium
1455 1914 1605 1946 consensu
1623 1915 1750 1956 pei-fici:
1776 1917 1847 1947 urii-

979 1961 1014 1983 us
1032 1952 1111 1983 tolli.
1135 1953 1254 1984 Seneca
1271 1952 1364 1994 Epist.
1389 1959 1440 1995 65.
1460 1955 1533 1986 Cum
1557 1958 1652 1993 visum
1668 1959 1784 1996 fuer‘t,
1802 1959 1845 1988 tii-

972 1990 1104 2033 strabam
1119 2004 1184 2025 cum
1201 1994 1248 2025 illo
1263 1996 1430 2030 societatem.
1457 1996 1531 2028 Hoc
1554 2006 1719 2039 receptum
1745 2009 1785 2029 eo
1797 1999 1845 2039 ju-

980 2034 1071 2073 stius3
1089 2035 1207 2074 nequis
1219 2036 1337 2066 inVitus
1348 2038 1555 2077 compellatur
1569 2048 1696 2071 manere
1710 2050 1738 2070 in
1756 2050 1848 2072 com-

978 2075 1132 2107 munione
1147 2077 1167 2108 l.
1184 2076 1238 2107 ult.
1256 2077 1287 2107 C.
1305 2077 1453 2109 Commzm.
1471 2081 1563 2110 divid.
1582 2079 1635 2112 fibi
1648 2106 1655 2115 ,
1682 2090 1714 2112 ut
1734 2090 1844 2123 putat,

978 2117 1099 2155 inutili,
1115 2126 1152 2148 ac
1170 2118 1317 2156 taediosa,
1336 2120 1364 2150 G:
1383 2127 1516 2159 propter
1531 2131 1600 2153 eam
1618 2123 1844 2161 nihilominus,

977 2158 1007 2188 in
1027 2159 1184 2198 querelis,
1209 2159 1363 2191 &litibus
1380 2170 1457 2200 quas
1483 2170 1597 2201 przeter
1620 2163 1744 2195 nostros
1766 2166 1796 2195 in
1821 2165 1843 2196 l.

976 2202 1025 2230 26.
1045 2198 1084 2230 D.
1103 2201 1136 2230 de
1146 2200 1248 2239 fier-vit.
1263 2202 1351 2241 praed.
1370 2204 1433 2233 urb.
1451 2202 1469 2233 l.
1490 2212 1535 2243 77.
1551 2203 1570 2245 §
1587 2213 1633 2236 20.
1653 2206 1697 2235 D.
1710 2206 1742 2235 de
1759 2206 1844 2243 legat.

976 2241 1022 2270 lib.
1046 2250 1073 2271 2.
1093 2241 1186 2272 etiarn
1206 2249 1296 2272 notat
1307 2243 1490 2275 Aristoteles
1505 2246 1534 2275 d.
1550 2247 1596 2275 tib.
1625 2250 1686 2279 8.c.
1711 2255 1754 2284 15.
1772 2247 1847 2288 Qua

977 2281 1101 2312 ratione
1125 2282 1220 2323 igitur
1247 2282 1345 2314 solent
1373 2283 1508 2316 Veteres
1527 2286 1633 2326 (quod
1658 2296 1698 2318 ex
1722 2286 1844 2319 Tacito

979 2322 1027 2366 lib:
1044 2332 1072 2353 2.
1091 2322 1202 2353 Annal.
1224 2333 1248 2354 c.
1269 2334 1315 2364 7ο.
1338 2325 1544 2366 intelligitur)
1571 2329 1754 2359 renunciare
1780 2339 1850 2360 inu-

980 2363 1026 2393 tili
1051 2363 1214 2394 amicitiae:
1237 2374 1274 2396 ea
1298 2366 1420 2397 ratione
1448 2369 1677 2400 renunciabant
1703 2370 1848 2403 societati

980 2413 1073 2444 quain
1090 2414 1155 2436 nori
1173 2406 1327 2444 putabant
1343 2407 1396 2437 fibi
1408 2407 1468 2439 effe
1486 2412 1603 2441 utilem.
1620 2412 1648 2441 dt
1667 2419 1770 2442 tamen
1788 2422 1847 2451 pu-

982 2445 1091 2476 tabant
1125 2445 1270 2483 referre,
1308 2455 1411 2479 utrum
1438 2451 1635 2481 renunciatio
1660 2453 1727 2483 talis
1753 2451 1848 2484 fieret

981 2485 1170 2525 tempestive
1182 2488 1231 2525 ,ἃ
1246 2487 1325 2526 J'usta
1341 2490 1528 2529 i·atione,an
1549 2492 1788 2533 intempestive,
1813 2496 1847 2526 δε

979 2526 1043 2557 fine
1060 2528 1184 2558 ratione
1197 2528 1293 2567 justa:
1322 2539 1354 2560 ut
1378 2531 1439 2561 late
1464 2533 1612 2565 traditum
1629 2534 1648 2565 l.
1669 2544 1715 2573 14.
1733 2545 1778 2576 15.
1797 2541 1847 2568 16.

983 2567 1019 2601 &²
1038 2576 1086 2613 .¹7·
1103 2570 1130 2599 b.
1149 2575 1170 2599 t.
1188 2578 1250 2609 ego
1267 2570 1372 2602 obiter
1390 2573 1491 2604 dicam
1504 2595 1513 2610 ‚
1537 2583 1685 2615 oportere
1703 2586 1774 2608 eum
1793 2576 1849 2616 qui

983 2610 1124 2640 soeietati
1145 2610 1186 2641 fic
1204 2620 1387 2651 renunciat,
1421 2623 1551 2646 cavere:
1576 2626 1614 2647 ne
1634 2619 1708 2656 quid
1734 2619 1850 2649 callide

984 2659 1072 2690 agat,
1096 2660 1160 2691 quo
1177 2650 1258 2683 solus
1277 2652 1393 2684 habeat
1414 2654 1544 2687 lucrum.
1569 2666 1637 2688 nam
1663 2659 1694 2690 id
1715 2669 1775 2690 non
1793 2667 1849 2699 pa·

986 2693 1060 2722 titur
1086 2692 1167 2723 bona
1194 2692 1272 2724 fides
1297 2704 1390 2734 quain
1417 2696 1532 2728 socium
1558 2697 1680 2738 semper
1705 2700 1848 2738 servare,

984 2741 1108 2776 aequum
1129 2733 1183 2764 est.
1209 2734 1351 2780 ali-oquin
1367 2746 1384 2769 a
1401 2737 1430 2768 se
1451 2740 1578 2777 quidem
1599 2741 1709 2772 liberat
1725 2740 1848 2771 socios:

983 2773 1013 2804 ie
1038 2783 1144 2805 autem
1169 2775 1207 2806 ab
1246 2777 1305 2807 illis
1348 2787 1411 2809 non
1438 2779 1576 2813 liberat:
1608 2782 1705 2812 veluti
1727 2804 1736 2817 ‚
1772 2790 1849 2812 cum.

984 2823 1127 2846 omnium
1143 2815 1304 2849 bonorum
1323 2818 1506 2851 societatem
1535 2821 1691 2853 inisse-mus
1709 2821 1849 2857 speciali-

983 2862 1046 2886 ter:
1068 2856 1184 2887 deinde
1199 2867 1296 2897 unus,
1321 2868 1392 2891 cum
1410 2861 1438 2892 ei
1467 2862 1644 2894 obvenisset
1665 2862 1847 2901 hereditas,

985 2895 1127 2928 societati
1146 2906 1276 2938 propter
1301 2899 1363 2932 hoc
1379 2905 1593 2939 renunciavit,
1618 2911 1650 2933 ut
1671 2912 1739 2933 earn
1764 2903 1848 2935 solus

987 2937 1135 2969 haberet:
1160 2939 1348 2980 dicendum,
1374 2944 1391 2973 si
1412 2946 1538 2982 quidem
1559 2942 1713 2975 hereditas
1731 2945 1849 2977 attule-

987 2981 1027 3010 rit
1046 2979 1212 3020 damnum,
1237 2981 1299 3013 hoc
1314 2984 1351 3014 ad
1369 2994 1440 3015 eum
1460 2987 1511 3023 qui
1537 2983 1752 3021 renunciavit,
1778 2994 1851 3025 per-

987 3020 1105 3060 tinere;
1135 3022 1165 3053 &
1189 3021 1392 3056 nihilominus
1417 3034 1486 3056 eum
1513 3025 1604 3065 cogi,
1638 3028 1850 3060 commodum

985 3063 1218 3095 communicare
1234 3065 1359 3097 aftione
1376 3076 1433 3106 pro
1455 3066 1549 3096 l'ocio.
1575 3066 1661 3104 quod
1677 3066 1698 3098 si
1718 3067 1787 3106 post
1804 3079 1851 3101 re-

983 3104 1218 3137 nunciationem
1238 3106 1313 3145 quid
1326 3105 1519 3144 adquisierit:
1544 3115 1607 3136 non
1632 3109 1691 3138 erit
1706 3118 1851 3142 commu·

985 3143 1166 3177 nicandum:
1192 3148 1264 3187 quia
1285 3157 1345 3178 nec
1362 3147 1449 3179 dolus
1472 3146 1616 3180 aemilius
1642 3148 1688 3182 est
1710 3149 1741 3182 in
1758 3161 1806 3183 e0.
1821 3153 1851 3185 d.

983 3185 1004 3219 lo
1020 3190 1072 3228 65·
1088 3186 1115 3228 §.
1135 3196 1164 3227 3·
1180 3199 1208 3228 4.
1225 3199 1256 3230 5·
1273 3192 1302 3220 σε

1087 3228 1140 3267 Pp
1162 3238 1179 3261 2
1726 3231 1850 3267 Postu.
