2036 3495
134 112 205 156 164

133 200 208 241 juris
224 197 422 231 imminutio:
438 193 552 236 pariter
563 198 596 223 ut
612 189 643 221 iu
654 187 843 232 ususfruCtus
854 184 1013 218 definitio·

137 251 179 272 ne
194 242 256 281 jam
273 238 319 271 est
333 237 534 269 observatum
546 233 593 263 lib.
613 240 638 262 1.
653 230 700 261 De
712 227 867 268 usufruftu
883 237 906 258 c.
924 236 950 258 1.
971 224 1013 256 U·

136 281 310 314 susfruttus
326 286 422 319 porro
433 274 584 314 exemplo
603 272 668 303 dixi
686 277 863 314 praeterea,
875 268 961 313 quod
979 276 1012 298 u-

136 322 186 355 sus
202 322 302 360 estjus
318 318 428 349 alienis
446 316 540 348 rebus
559 313 686 344 utendi:
702 312 774 352 quia
787 309 919 342 servitus
936 313 1012 340 lem-

135 373 195 405 per
213 362 258 392 est
276 362 306 391 in
322 369 356 390 re
373 358 492 395 aliena,
511 363 683 395 numquam
701 354 731 384 in
747 361 781 384 re
797 353 943 396 propria:
959 349 1015 382 etfi

137 403 245 444 negari
263 407 421 440 nequeat,
438 399 605 429 dominum
622 404 713 435 aeque
729 404 762 425 re
779 392 831 424 sua
845 402 908 431 uti,
927 401 964 423 ac
982 400 1014 422 u-

137 444 252 476 suarius
262 443 360 473 utitur
375 449 409 471 re
424 440 533 471 aliena.
555 437 619 469 Sed
636 437 689 477 qui
702 435 747 467 est
757 433 845 472 usus,
862 442 915 465 aut
932 432 1014 464 usus-

136 484 277 520 fructus,
289 483 320 514 in
338 481 471 523 persona
486 479 607 511 domini
624 478 803 510 dominium
820 475 1015 516 appellatur:

140 527 171 560 in
191 525 323 566 persona
342 522 485 555 extranei
503 530 568 552 non
591 519 636 551 est
654 519 851 556 dominium3
876 516 928 562 sed
946 514 1015 546 usus

137 575 191 599 aut
208 564 401 598 ususfructus
418 571 562 594 tantum:
581 570 616 592 ea
631 562 754 592 ratione
772 568 867 598 quam
885 567 916 588 in
934 555 1018 601 usus-

137 607 259 640 fruetus
285 605 474 638 definitione
490 603 580 635 attuli
598 603 624 633 d.
644 612 668 632 c.
691 610 717 632 1.
741 599 906 632 Postremo
931 599 1018 643 (11111,

140 649 230 690 quod
247 648 317 680 usus
327 647 427 687 estjus
437 645 565 678 utendi:
584 652 648 675 non
659 643 764 674 addidi
775 640 912 672 fruendi.
926 647 1017 679 qula,

142 691 225 722 utin
245 688 440 722 antecessum
460 686 589 723 monui,
615 684 684 716 usus
700 682 834 726 praesens
852 680 898 712 est
914 681 1018 711 nudus

137 731 203 764 fine
220 730 334 763 frue'tu.
359 730 388 761 &
409 729 484 760 ideo
501 736 562 759 nec
578 735 659 766 opus
681 724 742 756 fuit
758 724 850 761 addi,
873 721 954 753 salva
970 730 1017 752 re-

140 783 212 806 rum
228 772 405 804 substantia.
428 779 499 801 nam
517 770 562 800 uti
574 777 606 799 re
623 766 685 805 est,
703 775 742 797 ex
756 774 793 796 ea
808 766 1018 796 commodum

141 816 172 847 δί
198 815 369 846 utilitatem
395 811 585 852 percipere:
607 818 672 840 non
696 808 727 839 in
751 804 908 838 infinitum
926 828 940 850 ,Ι
966 803 1020 835 sed

141 864 296 897 quantum
313 855 384 886 satis
407 852 470 890 est3
495 853 526 882 id
543 850 607 889 est,
631 859 696 881 non
714 850 752 880 ad
769 847 998 887 compendium
1010 868 1018 882 ,

140 898 197 930 sed
207 905 242 928 ut
259 895 433 928 neceffitati
449 894 522 924 vitae
533 901 591 932 pro
602 891 755 931 cujusque
771 888 977 932 conditione,
989 886 1020 918 &

140 939 297 980 dignitate
306 936 496 968 consulatur.
520 943 581 966 nec
599 933 663 964 hoc
679 931 743 963 fine
753 929 940 962 subfistitvis
950 938 1019 959 ver—

140 975 194 1013 bii:
212 979 264 1011 sed
282 987 435 1020 praeterea
453 975 538 1014 vult,
555 984 623 1006 eam
642 973 762 1014 percipi
774 973 811 1003 ad
824 971 955 1003 modum
967 969 1019 1008 ,si-

140 1032 182 1053 ve
206 1022 244 1052 ad
267 1020 488 1052 conditionem
506 1018 543 1048 ad
560 1025 653 1057 quam
671 1025 720 1046 res
740 1014 788 1045 vel
806 1023 821 1043 a
838 1020 948 1044 natura
969 1011 1020 1042 vel

143 1073 185 1095 ex
197 1061 340 1093 instituto
359 1058 590 1100 patrisfamilias
601 1063 784 1097 comparata
800 1054 863 1086 est:
881 1061 948 1084 tum
965 1061 1018 1092 po-

140 1105 280 1141 stremO,
292 1113 332 1135 ne
349 1102 390 1134 iic
407 1101 631 1137 consumatur,
648 1107 702 1129 aut
718 1097 895 1133 minuatur,
915 1094 968 1140 sed
985 1101 1019 1125 ut

140 1145 223 1177 salva
238 1153 365 1176 maneat
383 1143 448 1184 ejus
466 1141 641 1173 substantia.
670 1139 758 1178 quod
775 1136 794 1169 fi
819 1137 887 1176 quis
909 1137 1018 1181 ahter,

141 1196 195 1218 aut
214 1188 312 1226 ultra,
330 1186 376 1217 uti
395 1185 492 1222 velit,
509 1184 534 1215 is
550 1192 613 1214 non
633 1182 698 1218 uti,
718 1179 769 1211 sed
790 1179 876 1210 abuti
894 1178 1018 1209 dicitur.

140 1228 216 1261 Frui
235 1228 305 1269 plus
323 1225 494 1268 fignificat:
511 1233 583 1256 nam
600 1223 662 1254 frui
678 1221 741 1259 est,
753 1229 881 1252 omnem
901 1219 1018 1249 habere

140 1271 314 1302 utilitatem
330 1278 367 1300 ac
384 1265 648 1299 commoditatem
668 1273 736 1302 quae
754 1272 793 1293 ex
809 1270 843 1293 re
860 1261 909 1291 vel
927 1269 1018 1292 occa—

141 1312 231 1344 sione
250 1311 294 1342 rei
311 1308 433 1351 percipi
451 1306 573 1348 potest,
591 1305 654 1337 ssve
672 1305 753 1335 salva
772 1304 815 1334 rei
834 1301 1021 1340 substantia,

142 1353 209 1386 five
227 1351 385 1389 extincta
409 1351 486 1381 item
503 1347 566 1380 five
581 1349 619 1379 ad
640 1346 683 1377 rei
700 1345 941 1382 conditionem,
959 1342 1022 1374 five

143 1403 260 1426 contra
277 1402 364 1425 eam:
382 1392 412 1423 ἂ
424 1390 487 1421 hoc
506 1388 719 1421 demonstravi
738 1388 831 1426 plene
846 1387 872 1416 cl.
882 1395 905 1416 c.
923 1394 945 1416 1.
969 1385 1022 1415 Sic

144 1445 227 1467 vero
245 1434 451 1474 intelligitur,
469 1432 544 1471 quid
562 1430 710 1470 indigitet
723 1427 876 1468 Ulpianus
893 1427 950 1457 l.2.
963 1427 990 1457 h.
1001 1431 1022 1456 t.

143 1477 225 1515 Cui,
249 1475 395 1516 inquiens
408 1497 417 1510 ,
439 1472 508 1503 usus
524 1471 650 1502 relictus
669 1470 733 1507 est,
752 1468 797 1500 uti
817 1467 943 1508 potest,
959 1467 1020 1498 frui

142 1528 210 1551 non
235 1516 351 1558 potest.
383 1514 521 1545 ostendit
544 1513 651 1549 enim,
676 1510 778 1542 minus
804 1509 866 1541 effe
890 1510 921 1540 in
944 1507 1020 1547 usu,

145 1568 240 1600 quam
257 1559 288 1589 in
308 1554 490 1590 umfr-uctu,
513 1563 573 1584 nec
594 1561 699 1584 tamen
723 1553 753 1583 in
774 1558 879 1582 totum
896 1551 934 1581 ab
955 1551 1021 1581 usu-

141 1601 250 1633 fructu
268 1598 428 1629 recedere.
466 1594 641 1635 Utriusque
659 1593 840 1625 communia
865 1593 902 1632 (a
920 1591 1020 1632 poste-

142 1641 228 1675 riore
254 1641 337 1671 enim
362 1646 451 1679 parte
469 1636 637 1676 incipiam)
662 1636 730 1666 haec
754 1634 825 1665 sunt
843 1635 1019 1674 praecipua:

143 1683 232 1722 quod
249 1682 359 1713 iisdem
379 1680 437 1710 illis
455 1679 556 1710 modis
568 1701 577 1715 ,
600 1677 714 1717 quibus
730 1675 924 1706 ususfructus
941 1684 1021 1706 con-

142 1724 282 1758 stituitur
292 1746 301 1761 ,
315 1722 412 1759 ,etiam
424 1720 526 1751 nudus
538 1719 606 1750 usus
618 1717 766 1749 constitui
783 1716 879 1747 solet:
896 1717 1023 1748 iisdem-

143 1775 210 1807 que
227 1765 287 1796 illis
303 1764 407 1795 modis
424 1760 549 1798 finitur,
566 1760 681 1800 quibus
698 1757 931 1790 &ususfructus
949 1757 1023 1789 deii·

142 1809 194 1841 nit
211 1812 255 1848 pr.
268 1802 378 1846 laffih.
390 1810 411 1835 t.
435 1810 589 1844 praeterea
608 1801 683 1832 ficut
700 1800 887 1832 fructuarius
903 1799 1025 1831 fruetus

143 1849 314 1891 percipere
332 1846 429 1877 debet
447 1853 520 1875 cum
533 1843 703 1874 secundum
722 1843 766 1872 rei
784 1841 1025 1880 conditionem,

144 1898 215 1923 tum
233 1896 268 1921 ut
285 1888 367 1920 salva
385 1893 512 1919 maneat
529 1885 594 1925 ejus
611 1883 797 1915 substantia:
824 1882 867 1913 ita
884 1881 1026 1914 similiter

141 1929 282 1964 usuarius
292 1929 389 1961 debet
405 1938 461 1959 eos
479 1927 645 1966 percipere
660 1926 699 1956 ad
714 1925 846 1956 modum
866 1924 928 1962 rei,
945 1924 974 1955 ἂ
991 1930 1026 1955 ut

143 1973 230 2005 salva
246 1971 284 2004 sit
301 1972 369 2011 ejus
387 1968 572 2007 substantia,
598 1967 748 2008 quamdiu
765 1966 855 1997 durat
873 1973 926 1996 aut
943 1965 1026 1996 usus-

144 2014 269 2046 fruetus
285 2022 338 2044 aut
355 2011 443 2044 usus:
460 2009 552 2041 finito
572 2017 676 2039 autern
696 2008 849 2038 alterutro
864 2008 950 2047 jure,
975 2008 1027 2038 de-

145 2056 206 2088 bet
221 2064 356 2095 uterque
372 2054 458 2093 quod
483 2050 638 2092 superest,
659 2050 871 2090 proprietario
888 2048 1029 2080 restitue-

148 2107 196 2129 re.
221 2105 258 2127 ac
278 2095 358 2127 ficut
375 2104 415 2125 eo
435 2095 567 2125 nomine
585 2091 773 2123 fructuarius
792 2100 807 2120 a
826 2090 967 2122 Praetore
982 2091 1027 2131 ju-

146 2139 245 2171 betur
262 2138 302 2168 de
318 2145 454 2176 utroque
472 2143 587 2165 cavere
598 2134 676 2164 datis
693 2131 942 2171 fidejussoribus,
959 2141 1026 2173 quo

146 2181 190 2213 de
204 2180 272 2220 jure
285 2177 338 2209 suo
355 2185 461 2208 certus
479 2175 514 2207 sit
531 2176 677 2207 dominus
695 2174 917 2214 proprietatis:
935 2174 975 2204 ita
993 2172 1025 2205 fi-

145 2221 267 2254 :militer
284 2219 424 2258 Praetor,
439 2217 460 2249 fi
473 2217 540 2248 usus
556 2216 618 2247 sine
634 2215 739 2247 fructu
756 2216 879 2255 legatus
892 2215 970 2254 erit,
982 2215 1027 2255 ju-

147 2264 207 2295 bet
231 2260 405 2298 usuarium,
428 2261 576 2298 adempta
601 2257 718 2288 fructus
746 2255 855 2294 causa,
881 2256 1028 2288 satisdare

147 2305 209 2345 l.5.
229 2302 258 2344 §.
275 2312 299 2335 ι.
321 2302 361 2333 D.
378 2301 473 2338 usufr.
490 2301 649 2341 quemadm.
661 2308 723 2329 cav.
742 2297 869 2329 Summa
883 2298 934 2329 illa
950 2297 1028 2330 simi-

145 2346 299 2377 litudinis.
323 2342 525 2375 Differentiae
541 2342 608 2372 haec
625 2339 686 2372 est:
704 2339 791 2380 quod
810 2340 841 2370 in
855 2339 908 2370 usu
927 2339 1028 2372 minus

148 2387 223 2427 jutis
240 2385 285 2417 est
299 2408 309 2424 ,
334 2394 428 2424 quam
447 2384 478 2414 in
500 2381 645 2413 usufuCtu
665 2380 691 2422 §.
713 2391 737 2412 1.
759 2379 828 2420 Infl.
844 2380 862 2412 l.
886 2390 929 2413 10.
949 2380 976 2422 §.
995 2390 1026 2419 4.

149 2428 195 2459 D.
210 2427 237 2458 h.
254 2432 275 2458 t.
298 2436 368 2458 nam
385 2425 574 2457 fructuarius
593 2432 659 2454 rem
677 2421 879 2454 fructuariam
896 2430 1028 2454 exercet

150 2478 218 2500 non
234 2469 271 2499 ad
287 2467 503 2499 necessitatem
521 2474 661 2501 tanturn,
678 2463 731 2495 sed
749 2464 788 2494 ad
798 2464 1026 2505 compendium

151 2518 299 2550 quoque:
324 2508 459 2539 usuarius
476 2516 581 2538 autem
599 2514 668 2537 eam
686 2514 750 2536 non
767 2504 863 2536 habet
886 2507 924 2537 ad
940 2515 1027 2537 com-

151 2551 304 2591 pendium
317 2573 326 2588 ,
350 2550 401 2581 sed
417 2557 538 2580 tantum
557 2549 594 2580 ad
612 2547 828 2578 neceffitatem
847 2546 930 2578 suam
947 2556 1027 2587 quo-

153 2592 323 2628 tidianam,
347 2600 405 2629 pro
433 2591 588 2631 dignitate
611 2597 726 2620 tamen.
753 2589 795 2619 ita
820 2588 899 2620 alter
922 2587 1028 2629 potest

153 2642 223 2664 eam
241 2640 313 2663 cum
330 2632 395 2662 aliis
410 2632 646 2663 communicare
662 2631 819 2668 locando,
836 2630 1029 2668 vendendo,

153 2673 323 2706 donando:
341 2674 418 2703 alter
429 2682 492 2703 non
512 2671 637 2713 potest,
656 2680 863 2711 praeterquam
879 2671 909 2703 in
921 2672 1029 2711 paucis

151 2715 274 2747 cafibus
291 2714 343 2754 qui
366 2713 434 2743 sunt
451 2716 481 2744 in
499 2714 517 2744 l.
538 2723 582 2745 12.
596 2713 622 2755 §.
636 2723 665 2752 4.
682 2713 719 2747 ἐξ
734 2713 754 2745 l.
773 2723 822 2744 22.
841 2712 882 2744 D.
898 2713 927 2744 b.
943 2718 963 2743 t.
979 2722 1026 2745 re-

154 2757 243 2796 cepti
260 2756 327 2796 jure
342 2753 494 2793 singulari.

196 2799 221 2828 A
241 2796 400 2838 superiore
425 2794 601 2827 differentia
622 2796 742 2836 pendet
764 2799 858 2828 etiam
876 2795 1030 2834 sequenS,

155 2839 243 2881 quod
261 2836 450 2869 ususfructus
467 2835 511 2866 est
527 2837 671 2868 dividuus
684 2837 701 2867 Ι.
712 2848 740 2877 5.
754 2837 792 2868 D.
802 2839 835 2868 de
851 2837 941 2874 usufr.
960 2836 1030 2868 usus

157 2888 288 2915 omnem
310 2877 496 2912 divisionem
513 2875 631 2917 respuit
655 2879 674 2909 l.
694 2887 740 2915 19-
757 2879 785 2911 h.
803 2884 823 2910 t.
847 2879 898 2911 Ab
918 2879 1031 2913 eadem

299 110 462 146 Graiium
490 105 624 140 Noonr
651 101 767 136 Coma.
807 97 864 133 Ao
891 97 967 131 Lm.
994 95 1077 135 Vll.
1110 98 1195 134 Tm.
1223 97 1322 136 VIlI.
1348 97 1398 133 De
1415 95 1737 145 usu&habitatione.

1054 195 1185 227 quoque
1210 188 1335 220 ratione
1359 187 1390 219 in
1416 186 1567 218 oneribus
1590 186 1698 218 differt
1712 186 1783 218 usus
1799 187 1830 219 &
1845 186 1930 220 usus-

1053 227 1192 262 fruetus:
1215 239 1286 262 nam
1302 229 1323 261 fi
1347 230 1450 261 omnis
1467 226 1587 259 fruetus
1606 231 1644 259 ad
1662 228 1816 260 usuarium
1833 231 1930 268 perti-

1054 278 1130 309 net3
1154 271 1283 304 rationis
1306 270 1369 308 est,
1393 272 1490 301 etiam
1514 278 1612 300 onera
1637 272 1676 300 ad
1700 279 1772 300 eum
1795 270 1932 308 pertine-

1057 319 1110 349 re,
1132 311 1179 343 fin·
1193 313 1232 344 ad
1256 312 1502 352 proprietarium
1527 312 1658 342 redeant
1677 311 1867 349 commoda,
1889 312 1931 343 ad

1057 361 1128 398 eum
1144 354 1238 385 etiam
1248 354 1390 395 spectent
1407 362 1522 384 onera:
1535 351 1695 391 postremo
1713 351 1733 382 si
1750 353 1932 384 communia

1057 402 1222 434 utriusque
1238 394 1294 426 fint
1312 395 1483 426 commoda
1494 417 1503 433 ,
1515 394 1610 424 etiam
1626 394 1809 424 communia
1822 393 1934 424 utrius-

1057 443 1119 471 que
1136 434 1193 467 fint
1207 445 1305 467 onera
1320 437 1395 470 l.18.
1407 435 1448 468 D.
1459 436 1486 466 b.
1497 442 1517 466 t.
1538 433 1611 466 Nec
1627 434 1691 465 hoc
1708 434 1844 465 omitto:
1860 442 1934 466 cum

1057 474 1199 508 similiter
1216 477 1252 508 iit
1268 477 1307 508 ab
1317 479 1433 509 eodem
1444 476 1553 508 fonte:
1572 476 1659 515 quod
1676 474 1869 506 ususfructus
1880 484 1936 506 ex-

1059 516 1177 564 tinEtus
1188 527 1253 549 non
1269 517 1391 558 semper
1402 517 1484 549 redit
1495 519 1534 548 ad
1554 518 1783 558 proprietatem
1798 524 1935 562 propter

1057 567 1106 598 Jus
1124 557 1344 591 accrescendi:
1367 558 1435 591 usus
1452 568 1530 590 vero
1545 559 1593 599 jus
1604 558 1806 589 accrescendi
1823 566 1886 588 non
1903 567 1938 588 a-

1060 598 1195 640 gnoscit.
1219 598 1299 631 Haec
1309 599 1349 631 sic
1366 600 1397 631 in
1412 609 1530 641 genere
1547 599 1617 631 sunt
1634 609 1707 631 vera
1723 600 1753 630 ἃ
1769 599 1866 630 clara:
1882 597 1936 630 sed

1061 649 1095 671 ut
1109 639 1189 686 'Fori
1209 641 1424 680 disputatione
1443 642 1593 681 pleraque
1610 640 1723 672 suntin
1740 640 1865 681 fingulis
1884 640 1938 671 de-

1060 681 1330 720 finita,variatum
1348 683 1518 714 admodum
1537 682 1828 719 fuitaVeteribuS‚
1846 682 1937 711 ideo·

1061 732 1125 761 que
1140 723 1279 764 generali
1296 723 1355 754 hac
1373 722 1575 762 expositione
1597 733 1769 755 contentus
1793 732 1856 754 non
1874 721 1938 754 fuit

1061 763 1237 804 Ulpianus,
1261 763 1315 796 sed
1337 764 1501 804 separatim
1518 765 1615 796 videri
1634 765 1736 796 voluit
1751 766 1792 796 de
1807 763 1861 795 usu
1878 764 1938 794 do·

1062 815 1151 844 mus,
1173 804 1283 842 fundi,
1306 805 1405 844 servi,
1423 806 1560 845 pecoris.
1585 804 1637 836 De
1652 807 1768 846 quibus
1784 805 1937 847 praeclare

1062 847 1154 887 Janus
1174 856 1190 877 a
1207 845 1303 878 Costa
1319 848 1356 878 ad
1372 847 1400 878 h.
1419 853 1440 877 t.
1459 844 1531 886 Inft.
1553 856 1648 886 quem
1666 849 1749 878 vide.

1102 887 1249 929 Superest
1265 889 1362 920 altera
1376 895 1449 926 pars
1465 887 1630 926 Rubricae,
1650 887 1702 920 De
1719 888 1937 920 habitatione:

1064 929 1188 961 tertiam
1213 928 1361 961 adferens
1385 929 1523 969 speciem
1547 929 1705 961 servitutis
1722 929 1893 970 personalis
1908 928 1939 970 §.

1062 972 1115 1002 ult.
1137 969 1207 1011 Infl.
1224 972 1250 1002 h.
1262 977 1290 1011 F·
1312 980 1377 1002 non
1390 979 1494 1002 tamen
1514 979 1553 1001 ex
1572 972 1687 1010 regulis
1702 970 1792 1010 juris:
1811 971 1840 1001 ἀ
1858 979 1939 1010 prae-

1063 1013 1118 1043 bet
1140 1021 1360 1052 argumentum
1382 1014 1467 1052 quod
1485 1011 1539 1043 has
1563 1010 1745 1044 Marcianus
1762 1011 1780 1042 l.
1804 1021 1830 1043 1.
1849 1011 1889 1042 D.
1905 1012 1939 1042 de

1054 1055 1249 1095 servitutibus
1264 1062 1334 1094 quae
1352 1053 1395 1085 est
1412 1063 1451 1084 ex
1463 1053 1509 1083 lib.
1526 1062 1556 1093 3.
1573 1053 1773 1094 Regularum,
1792 1052 1939 1090 persona-

1062 1105 1130 1128 rum
1148 1094 1315 1126 servitutes
1339 1104 1544 1131 enumerans,
1568 1104 1620 1125 eas
1637 1094 1698 1125 effe
1717 1094 1780 1132 ait,
1803 1094 1886 1134 usum
1901 1092 1939 1128 ὃ)
1988 1106 1989 1110 ’
2033 1106 2036 1107 ’

1060 1136 1298 1176 usumfruftum5
1322 1136 1406 1167 nulla
1432 1134 1636 1166 habitationis
1659 1135 1740 1167 facta
1759 1136 1938 1167 mentione.

1063 1177 1264 1209 Modestinus
1289 1180 1384 1209 etiam
1400 1179 1417 1208 l.
1437 1186 1482 1209 10.
1500 1176 1540 1208 D.
1564 1178 1597 1208 de
1617 1179 1708 1217 capite
1724 1178 1864 1215 minutis,
1888 1177 1940 1216 Si,

1063 1220 1188 1259 inquit,
1210 1220 1351 1250 hahitatio
1369 1219 1498 1260 legetur,
1521 1225 1609 1249 morte
1624 1219 1738 1260 quidem
1752 1218 1890 1260 legatarii
1901 1219 1940 1249 le·

1061 1267 1167 1302 gatum
1190 1261 1338 1290 intercidit
1353 1283 1362 1299 ,
1387 1262 1489 1300 capitis
1513 1261 1701 1290 diminutione
1730 1266 1826 1291 tamen
1850 1262 1942 1291 inler-

1064 1303 1196 1333 veniente
1207 1306 1383 1342 perseverat:
1401 1303 1429 1333 ἃ
1448 1311 1506 1341 pro
1526 1303 1651 1333 ratione
1670 1300 1712 1332 fic
1731 1300 1870 1341 subjicit:
1892 1302 1941 1332 vi-

1065 1343 1163 1374 delicet
1186 1345 1255 1384 qaia
1281 1343 1336 1373 tale
1363 1342 1488 1384 legatum
1511 1343 1543 1372 in
1559 1341 1644 1382 fatto
1664 1343 1781 1382 potius,
1803 1352 1890 1383 quam
1906 1343 1939 1373 in

1059 1385 1128 1427 jure
1144 1383 1278 1424 confistit.
1310 1384 1476 1423 quomodo
1494 1393 1510 1414 a
1526 1384 1624 1415 Paulo
1641 1384 1660 1413 l.
1679 1393 1726 1423 27.
1746 1384 1774 1425 §.
1793 1394 1821 1414 2.
1841 1384 1889 1415 D.
1905 1385 1941 1414 de

1058 1426 1153 1467 pastis
1177 1427 1207 1456 in
1233 1424 1487 1466 stipulationibus
1512 1426 1628 1456 dicitur
1641 1425 1689 1465 jus
1705 1425 1882 1463 contineri,
1906 1427 1941 1456 in

1064 1467 1163 1508 pastis
1181 1466 1299 1498 factum
1319 1466 1443 1497 versari.
1467 1466 1508 1497 Et
1526 1467 1557 1497 in
1573 1467 1650 1505 l.48.
1667 1465 1694 1507 §.
1717 1475 1744 1497 1.
1763 1467 1810 1496 J).
1825 1467 1858 1496 de
1872 1467 1940 1506 adq.

1064 1519 1119 1539 rer.
1145 1510 1217 1540 dom.
1243 1508 1359 1539 dicitur
1381 1507 1530 1547 usucapio
1555 1508 1683 1547 quidem
1709 1507 1746 1537 ad
1769 1507 1818 1546 jus
1836 1530 1847 1545 ,
1871 1506 1940 1538 sru-

1065 1550 1170 1582 {tuum
1190 1559 1268 1580 vero
1286 1550 1452 1590 perceptio
1469 1548 1506 1579 ad
1529 1547 1647 1580 factum
1663 1549 1837 1588 pertinere.
1881 1547 1942 1578 Pu-

1063 1600 1166 1622 temus
1184 1590 1296 1631 igitur,
1314 1590 1545 1622 habitationem
1563 1597 1652 1620 extra
1667 1591 1790 1630 regulas
1800 1589 1874 1628 juris
1893 1587 1944 1619 fu-

1063 1632 1116 1664 iffe
1135 1641 1297 1672 receptam
1308 1641 1367 1672 pro
1384 1631 1537 1663 servitute
1553 1630 1724 1669 personali,
1735 1630 1832 1670 idque
1844 1630 1943 1662 etiam

1065 1674 1232 1714 indigitare
1259 1672 1487 1712 Imperatorem
1504 1673 1531 1703 d.
1549 1672 1577 1714 §.
1597 1672 1650 1703 ult.
1675 1681 1748 1703 cum
1765 1672 1827 1709 ait,
1853 1671 1941 1702 habi-

1067 1716 1222 1746 tationem
1233 1724 1339 1754 neque
1350 1713 1436 1746 usum
1447 1714 1567 1752 videri,
1578 1722 1681 1754 neque
1692 1711 1918 1745 usumfructum
1930 1735 1942 1752 ,

1067 1756 1119 1788 sed
1137 1755 1220 1796 quasi
1237 1757 1400 1797 proprium
1416 1755 1545 1797 aliquod
1558 1757 1617 1794 jus.
1629 1763 1838 1795 quamquam,
1856 1761 1892 1785 ut
1902 1754 1942 1785 ab

1066 1806 1206 1838 utroque
1230 1797 1459 1839 distinguatur,
1483 1796 1580 1837 magis
1605 1797 1644 1827 ad
1663 1794 1766 1834 usum,
1790 1804 1883 1836 quarn
1903 1795 1944 1827 ad

1067 1838 1294 1870 usumfructum
1311 1839 1485 1876 accedere,
1503 1837 1657 1877 Ulpianus
1674 1836 1790 1869 censet.
1803 1837 1822 1868 l.
1837 1846 1881 1869 10.
1895 1837 1942 1868 D.

1068 1881 1095 1912 b.
1115 1887 1136 1912 t.
1158 1879 1266 1912 Verba
1282 1879 1427 1921 Ulpiani:
1449 1880 1482 1911 Si
1494 1880 1631 1910 habitatio
1649 1879 1776 1919 legetur,
1792 1889 1831 1910 an
1843 1879 1943 1918 perin-

1069 1924 1101 1954 de
1110 1921 1169 1961 fit,
1193 1928 1280 1963 atque
1298 1921 1328 1960 fi
1351 1922 1437 1962 usus,
1459 1920 1624 1963 quaeritur?
1647 1920 1684 1955 ἐξ
1707 1919 1810 1961 effet‘i‘u
1846 1921 1941 1950 uidem

1070 1965 1143 1995 idem
1157 1971 1229 2004 pene
1246 1963 1296 2003 effe
1311 1963 1438 2002 legatum
1453 1963 1521 2000 usus
1540 1962 1576 1996 ὅ)
1592 1962 1796 2000 habitationis,
1881 1961 1942 1992 Pa-

1067 2007 1208 2046 pinianus
1225 2004 1361 2043 conlenfit
1376 2005 1423 2035 lib.
1438 2009 1483 2039 18.
1508 2001 1716 2050 Qioesiionum.
1740 2002 1876 2043 Denique
1892 2004 1942 2032 do-

1070 2057 1141 2078 nare
1155 2056 1212 2078 non
1224 2047 1340 2087 poterit.
1359 2046 1410 2085 fi'd
1428 2055 1474 2077 eas
1493 2050 1627 2086 personas
1642 2046 1755 2085 recipiet
1771 2054 1842 2085 quas
1858 2042 1894 2078 ἐξ
1907 2053 1942 2073 u-

1063 2090 1197 2129 suarius.
1221 2088 1272 2118 Ad
1289 2088 1414 2118 heredem
1430 2093 1525 2118 tamen
1539 2096 1589 2117 nec
1606 2086 1666 2126 ipsa
1681 2084 1802 2123 tranfit:
1818 2095 1869 2115 nec
1884 2094 1943 2116 non

1067 2131 1170 2162 utendo
1188 2130 1353 2166 amittitur,
1376 2138 1427 2159 nec
1451 2129 1552 2169 capitis
1568 2128 1767 2159 diminutione.
1804 2126 1857 2157 Sic
1875 2127 1942 2157 edi-

1070 2180 1128 2203 tur.
1155 2171 1250 2202 Male.
1274 2170 1393 2202 scribo:
1413 2171 1461 2201 Ad
1477 2171 1603 2200 heredem
1619 2178 1670 2201 nec
1684 2170 1743 2208 ipsa
1759 2167 1879 2205 tranfit:
1893 2177 1944 2199 nec

1070 2219 1164 2244 tamen
1179 2222 1236 2243 non
1254 2213 1358 2243 utendo
1375 2212 1522 2242 amittitur
1532 2233 1541 2248 ‚
1556 2220 1607 2241 nec
1622 2211 1725 2250 capitis
1742 2211 1942 2241 diminutione.

1070 2253 1230 2286 veriffimo
1255 2253 1341 2285 sensu
1368 2262 1463 2290 quem
1481 2253 1614 2293 probavi
1630 2252 1679 2282 lib.
1697 2261 1727 2294 3.
1746 2251 1943 2283 Probabilium

1070 2306 1095 2327 c.
1112 2305 1140 2336 7.
1164 2295 1261 2336 Atqui
1279 2295 1364 2326 idem
1382 2293 1536 2334 Ulpianus
1551 2293 1571 2324 l.
1590 2304 1619 2334 5.
1635 2293 1700 2335 §.3
1717 2293 1762 2323 D.
1783 2292 1941 2331 Usufrubt.

1070 2339 1230 2379 quemadm.
1247 2342 1367 2374 caveat,
1385 2334 1481 2374 Etsi,
1497 2335 1619 2375 inquit,
1637 2335 1794 2371 habitatio,
1816 2333 1864 2364 vel
1879 2340 1943 2372 ope-

1070 2389 1107 2410 rae
1122 2379 1244 2410 bominis
1255 2401 1265 2417 ,
1288 2378 1334 2408 vel
1347 2378 1431 2419 cujus
1448 2377 1566 2408 alterius
1583 2376 1735 2413 animalis,
1754 2373 1859 2405 relittae
1870 2374 1944 2413 fue-

1068 2423 1129 2452 rint
1139 2444 1148 2457 ,
1158 2418 1310 2459 stipulatio
1325 2419 1416 2450 locum
1433 2419 1563 2453 habebit;
1579 2418 1642 2448 licet
1659 2424 1710 2457 per
1725 2416 1821 2446 omnia
1836 2416 1895 2445 haec
1909 2424 1944 2446 u·

1057 2461 1262 2502 Jumfruftum
1279 2471 1337 2492 non
1352 2461 1513 2491 imitantur.
1528 2459 1579 2489 Sic
1597 2467 1708 2489 omnes
1725 2457 1804 2488 libri.
1819 2455 1840 2494 fi
1852 2464 1945 2488 vere:

1069 2502 1224 2535 habitatio
1243 2503 1341 2544 magis
1359 2503 1398 2532 ad
1425 2499 1649 2532 usumfructum
1673 2501 1833 2537 accedat,
1848 2507 1946 2537 quarn

1069 2546 1108 2576 ad
1123 2544 1220 2575 usum.
1258 2543 1321 2575 Sed
1340 2541 1520 2578 videamus,
1543 2550 1583 2572 ne
1601 2541 1651 2571 hic
1671 2549 1802 2580 quoque
1818 2540 1944 2571 laboret

1071 2586 1241 2626 scriptura,
1266 2585 1295 2616 ἀ
1313 2582 1437 2624 praestet
1457 2582 1594 2621 restitui,
1612 2581 1695 2613 Licet
1707 2588 1759 2621 per
1776 2581 1871 2611 omnia
1887 2581 1947 2611 baec

1070 2625 1332 2667 usumfrufiiumve
1348 2634 1405 2655 non
1419 2626 1583 2655 imitantur.
1611 2623 1655 2654 lta
1672 2623 1794 2662 conjeci
1812 2624 1839 2653 d.
1854 2622 1901 2652 lib.
1913 2632 1945 2662 3.

1071 2679 1093 2700 c.
1104 2673 1131 2702 8.
1149 2669 1201 2699 ubi
1220 2668 1303 2700 vide.
1328 2665 1426 2703 Dixi,
1443 2666 1518 2706 quid
1529 2664 1722 2701 obtinuerit,
1742 2665 1843 2704 legata
1862 2664 1948 2694 habi-

1073 2710 1205 2742 tatione.
1230 2707 1282 2740 sed
1298 2708 1373 2748 quid
1386 2731 1395 2745 ,
1408 2706 1428 2738 fi
1444 2709 1535 2746 χςῆως
1552 2705 1586 2738 fit
1605 2705 1731 2744 reneka,
1749 2715 1802 2736 aut
1818 2704 1947 2736 reliCtus

1073 2753 1186 2782 domus
1209 2749 1401 2782 ususfructus
1426 2748 1588 2779 habitandi
1606 2748 1716 2778 causa:
1741 2747 1792 2777 vel
1809 2746 1877 2777 usus
1894 2745 1947 2776 ha-

1073 2791 1193 2824 bitandi
1218 2790 1332 2822 causa?
1356 2791 1396 2821 de
1419 2789 1567 2821 omnibus
1583 2789 1631 2820 his
1648 2798 1689 2820 ex
1706 2787 1861 2819 Veterum
1880 2787 1948 2817 sen-

1074 2835 1173 2865 tentia
1192 2831 1345 2872 Ulpianus
1361 2832 1389 2862 d.
1407 2831 1424 2861 l.
1445 2840 1490 2863 10.
1500 2830 1527 2872 §.
1548 2830 1656 2865 1.&2.
1679 2830 1742 2862 Sed
1757 2839 1774 2861 a
1791 2827 1947 2862 vetustate

1073 2875 1141 2908 abit
1158 2873 1346 2915 Justinianus
1363 2873 1383 2905 l.
1404 2882 1450 2915 13.
1469 2872 1502 2904 C.
1520 2875 1554 2905 de
1569 2871 1736 2913 usufruftu.

1786 3239 1949 3274 LIBER
