2036 3495
1022 78 1061 116 N

174 177 207 210 in
222 178 273 210 illa
282 174 413 219 fletiffit.
442 171 602 207 Locutione
618 177 715 204 autem
731 171 839 204 ciseium
860 168 899 211 est
916 171 1015 201 minus
1027 179 1060 203 ti-

167 218 271 258 fitctta.
315 219 364 250 Sic
382 218 456 249 enim
480 217 600 247 videtur
615 218 742 253 sonare:
774 213 809 245 In
833 221 969 243 veritate
992 222 1057 244 non

173 260 282 298 stetit,
306 260 376 299 quia
401 267 466 289 non
490 256 535 288 est
550 257 667 286 veritas
685 255 715 286 in
736 264 796 292 eo,
817 260 958 295 tanquam
976 263 1007 285 en
1021 253 1059 289 fit

178 303 285 339 caule,
309 306 342 331 ut
356 301 387 330 in
403 301 526 330 veritate
540 307 597 328 non
607 294 723 337 steterit
733 319 743 335 ,
759 299 836 337 quod
850 297 883 326 in
898 305 927 327 eo
943 297 1055 327 veritas

176 340 305 380 nonfit:
321 350 386 371 cum
395 343 494 380 potius
510 348 542 370 ea
552 337 594 376 fit
611 339 714 374 causa,
731 345 763 369 ut
779 338 811 368 in
827 347 857 368 eo
874 338 983 369 veritas
998 347 1055 368 non

167 382 227 421 fit,
243 383 317 424 quod
334 383 365 412 z'n
382 382 506 412 veritate
521 387 577 410 non
589 377 680 422 stetit.
706 380 760 410 Seri
775 376 829 419 ista
845 379 947 409 locutio
963 377 1001 419 esi}
1019 378 1056 413 δ’

173 426 205 454 in
221 423 357 465 Psc'iimo,
375 429 410 453 ut
425 423 486 454 ait.-
508 421 581 462 Ego
606 422 758 453 clamavi:
785 422 934 460 quoniam
959 429 1056 452 exau-

173 464 242 496 disti
263 468 314 496 me
333 463 442 496 Deus:
465 473 531 495 cunt
546 465 698 494 dicendum
710 461 800 503 fuiffe
823 463 977 493 videatur:
992 461 1056 493 Ex·

175 506 286 537 audisti
305 515 356 537 me
374 504 485 543 Deus,
511 505 661 545 quoniam
677 505 823 535 clamavi.
860 504 915 534 Sed
931 513 995 534 cum
1012 504 1055 534 cli-

171 547 257 588 xiffet
268 570 277 585 ‚
295 547 358 588 Ego
373 547 517 578 clamavi:
534 553 675 586 tanquam
692 547 727 576 ab
744 555 772 576 eo
789 551 962 586 quaereretur
975 568 983 583 ,
1002 554 1056 575 un-

173 590 207 620 de
216 588 248 630 se
260 587 392 628 clamaſje
411 587 602 629 monstrarem
618 590 653 618 ab
670 586 773 628 effebiu
789 587 984 617 exauditionis
1000 585 1057 616 Dei

172 631 305 662 clamoris
315 628 368 671 siti
382 628 504 670 ostendit
514 628 666 670 efferiiam,
685 636 823 670 tunquam
834 629 957 659 diceret:
974 626 1058 658 Hinc

171 670 283 712 ostendo
299 671 429 712 clnmaffe
447 681 508 710 me,
531 671 668 712 quonium
685 668 832 710 exaudisti
848 679 898 700 nie.
927 670 976 700 Ab
994 669 1056 700 Au-

171 713 299 755 gustino
317 722 462 754 petamus
477 712 661 751 exemplum
680 710 851 742 illustrandi
869 709 1056 751 liachlpia-

172 756 205 787 ni
229 755 344 786 verba:
363 755 429 786 Nec
446 753 502 794 ipse
516 753 711 794 poteri'tservi
726 754 853 793 corrupti
869 762 969 793 age⁷e;
987 752 1058 793 quia

171 796 248 828 nibil
268 797 330 838 ejus
345 794 480 837 interest,
496 798 617 836 ser-vum
635 803 693 825 non
718 795 870 834 corrumpi.
904 792 1056 834 Ulpianus

170 839 263 876 vult,
286 837 306 869 si
326 847 502 878 quaeratur,
526 846 563 868 an
584 836 677 867 bonae
697 835 771 867 fidei
791 834 961 876 possessor,
985 845 1057 866 coi·—

171 887 269 921 rupto
293 878 386 910 servo
410 888 507 916 quem
529 878 616 910 bona
632 876 694 909 fide
711 878 807 915 emit,
832 886 902 918 agat
920 885 972 908 aut
990 885 1054 908 non

172 929 243 962 agat
260 921 387 952 actione
404 920 482 952 servi
500 920 659 961 corrupti,
676 928 714 950 ex
733 929 774 950 eo
787 918 861 950 sumi
881 920 1032 950 indicium
1044 941 1053 957 ,

171 971 277 995 utrum
294 961 414 994 interfit
425 963 490 1003 ejus
502 985 510 999 ,
527 961 649 993 servum
662 960 888 999 corrumpiaut
906 969 969 991 non
986 969 1054 991 cor-

171 1005 284 1045 rumpi.
310 1003 417 1035 Restat
434 1003 614 1044 postremus
629 1001 734 1034 versus
751 1003 776 1032 d.
789 1002 808 1033 l.
824 1011 848 1033 i.
865 1002 891 1044 §.
913 1010 936 1032 1.
956 1001 1053 1041 Etsa-

174 1046 250 1085 nesi
264 1048 329 1088 quis
347 1046 398 1077 hoc
414 1047 578 1086 admiserit,
594 1046 723 1081 eveniet,
740 1050 773 1074 ut
791 1045 898 1074 ciziobzzs
915 1042 987 1074 αὲἶίο
995 1042 1053 1083 Jer-

170 1089 204 1119 iaz·
219 1088 347 1128 corrupti
359 1092 519 1128 competat,
543 1088 617 1127 quod
630 1083 670 1125 ist
685 1086 850 1118 uolturium.
881 1083 969 1127 Quid
991 1085 1055 1115 hoc

170 1129 263 1162 versu
280 1129 512 1168 denuncietur,
529 1129 622 1168 plane
644 1137 693 1158 me
706 1127 799 1168 sugit.
822 1136 861 1157 ne
879 1130 974 1158 video
988 1128 1054 1166 qui-

172 1172 247 1203 dem
264 1171 303 1202 ab
319 1170 387 1203 aliis
398 1171 475 1212 quid
487 1179 526 1202 ex
539 1169 639 1201 solido
656 1168 772 1199 adferri
788 1170 826 1199 ad
844 1167 1053 1199 intellectum.

172 1213 218 1245 ita
235 1222 374 1252 vereor3
399 1222 439 1244 ne
458 1213 483 1244 is
506 1210 613 1243 versus
630 1220 694 1241 non
712 1209 746 1241 sit
767 1209 911 1249 Ulpiani3
936 1209 987 1240 sed
1008 1208 1054 1240 ln-

173 1255 343 1296 terpreds,
366 1254 443 1295 quid
462 1254 568 1292 dicat,
592 1262 658 1284 non
680 1252 895 1292 intelligentis.
919 1253 1054 1291 primum

172 1297 324 1337 quamdiu
340 1296 489 1328 dominus
506 1296 689 1336 ignoratur,
707 1295 800 1324 bonae
813 1292 885 1324 fidei
903 1291 1055 1332 possessor

173 1347 234 1379 pro
261 1337 396 1369 domino
422 1337 568 1368 habetur.
594 1337 698 1373 idem,
723 1335 774 1366 ubi
800 1342 931 1375 apparet
954 1334 1054 1365 domi-

171 1389 251 1419 nus,
276 1379 389 1411 desinit
410 1378 471 1410 esse
490 1379 519 1409 ἀ
534 1378 681 1409 dominus
698 1376 726 1407 ἀ
745 1375 896 1418 possessor
913 1376 1006 1407 bonae
1022 1373 1055 1406 fi-

172 1422 234 1453 dei.
262 1421 378 1452 deinde
404 1429 460 1451 cur
485 1418 521 1451 sit
546 1419 713 1450 absurdum
733 1441 741 1456 ,
767 1418 894 1449 duobus
918 1426 1055 1458 quorum

170 1462 314 1501 intersit,
338 1471 403 1494 non
423 1461 584 1500 corrumpi
609 1459 753 1497 servum,
776 1458 924 1490 adversus
949 1468 1055 1490 corru-

172 1512 301 1546 ptorem
318 1511 507 1543 competere
532 1501 611 1532 servi
629 1502 771 1541 corrupti
789 1500 973 1533 aaronem?
999 1509 1054 1540 po·

170 1555 227 1585 ne,
256 1544 418 1584 corrumpi
442 1543 649 1574 frustum-ium
675 1542 817 1575 servum:
842 1543 963 1574 domini
982 1550 1052 1582 pro-

169 1594 242 1628 pter
268 1586 497 1627 proprietatem
516 1608 525 1622 ,
550 1584 712 1615 fructuarii
736 1592 870 1625 propter
896 1582 1051 1615 usumfru-

171 1628 276 1664 Ctum,
300 1626 466 1665 interesse,
490 1627 522 1658 id
546 1635 610 1657 non
636 1625 723 1658 fieri:
747 1635 785 1657 an
803 1625 847 1657 est
865 1625 975 1664 causti,
999 1634 1054 1656 cur

169 1680 234 1702 non
252 1669 287 1701 fit
304 1669 430 1704 utrique
448 1669 518 1708 jus,
544 1667 627 1698 suam
645 1667 786 1707 injuriam
802 1667 832 1698 in
848 1666 968 1707 judicio
980 1676 1053 1697 exe-

169 1712 250 1751 qui?
274 1710 350 1751 quid
369 1710 390 1742 si
408 1717 559 1751 praeterea
576 1709 659 1749 apud
678 1709 848 1749 Ulpianum
867 1708 886 1739 l.
909 1717 933 1739 1.
950 1708 979 1749 §.
997 1708 1051 1738 ult.

168 1754 217 1785 D.
237 1754 269 1784 de
285 1752 406 1794 injuriis
422 1751 463 1783 fic
487 1750 603 1783 extat?
629 1750 706 1781 litem
724 1752 765 1781 ait
783 1750 927 1782 Neratius
940 1759 976 1781 ex
992 1759 1053 1780 una

166 1795 282 1837 injuria
297 1796 440 1825 interilum
450 1794 540 1824 tribus
549 1793 621 1823 oriri
630 1792 812 1833 injuriarum
828 1792 968 1823 astionem
978 1814 986 1829 ,
1003 1800 1051 1821 ne-

167 1846 222 1878 que
239 1836 327 1867 ultius
343 1835 484 1866 astionem
500 1841 552 1875 per
568 1834 656 1864 aliani
673 1834 818 1873 consumi:
841 1836 874 1864 ut
888 1838 963 1874 puta
978 1842 1050 1864 uxo-

170 1879 197 1909 ri
212 1888 277 1909 meae
293 1876 495 1917 filiaefciniilias
511 1874 722 1917 injztrictfci&a
740 1874 797 1916 est.-
813 1874 849 1910 ἐξ
865 1875 934 1906 mibi
950 1873 986 1909 {9³
1002 1882 1052 1914 pa-

171 1921 212 1951 zri
228 1920 291 1961 ejus
302 1943 311 1956 ,
336 1918 373 1953 C?
391 1917 442 1959 iffi
458 1918 640 1959 injuriarum
656 1916 728 1947 αὲἶίο
743 1918 861 1957 incipiet
877 1922 1037 1956 competere.

212 1960 328 2001 injecta
346 1961 446 1992 modo
464 1959 586 1990 mentio
607 1959 646 1989 de
663 1957 835 1989 fructuario
854 1958 962 1996 servo,
987 1967 1054 1989 mo-

170 2010 226 2034 net
244 2012 315 2041 me3
340 2010 373 2033 ut
392 2002 515 2043 plenius
530 2010 638 2041 agam,-
663 2001 738 2040 quid
751 2000 825 2040 juris
843 1999 898 2039 sits,
922 2009 962 2030 eo
980 2008 1052 2030 core

171 2051 268 2084 rupto
288 2044 338 2076 vel
355 2053 371 2074 a
389 2041 521 2075 domino
540 2042 764 2082 proprietatis,
781 2041 833 2073 vel
848 2041 887 2073 ab
905 2040 972 2082 ipso
989 2040 1053 2072 fru-

172 2085 314 2124 ctum-io,
339 2085 389 2116 vel
413 2094 429 2115 a
457 2084 566 2116 tertio,
591 2083 690 2124 prima
707 2083 840 2123 quaestio
856 2083 932 2122 erit,
957 2081 979 2114 si
997 2083 1052 2114 do·

170 2128 276 2159 minus
294 2126 498 2168 proprietatis
516 2127 697 2165 corruperit
715 2125 835 2157 servum
853 2125 883 2156 in
903 2133 968 2165 quo
986 2133 1052 2156 me-

171 2179 207 2200 us
224 2168 260 2200 sit
276 2167 489 2206 ususfruftus3
513 2176 550 2198 an
575 2167 650 2198 milii
669 2166 815 2198 adversus
831 2176 903 2198 eum
920 2174 1052 2206 compe-

170 2218 216 2242 tat
237 2211 321 2242 aeno
347 2209 426 2240 servi
453 2209 606 2248 corrupti.
631 2207 711 2239 facit
735 2208 831 2247 hinc,
855 2209 943 2249 quod
967 2207 1053 2239 suum

171 2252 315 2293 eorrupit
335 2251 469 2282 servum.
491 2251 585 2288 inde,
603 2251 691 2290 quod
706 2259 767 2290 ego
778 2249 882 2280 habeo
898 2250 946 2290 jus
964 2257 1054 2280 uten-

171 2293 202 2325 di
220 2293 350 2325 fruendi
371 2292 482 2331 servo;
507 2301 547 2323 ex
570 2301 678 2332 eoque
694 2290 917 2323 confessoriam
935 2291 966 2322 in
985 2299 1053 2322 rem

172 2335 343 2367 actionem.
365 2335 474 2375 itaque
489 2332 619 2365 interest
637 2342 724 2371 mea,
742 2332 866 2364 servum
882 2334 972 2365 illum
988 2341 1053 2364 non

174 2377 355 2418 corrumpi,
380 2385 514 2416 propter
535 2374 783 2413 usumfructum,
798 2374 832 2406 id
852 2374 916 2412 est,
931 2375 978 2413 jus
996 2374 1052 2405 do·

172 2418 272 2449 minio
292 2428 356 2450 non
374 2417 525 2449 absimile.
545 2415 683 2448 Dabitur
700 2415 794 2456 igitur
810 2416 888 2447 mihi
905 2414 1052 2448 adversus

172 2467 204 2490 te
230 2469 295 2491 iion
322 2459 440 2491 directa
465 2459 549 2490 actio
573 2468 611 2489 ex
629 2456 732 2489 Edicti
751 2457 874 2489 verbis:
898 2456 968 2498 quia
986 2467 1051 2488 non

174 2499 239 2531 siim
258 2502 404 2533 dominus
420 2500 585 2532 fructuarii
602 2498 700 2531 servi:
719 2498 770 2531 sed
789 2498 873 2531 utilis
890 2509 929 2530 ex
948 2497 1053 2530 EdiCti

174 2541 348 2581 sententia;
372 2541 445 2583 quia
461 2551 495 2573 ut
520 2551 585 2573 non
612 2540 666 2573 sim
684 2540 764 2572 servi
783 2542 950 2578 dominus;
973 2548 1004 2571 at
1022 2540 1053 2571 in

173 2593 214 2615 eo
240 2582 345 2614 habeo
367 2585 415 2623 jus
441 2585 588 2615 dominio
611 2581 805 2622 proximum.
833 2582 874 2614 fic
899 2581 1052 2622 Ulpianus

172 2625 193 2657 l.
211 2634 240 2661 9.
258 2624 285 2665 ἓ.
308 2633 331 2655 1.
351 2624 392 2655 D.
413 2625 440 2656 b.
457 2631 477 2656 t.
496 2625 647 2665 idemque
662 2623 724 2656 esse
741 2624 800 2662 ait3
825 2623 847 2655 fi
866 2623 953 2655 forte
975 2624 1053 2654 alius

173 2676 247 2698 eum
273 2666 432 2705 receperit
457 2667 508 2697 vel
531 2665 720 2707 corruperit.
744 2666 840 2706 quid,
863 2664 885 2697 fi
905 2664 1011 2696 servus
1036 2674 1053 2695 a

174 2717 226 2740 me
243 2706 343 2738 fastus
353 2705 390 2738 sit
406 2707 574 2739 deterior?
590 2708 632 2738 ait
652 2708 825 2746 Ulpianus,
842 2706 930 2747 posse
949 2714 981 2738 te
999 2706 1053 2746 qui

173 2759 209 2781 es
236 2748 383 2781 dominus
404 2748 502 2785 servi,
525 2758 652 2780 mecum
670 2749 806 2789 experiri
825 2749 953 2780 afflone
971 2748 1053 2779 dire-

178 2792 238 2823 tta.
263 2789 339 2822 Non
357 2789 459 2820 minus
476 2789 581 2828 placet
597 2790 662 2821 hoc
680 2789 766 2821 Pauli
785 2790 804 2821 l.
827 2799 873 2829 14.
889 2789 917 2831 §.
937 2798 966 2830 3.
985 2791 1014 2820 d.
1034 2795 1054 2820 t.

175 2833 198 2865 fi
216 2831 321 2863 servus
335 2831 365 2863 in
383 2839 448 2870 quo
467 2829 570 2860 habeo
587 2831 831 2870 usumfructum,
847 2832 971 2863 servum
990 2839 1056 2861 me-

174 2884 227 2907 um
245 2879 449 2919 corrumpat,
474 2869 547 2902 fore
564 2872 641 2904 mihi
657 2873 814 2905 actionem
831 2883 905 2905 cum
924 2873 1057 2904 domino

174 2923 392 2958 proprietatis.

219 2957 372 2988 Occurrit
390 2955 443 2987 hic
461 2955 489 2987 61
506 2954 564 2986 alia
574 2953 763 2986 deliberatio
775 2957 815 2987 de
834 2955 923 2987 servo
941 2956 1055 2997 pigno-

175 2999 201 3032 ri
220 3001 315 3031 dato:
338 2999 379 3029 de
406 3006 472 3038 quo
496 2996 538 3028 fic
557 2995 686 3026 Paulus:
712 2997 848 3037 Pignoris
864 3000 926 3029 cinti
942 2999 1056 3028 nomine

176 3042 285 3071 debitor
302 3041 388 3071 habet
404 3039 480 3070 hanc
495 3037 633 3082 astionem,
649 3035 670 3066 l.
695 3045 739 3072 14.
757 3037 784 3077 §.
802 3049 829 3076 4.
849 3041 876 3069 b.
894 3045 915 3070 t.
948 3038 1056 3079 Expli.

178 3083 341 3113 cationein
370 3090 435 3112 non
461 3080 563 3112 addo:
585 3077 688 3116 aliqua
712 3078 743 3108 in
762 3078 968 3111 Rationalibus
984 3081 1056 3112 data

179 3123 218 3154 ab
242 3123 384 3154 Antonio
404 3121 527 3160 Fabro,
553 3118 592 3151 V.
610 3117 668 3150 CL.
769 3159 774 3163 η

218 3162 364 3203 Tempus
385 3163 449 3200 est,
473 3162 636 3204 cogitare,
658 3159 697 3190 ad
723 3159 799 3197 quid
816 3167 981 3198 competat
997 3161 1054 3193 fer-

177 3206 209 3238 vi
226 3204 370 3246 corrupti
385 3204 481 3238 aetio.
513 3202 663 3237 Praetoris
676 3200 794 3238 verba,
820 3200 860 3231 ad
877 3209 946 3240 quae
964 3210 1056 3234 revo-

172 99 241 125 200
617 74 964 121 GEfiARDI

1095 87 1286 117 oona·
1345 82 1559 119 Cottii.

1103 170 1203 202 canda
1227 170 1296 202 haec
1320 172 1516 213 disputatio,
1541 171 1613 204 talia
1631 173 1719 212 sunt,
1744 172 1863 218 Quanti
1875 184 1909 210 ea
1926 182 1976 210 ree-

1101 212 1175 257 erit,
1197 213 1228 244 in
1245 213 1365 255 duplum
1374 214 1523 255 judicium
1538 216 1619 246 daho.
1641 213 1692 246 Ex
1708 215 1756 246 his
1773 216 1895 257 liquet,
1916 218 1980 251 ser-

1102 261 1132 283 ν]
1151 257 1293 298 corrupti
1312 257 1472 287 actionem
1491 257 1553 288 dari
1579 257 1609 288 in
1627 257 1776 296 duplum,
1803 259 1912 297 quanti
1936 269 1975 294 ea

1100 302 1150 339 res
1167 303 1237 327 erit.
1262 298 1369 336 Atque
1387 296 1470 329 hanc
1488 298 1625 339 regulam
1646 298 1720 330 hinc
1740 299 1874 340 collegit
1891 300 1975 334 Mai·-

1100 342 1207 368 cianus
1230 336 1249 368 l.
1274 338 1326 368 ult.
1352 339 1379 369 h.
1400 344 1421 370 t.
1448 348 1517 378 quae
1535 339 1580 371 est
1597 350 1636 371 ex
1652 339 1696 371 lib
1720 348 1750 379 4.
1769 340 1975 381 Regularum:

1099 375 1140 407 ab
1152 385 1258 418 eoque
1269 388 1347 425 mox
1364 382 1593 421 exceptionem
1611 381 1741 413 deditin
1760 391 1879 420 uxore,
1896 380 1974 416 cofi-

1097 416 1199 463 stante
1211 421 1432 452 matrimonio:
1447 423 1577 462 dicens,
1594 422 1708 454 favore
1720 424 1899 464 nuptiarum
1916 433 1979 458 ma·

1099 467 1165 505 rito
1174 460 1320 506 adversus
1333 471 1402 494 eam
1413 462 1492 495 servi
1504 464 1647 505 corrupti
1660 472 1782 496 tantum
1793 465 1823 496 in
1835 464 1978 506 simplum

1100 501 1167 531 dari
1191 501 1370 549 actionem:
1395 506 1546 547 exemplo
1571 507 1706 538 aetionis
1731 515 1835 537 rerum
1858 516 1976 540 amota-

1100 550 1188 580 rum,
1208 545 1249 589 de
1266 551 1327 583 qua
1343 552 1385 576 ita
1403 545 1506 587 Impp.
1517 546 1741 580 Diocletianus
1758 548 1788 579 ὅτ.
1810 548 1976 580 Maximia-

1099 591 1177 614 nus:
1193 582 1328 616 Divortii
1342 589 1428 626 causa
1438 590 1520 620 rebus
1535 590 1636 620 uxoris
1647 591 1776 621 amarico
1793 593 1913 628 aniciis,
1928 589 1974 622 vel

1099 625 1136 655 ab
1158 633 1249 671 ωροτε
1273 628 1390 666 mariti,
1414 638 1511 661 rerum
1533 637 1693 662 amotarum
1717 630 1820 662 Eoifi‘o
1842 637 1974 671 perpetuo

1096 671 1281 706 permittitur
1304 666 1386 700 αὲἶίο.
1413 670 1558 711 constante
1580 674 1655 703 enini
1680 673 1862 704 matrimonio
1877 673 1976 704 neutri

1100 716 1196 753 eorum
1221 717 1311 749 neque
1333 712 1475 749 poenalis,
1497 723 1587 754 neque
1601 715 1719 754 famosa
1733 714 1807 745 citiio
1825 715 1975 755 competit,

1093 750 1146 790 sed
1162 750 1194 794 de
1209 750 1312 794 damno
1323 752 1355 781 t'n
1366 751 1487 791 fabium
1504 756 1592 785 dcitur
1608 755 1681 786 auio
1700 756 1717 786 l.
1728 766 1754 787 2.
1766 756 1798 786 C.
1809 755 1875 787 Rer.
1891 761 1978 788 amor.

1101 789 1169 821 Dat
1187 798 1284 831 igitur
1301 791 1422 839 Praetor
1440 795 1599 827 actionem
1618 796 1696 828 servi
1714 797 1858 837 corrupti
1876 798 1905 829 in
1923 798 1979 829 du-

1100 832 1209 872 plum,
1235 841 1343 873 quanti
1368 844 1404 865 ea
1431 845 1480 867 res
1503 836 1548 868 est
1565 837 1713 869 adversus
1738 847 1976 879 corruptorem.

1100 873 1130 904 ὅ(
1153 878 1227 913 quia
1251 883 1316 906 non
1339 877 1446 916 addit,
1469 876 1489 908 si
1508 877 1664 910 inficiatus
1681 880 1734 917 fit,
1759 887 1794 910 ut
1809 879 1927 912 facium
1944 881 1979 913 in

1099 913 1187 955 Lege
1199 916 1341 962 Aquilia:
1355 917 1479 963 idcirco
1494 919 1648 959 Ulpianus
1659 921 1677 952 l.
1691 932 1720 960 5.
1731 920 1760 962 ἓ.
1772 930 1801 952 2.
1816 920 1916 960 Haec,
1932 922 1981 954 in-

1098 965 1168 996 quit
1178 979 1186 995 ,
1198 956 1281 1003 atstio
1291 965 1384 989 ctiam
1402 960 1548 991 adversus
1559 960 1714 994 fatentem
1726 964 1755 993 in
1769 963 1899 1002 duplum
1911 962 1979 1003 est,

1098 1006 1242 1038 quarnVis
1261 999 1386 1045 Aquilia
1404 1000 1599 1034 inficiantem
1617 1004 1782 1035 dumtaxat
1799 1006 1944 1035 coercet.

1137 1039 1242 1086 Datur
1259 1049 1353 1080 igitur
1370 1041 1438 1073 haec
1452 1043 1552 1081 actio,
1570 1047 1677 1083 quanti
1698 1054 1732 1075 ea
1744 1054 1792 1076 res
1810 1046 1890 1084 erit,
1906 1046 1973 1084 eius

1099 1081 1196 1121 dupli.
1217 1123 1222 1127 -
1241 1081 1293 1112 Sic
1319 1081 1473 1123 Ulpianus
1497 1085 1515 1116 i.
1531 1095 1560 1122 9.
1579 1085 1607 1127 §.
1627 1096 1653 1118 2.
1672 1086 1699 1117 h.
1719 1092 1738 1116 t.
1762 1085 1834 1118 Nec
1860 1086 1977 1120 silebo:

1099 1124 1187 1162 quod
1216 1132 1245 1154 in
1261 1123 1286 1169 vl.
1303 1134 1332 1170 5..
1359 1125 1387 1166 §.
1404 1136 1433 1165 4.
1451 1126 1520 1171 h.·t.
1548 1136 1679 1166 monet,
1704 1137 1772 1159 eam
1802 1127 1914 1160 referri
1935 1129 1976 1162 ad

1099 1172 1223 1210 ternpus
1251 1165 1328 1196 servi
1352 1176 1496 1207 corrupti
1519 1170 1570 1201 vel
1586 1170 1729 1210 recepti,
1753 1179 1819 1201 non
1842 1171 1880 1201 ad
1898 1179 1982 1209 prae--

1098 1205 1226 1251 seris:id
1245 1207 1310 1245 cst,
1327 1217 1392 1240 non
1410 1210 1447 1241 ad
1466 1217 1592 1250 tempus
1610 1211 1671 1243 litis
1689 1211 1888 1243 contestatae.
1903 1210 1978 1243 Nee

1098 1248 1188 1293 aliter
1206 1247 1320 1295 Paulus
1335 1250 1354 1280 l.
1372 1254 1401 1281 6.
1415 1252 1443 1282 d.
1460 1257 1479 1282 t.
1498 1255 1684 1292 praeteritae,
1709 1253 1831 1293 inquit,
1856 1254 1975 1285 utilita-

1098 1297 1136 1319 tis
1152 1288 1318 1321 aestimatio
1335 1300 1364 1323 in
1383 1292 1445 1323 hoc
1459 1293 1613 1332 judicium
1632 1293 1781 1326 versatur.
1826 1294 1921 1327 Vere.
1944 1301 1979 1327 at

1098 1332 1295 1370 quomodo?
1320 1341 1423 1364 utrum
1441 1335 1506 1374 ejus
1522 1336 1688 1367 dumtaxat
1708 1336 1796 1376 quod
1815 1335 1920 1368 servus
1945 1337 1979 1370 in
2031 1371 2033 1379 ,

1098 1381 1236 1413 corpore
1259 1373 1310 1419 vel
1340 1375 1369 1405 in
1393 1374 1499 1407 animo
1526 1378 1630 1408 damni
1653 1376 1802 1416 senserit,
1827 1377 1892 1408 hoc
1909 1377 1976 1417 est,

1099 1421 1220 1454 quanto
1246 1415 1339 1446 Vilior
1363 1414 1469 1448 servus
1487 1417 1588 1450 factus
1604 1417 1658 1457 sit,
1682 1428 1720 1450 an
1739 1429 1818 1450 vero
1837 1419 1866 1450 δὲ
1882 1428 1979 1451 caete·

1097 1464 1205 1487 rorum
1218 1455 1234 1487 ἱ)
1262 1455 1339 1487 Eam
1359 1458 1566 1502 quaestionem
1583 1458 1802 1492 Tribonianus
1818 1461 1975 1502 impedite

1099 1497 1211 1543 tractat
1227 1506 1267 1528 ex
1293 1496 1432 1538 Ulpiano
1451 1500 1481 1531 ἂ
1496 1500 1594 1532 Paulo
1613 1501 1677 1533 inl.
1695 1510 1722 1538 9.
1739 1501 1768 1543 ᾖ.
1785 1512 1813 1543 3.
1831 1502 1851 1533 l.
1873 1512 1919 1534 ιο.
1936 1501 1976 1537 {3'

1098 1547 1144 1570 11.
1161 1547 1238 1584 item
1252 1540 1284 1584 in
1300 1539 1319 1570 l.
1340 1549 1385 1578 isi.
1401 1540 1428 1582 §.
1442 1546 1471 1576 8.
1485 1542 1512 1573 h.
1533 1548 1552 1573 t.
1572 1541 1654 1574 Artis
1673 1542 1770 1574 fuerit
1782 1566 1792 1581 ,
1808 1544 1980 1582 explicuis-

1096 1579 1135 1611 se.
1169 1580 1218 1611 sed
1238 1588 1372 1620 primum
1389 1584 1540 1624 attingam
1561 1585 1706 1624 Ulpiani,
1732 1584 1849 1615 deinde
1865 1584 1974 1624 Pauli,

1096 1621 1205 1652 verba.
1234 1622 1280 1654 Ex
1297 1621 1435 1664 Ulpiano
1455 1625 1484 1655 in
1502 1626 1528 1655 ci.
1545 1624 1562 1655 i.
1580 1635 1609 1662 9.
1636 1625 1655 1656 '.
1678 1636 1706 1666 3.
1725 1626 1792 1656 haec
1813 1624 1890 1658 sunt.
1915 1627 1973 1658 Sed

1095 1661 1257 1705 questionis
1280 1662 1336 1704 eft,
1360 1664 1507 1705 (estimatio
1522 1672 1623 1697 utrum
1647 1667 1708 1708 ejus
1735 1669 1890 1699 dumtaxat
1903 1667 1974 1708 fieri

1095 1706 1210 1743 debent,
1234 1709 1309 1747 quoii
1320 1707 1428 1746 stritus
1445 1709 1475 1739 in
1499 1716 1609 1749 corpore
1630 1710 1677 1739 vel
1701 1710 1733 1739 in
1752 1710 1846 1740 animo
1871 1709 1973 1740 damni
2022 1739 2024 1741 ,

1085 1747 1226 1786 senserit,
1252 1748 1303 1779 hoc
1317 1746 1375 1789 eft,
1397 1756 1505 1789 quanto
1520 1750 1606 1781 vilior
1614 1750 1725 1789 servus
1730 1749 1835 1791 fastus
1846 1749 1908 1790 sit,
1932 1759 1975 1783 cm

1094 1798 1160 1819 vero
1178 1787 1214 1822 &³
1230 1790 1419 1822 ceterorum?
1443 1790 1483 1822 Et
1499 1791 1645 1823 Neratius
1670 1794 1711 1823 uit
1723 1816 1733 1831 ‚
1757 1793 1833 1824 tanti
1848 1793 1975 1824 condem·

1094 1832 1224 1861 nuncium
1242 1839 1452 1871 corruptorem,
1475 1834 1580 1874 quanti
1593 1834 1702 1873 servus
1724 1834 1756 1865 ob
1777 1834 1808 1865 id
1823 1834 1899 1875 q'uod
1914 1844 1974 1866 cor-

1095 1879 1199 1912 ruPtus
1209 1871 1270 1912 fit,
1294 1876 1410 1904 minoris
1419 1873 1468 1912 fit.
1488 1873 1658 1906 Florentiae
1675 1874 1798 1914 editur,
1822 1876 1975 1916 subreptus

1087 1912 1147 1951 fit,
1173 1913 1225 1945 sed
1251 1924 1300 1946 res
1329 1914 1487 1956 postulat,
1510 1923 1662 1958 corruptus
1678 1915 1737 1955 fit;
1763 1924 1797 1947 ut
1821 1917 1866 1948 est
1888 1918 1974 1958 apud

1097 1955 1328 1987 Haioandrum.
1364 1957 1548 1997 Sequuntur
1569 1959 1664 1989 verba
1681 1959 1709 1989 d.
1726 1958 1744 1988 l.
1764 1966 1810 1989 11.
1827 1958 1972 1993 Neratius

1097 1999 1158 2034 tiit,
1178 1995 1274 2038 postea
1290 1999 1383 2038 furca
1393 1998 1480 2039 fasta
1500 2000 1532 2030 in
1550 1998 1762 2040 ‹estimationem
1779 2009 1836 2029 non
1858 2001 1970 2032 venire.
2008 2015 2011 2018 ·

1097 2049 1185 2081 quam
1198 2038 1374 2080 sententiam
1390 2050 1489 2072 veram
1500 2047 1580 2081 puto.
1603 2051 1670 2071 nam
1695 2040 1731 2075 ἐξ
1748 2042 1836 2071 verba
1855 2041 1975 2080 Ecum,

1098 2081 1221 2123 Quanti
1247 2090 1283 2112 ea
1307 2091 1354 2114 res
1380 2083 1463 2121 erit,
1493 2091 1573 2113 omne
1594 2083 1798 2113 detrimentum
1818 2083 1973 2123 recipiunt.

1095 2122 1256 2154 Antonius
1276 2122 1374 2155 Faber
1389 2124 1435 2155 lib.
1453 2134 1480 2164 5.
1499 2123 1625 2165 Conjeft.
1643 2134 1666 2155 c.
1683 2128 1710 2157 8.
1731 2132 1807 2164 pru,
1831 2123 1915 2155 Nam
1933 2123 1973 2159 ὅ*

1094 2165 1183 2195 verba
1201 2163 1319 2204 Edisti,
1344 2164 1467 2202 scribit,
1491 2165 1635 2197 Niinznec
1651 2166 1736 2196 verba
1753 2164 1862 2197 Editu.
1903 2164 1976 2207 Ego

1096 2205 1161 2237 hoc
1177 2207 1294 2238 nolim:
1313 2207 1363 2237 sed
1381 2206 1442 2238 esse
1452 2206 1675 2238 confufionem
1694 2216 1759 2238 non
1777 2207 1976 2240 convenien-

1097 2256 1162 2279 tem
1190 2246 1295 2279 ordini
1318 2247 1487 2287 sermonis,
1512 2249 1540 2280 δζ
1562 2247 1686 2280 interim
1713 2247 1886 2280 Veteribus
1908 2259 1979 2289 nou,

1097 2288 1357 2329 infrequentem:
1373 2298 1407 2321 ut
1423 2290 1594 2331 aliquoties
1610 2289 1776 2321 observavi
1794 2289 1876 2322 alibi.
1893 2289 1976 2323 Fue-

1097 2332 1138 2362 rit
1163 2331 1258 2372 igitur
1282 2332 1444 2372 quaelitum
1460 2355 1469 2371 ‚
1494 2332 1661 2372 quomodo
1687 2332 1717 2362 in
1740 2330 1866 2362 actione
1891 2332 1974 2364 servi

1097 2374 1260 2413 corrupti,
1285 2381 1318 2404 ut
1341 2373 1522 2405 inveniatur
1542 2374 1672 2414 duplum
1691 2373 1799 2412 quanti
1818 2382 1854 2402 ea
1874 2383 1923 2404 res
1940 2383 1974 2405 e—

1096 2415 1154 2453 rit,
1178 2414 1326 2445 facienda
1342 2414 1377 2446 fit
1395 2414 1578 2447 aestimatio:
1603 2423 1707 2446 utrum
1725 2413 1790 2454 ejus
1806 2415 1976 2446 dumtaxat:

1096 2456 1184 2495 quod
1202 2455 1267 2495 ipse
1291 2456 1395 2488 servus
1414 2458 1445 2488 in
1469 2465 1607 2496 corpore
1627 2456 1676 2486 vel
1694 2455 1723 2486 in
1741 2455 1846 2486 animo
1866 2454 1974 2488 damni

1095 2496 1240 2536 senserit,
1259 2497 1322 2528 hoc
1340 2498 1403 2536 est,
1420 2505 1541 2539 quanto
1560 2497 1652 2529 vilior
1670 2496 1721 2528 ille
1737 2495 1838 2527 faetus
1854 2496 1908 2535 fic,
1933 2507 1973 2529 ar}

1096 2548 1174 2570 vero
1199 2539 1229 2570 (Sc
1254 2547 1443 2571 caeterorum
1460 2539 1477 2571 ἱ)
1507 2538 1585 2570 Vult
1608 2547 1688 2569 vero
1716 2536 1889 2576 Ulpianus,
1913 2538 1975 2579 (sse

1095 2581 1257 2620 conjicio)
1278 2579 1445 2612 Neratium
1468 2578 1606 2621 putasse,
1625 2579 1645 2611 fi
1673 2578 1878 2612 consistamus
1893 2580 1975 2612 intra

1096 2623 1328 2663 proprietatem
1358 2622 1504 2653 formulae
1526 2620 1644 2665 Quinti
1659 2631 1691 2652 ea
1705 2630 1748 2651 res
1765 2623 1837 2659 erit,
1865 2630 1974 2653 corru-

1098 2672 1225 2704 ptorem
1236 2665 1313 2694 tanti
1327 2664 1492 2695 dumtaxat
1501 2664 1562 2695 esse
1573 2663 1866 2702 condemnandum,
1878 2672 1976 2703 quan·

1096 2707 1120 2736 ti
1147 2705 1252 2736 servus
1276 2705 1320 2736 ob
1341 2706 1372 2736 id
1400 2707 1487 2745 quod
1504 2713 1674 2744 corruptus
1698 2704 1755 2742 sit,
1779 2705 1911 2736 minoris
1927 2704 1975 2737 fit.

1098 2756 1138 2778 eo
1159 2747 1245 2786 quod
1262 2755 1297 2776 ea
1313 2745 1452 2777 formula
1467 2756 1531 2777 non
1548 2747 1586 2777 ad
1602 2747 1633 2777 id
1651 2745 1738 2786 quod
1755 2745 1904 2786 interest,
1921 2744 1975 2777 sed

1099 2789 1137 2819 ad
1160 2796 1266 2818 veram
1292 2788 1336 2818 rei
1363 2787 1624 2826 aestimationem,
1647 2786 1786 2819 refertur
1808 2787 1826 2818 l.
1846 2797 1913 2828 179.
1936 2786 1974 2822 &³

1101 2830 1118 2861 l.
1143 2838 1208 2869 193.
1223 2830 1270 2859 D.
1289 2829 1321 2859 de
1342 2831 1420 2860 verb.
1438 2828 1599 2870 fignificat.
1624 2827 1744 2860 Verum
1768 2828 1975 2861 nihilominus

1102 2871 1201 2902 visum
1227 2869 1381 2910 Neratio,
1404 2870 1580 2903 Praetorem
1602 2872 1633 2901 in
1652 2871 1841 2910 explicanda
1858 2880 1894 2902 ea
1910 2878 1975 2902 non

1101 2911 1216 2944 stetisse
1235 2913 1316 2942 intra
1341 2914 1594 2952 proprietatem:
1618 2911 1671 2943 sed
1689 2913 1896 2952 complexum
1914 2911 1975 2943 ess'e

1100 2963 1219 2991 omne,
1243 2954 1331 2993 quod
1354 2954 1468 2985 aCtoris
1495 2953 1615 2986 intersit
1634 2976 1644 2991 ‚
1674 2952 1796 2984 servum
1820 2962 1884 2984 non
1915 2952 1978 2985 ess'e

1100 3002 1307 3035 corruptum:
1332 3003 1528 3036 quapropter
1553 2996 1582 3026 in
1612 2994 1675 3026 hoc
1697 2994 1848 3035 judicium
1864 2995 1977 3026 venire

1099 3036 1342 3068 aestimationem
1367 3047 1432 3068 non
1454 3038 1554 3069 modo
1575 3037 1716 3076 corrupti
1737 3035 1833 3071 servi,
1857 3033 1908 3066 sed
1925 3045 1976 3066 ea·-

1099 3088 1167 3110 rum
1186 3087 1316 3117 quoque
1335 3088 1438 3111 rerum
1457 3088 1534 3116 quas
1552 3078 1606 3110 ille
1623 3077 1725 3108 secum
1744 3073 1887 3121 abstulit:
1902 3077 1977 3116 (pa-

1099 3120 1176 3150 riter
1192 3128 1227 3150 ut
1252 3128 1293 3150 ex
1314 3119 1413 3152 Paulo
1438 3119 1598 3159 subjicitur
1613 3119 1632 3149 l.
1654 3128 1698 3150 ιο.
1714 3117 1741 3147 b.
1758 3117 1797 3160 t.)
1819 3125 1975 3156 juvatque

1099 3160 1286 3192 sententiam
1303 3161 1320 3193 l.
1343 3170 1388 3193 11.
1416 3162 1445 3192 in
1473 3170 1533 3201 qua
1560 3167 1669 3191 monet
1696 3156 1869 3196 Ulpianus,
1894 3158 1976 3189 hane

1098 3203 1399 3244 interpretationem
1411 3212 1427 3234 a
1439 3200 1576 3234 Neratio
1590 3197 1732 3240 restringi
1749 3199 1787 3230 ad
1804 3197 1888 3231 furta
1927 3208 1977 3236 uae

1923 3249 1977 3271 er«.
