2036 3495
495 113 560 148 ΒΕ
597 112 790 147 I'Acrts
834 122 895 147 nr
941 110 1493 145 Turiusricrromnns.

97 203 219 234 teritam
232 227 240 242 ,
266 202 316 235 scd
339 202 496 241 futuram,
518 200 613 241 ipsam
632 200 783 240 probam,
800 208 895 239 atque
912 201 970 230 eti-

95 254 145 276 am
166 244 346 285 sequutam:
371 245 515 284 ideoque
538 252 597 274 nee
620 242 782 278 revocari,
808 249 968 277 tamquam

94 287 291 326 indebitum,
314 293 447 327 oportet
470 285 489 316 l.
507 288 558 325 65.
578 283 607 325 §.
632 292 656 315 1.
675 282 716 314 D.
741 284 774 314 de
796 281 970 314 condictione

94 329 221 359 indebiti.

135 370 222 401 Idem
233 368 294 401 ess'e
305 367 343 406 ,fi
360 368 399 399 de
414 368 538 399 incerto
553 364 748 397 conditionis
764 363 968 406 transigatur,

95 410 231 442 Severus
248 411 275 441 ἃ
292 410 469 441 Antoninus
486 408 656 447 opinantur
672 406 692 437 l.
715 415 739 437 1.
759 406 791 436 C.
810 408 842 436 dc
855 406 967 445 pariis,

96 453 204 483 verbis
221 451 434 491 sequentibus.
460 450 637 480 contritionis
655 448 798 478 incertum
815 450 891 478 inter
904 449 972 487 fra-v

95 501 152 523 zres
179 504 235 524 non
259 494 369 533 iniquis
391 492 551 522 rationibus
573 490 758 520 conventione
773 489 898 529 finitum
915 487 963 528 est.

95 536 169 565 Cum
194 536 285 575 igilur
306 535 400 563 ‘verbis
418 529 624 572 fideicorizmzffi
644 531 767 571 petitum
785 541 803 561 a
817 537 898 570 patre
917 538 966 561 tuo

88 575 274 616 profitearis,
299 572 358 611 Ut,
379 573 398 604 fi
416 574 478 603 vita
497 572 559 604 fine
578 573 683 604 liberis
700 572 893 610 decederet,
911 572 966 603 he·

94 619 263 648 feditatem
282 615 407 647 Licinio
426 613 581 645 Frontoni
598 613 793 646 restitueret:
806 613 924 654 pastum
939 623 969 644 eo

94 665 214 699 tempore
237 659 276 689 de
304 656 446 687 sextante
471 655 630 697 [Licinio]
656 654 811 686 Frontoni
840 655 966 693 dando,

95 709 166 731 cum
185 699 303 730 liberos
320 697 459 729 Philinus
476 707 539 728 non
561 697 733 733 sustulerit,
749 695 968 736 interpositum,

95 751 151 773 non
167 741 269 771 idcirco
283 736 373 780 potest
391 741 525 781 iniquum
545 740 658 777 videri3
681 737 850 779 quodfacto
875 736 967 777 (ficut

92 783 224 824 placuit)
243 781 381 819 [livzfiutie
397 782 471 812 diem
480 781 588 821 ficum,
606 778 707 819 resilio
722 779 783 820 ejus
792 777 965 819 superstite,

84 823 211 866 functus
228 822 301 863 effet.
334 821 412 854 Fac:
431 823 610 862 (exponam
630 822 713 852 enim
733 821 890 861 speciem)
913 821 966 851 ali-

95 867 163 908 quis
179 864 300 896 habens
317 865 397 896 duos
415 863 514 895 filios:
537 864 669 894 alterum
689 862 844 894 Philinum
865 862 965 893 nomi-

93 918 152 945 ne,
169 908 300 938 alterum
318 904 477 937 Licinium
493 904 712 944 Frontonern3
731 912 899 944 utrumque
913 903 965 934 he-

95 950 204 982 redem
221 947 375 987 instituit;
394 947 597 978 &Philinum
615 954 720 987 rogat:
734 945 817 984 ut,fi
835 946 898 976 vita
914 946 966 976 de-

94 992 189 1022 cedat
214 989 277 1021 fine
297 989 421 1025 liberis,
446 997 567 1026 pai-tem
585 987 666 1018 suani
688 987 811 1018 Licinio
832 987 965 1017 Fronto-

95 1033 145 1071 ni,
169 1031 258 1063 fratri
285 1029 360 1068 suo,
384 1029 537 1061 restituat.
573 1030 605 1061 id
629 1027 861 1060 fideicommissi
886 1036 970 1059 onus>

95 1083 169 1105 cum
194 1072 284 1104 alteri
310 1070 499 1109 molestum,
523 1071 650 1109 utrique
673 1071 828 1101 incertum
847 1070 968 1100 videre-

96 1123 163 1146 tur:
180 1114 300 1155 placuit
316 1113 500 1153 eis,(qu0d
514 1113 581 1151 jure
599 1112 713 1143 licebat
730 1112 750 1144 l.
764 1115 811 1149 46.
832 1111 901 1154 &L
919 1119 967 1141 21.

96 1157 128 1198 ὃς
151 1167 180 1195 4.
208 1155 249 1187 D.
275 1157 308 1186 de
327 1154 439 1194 patris)
463 1156 502 1185 de
525 1152 756 1185 fideicommissi
781 1152 969 1183 conditione

95 1197 280 1237 transigere:
299 1197 430 1236 ejusque
447 1194 666 1226 trans-aetionis
684 1195 734 1226 lex
751 1192 831 1232 fuit;
848 1201 881 1224 ut
899 1192 967 1223 Phi-

97 1240 179 1271 linus
201 1237 328 1269 Licinio
350 1237 506 1268 Frontoni
531 1237 619 1266 daret
638 1234 812 1266 sextantem
829 1242 968 1265 oneratae

97 1281 213 1321 partis3
238 1279 267 1309 δι
283 1287 395 1309 contra
416 1276 555 1308 Licinius
571 1275 694 1308 Fronto
713 1276 860 1317 petitioni
879 1274 969 1306 fidei-

94 1320 249 1354 commissi
266 1320 296 1351 in
316 1326 420 1350 totum
440 1318 645 1349 renuntiaret.
665 1317 723 1349 hac
742 1318 811 1358 lege
829 1316 911 1348 facta
928 1318 969 1348 di-

96 1362 235 1395 vrfione:
259 1368 348 1392 natus
372 1359 417 1392 est
440 1359 566 1392 Philino
592 1358 692 1397 filius,
716 1359 857 1391 fimilitei·
873 1358 967 1390 Phili-

94 1412 154 1436 nus
180 1402 276 1442 patris
292 1403 423 1433 nomine
443 1402 622 1433 vocitatus:
646 1409 680 1432 ut
697 1411 737 1432 ex
758 1399 970 1441 Inscriptione

94 1447 124 1479 ci.
143 1446 162 1477 l.
183 1455 209 1477 1.
237 1443 435 1484 intelligitur.
467 1443 492 1474 is
510 1442 592 1474 filius
610 1452 681 1474 cum
700 1442 754 1473 suo
771 1441 847 1473 effet
865 1440 968 1482 snper-

96 1487 158 1520 stes
178 1486 258 1527 patri
273 1508 283 1524 ,
307 1484 469 1525 Principes
492 1485 572 1516 adlit
593 1493 649 1525 per
674 1484 816 1516 libellum
838 1492 974 1524 petens,

99 1527 342 1560 transactionem
367 1525 520 1565 rescindi;
546 1526 575 1557 &
597 1535 614 1556 a
638 1533 750 1566 patruo
773 1525 828 1556 fibi
852 1525 973 1557 restitui

97 1570 293 1608 sextantem3
317 1568 405 1608 quod
420 1567 579 1606 causatur,
602 1576 725 1607 patrem
743 1566 828 1598 suum
845 1576 909 1598 non
929 1567 971 1598 vi-

94 1612 183 1650 deri,
199 1609 229 1641 se
245 1608 427 1651 superstite,
444 1608 508 1640 fine
524 1609 630 1640 liberis
647 1608 804 1641 decesfiss‘e
819 1608 838 1639 l.
852 1613 918 1648 148.
930 1608 972 1640 D.

101 1655 133 1684 de
142 1649 528 1691 verborumfignificcitione:
543 1660 580 1681 ac
598 1649 773 1682 sextantem
789 1660 804 1681 a
821 1659 909 1691 patre
924 1650 974 1681 da*-

101 1704 168 1726 tum
186 1694 318 1734 patruo,
345 1701 379 1722 ut
395 1701 410 1722 a
427 1691 659 1724 fideicomrniffi
675 1693 835 1732 petitione
853 1690 973 1723 defiste÷

100 1744 169 1773 ret,
188 1736 226 1765 ab
244 1743 284 1764 eo
299 1733 361 1764 fine
376 1732 484 1771 causa,
499 1742 604 1773 eoque
621 1733 729 1774 inique
745 1733 891 1765 retineri:
909 1743 974 1765 non

99 1779 185 1808 enim
197 1774 350 1806 existente
360 1772 590 1806 fideicommiffi
600 1776 809 1813 conditione,
825 1783 890 1806 non
902 1774 975 1807 fuis-

100 1818 131 1849 se
157 1814 434 1848 fideicommissum
452 1817 539 1856 quod
555 1817 594 1846 ab
609 1826 649 1847 eo
665 1815 823 1849 remiss'um
840 1817 974 1857 intelligi

102 1859 206 1900 poflit.
252 1859 304 1890 Sic
322 1858 472 1890 PhilinuS.
507 1858 581 1897 quid
609 1856 849 1898 Imperatores?
873 1857 975 1897 dupli-

103 1910 173 1932 cem
193 1900 254 1931 effe
273 1899 523 1939 inspectionem:
548 1908 639 1929 unam
659 1908 793 1931 eventus
812 1900 872 1936 rei,
898 1901 974 1930 alte-

103 1952 168 1974 ram
186 1940 306 1973 confilii
325 1940 576 1981 transigentium:
595 1940 803 1980 posteriorem
816 1949 920 1972 autem
938 1941 977 1971 ad

103 1993 169 2015 rem
190 1984 368 2023 pertinere,
387 1983 525 2022 priorem
543 1991 606 2013 non
625 1983 795 2021 pertinere.
820 1981 874 2013 etfi
892 1982 975 2014 enim

100 2025 318 2062 concedatur,
329 2022 480 2054 defeciffe
490 2021 721 2055 fideicommissi
733 2024 953 2056 conditionem
966 2047 975 2062 ,

103 2066 231 2099 Philino
248 2065 316 2097 filio
333 2065 411 2104 patri
430 2064 484 2095 suo
501 2064 683 2104 superstite;
699 2065 839 2105 ideoque
855 2065 975 2096 nullum

103 2117 218 2147 patruo
240 2105 380 2137 futurum
406 2104 497 2137 fuiss'e
517 2106 565 2145 jus
588 2107 744 2138 retinendi
763 2105 933 2144 sextantis,
956 2105 977 2137 fi

101 2149 186 2180 nulla
203 2147 279 2179 ess'et
302 2146 465 2178 subsecuta
490 2147 677 2180 transastio:
704 2156 810 2180 tamen
831 2148 902 2188 quia
921 2158 975 2188 po-

105 2199 187 2221 terat
213 2189 353 2221 Philinus
377 2188 441 2220 fine
458 2188 563 2220 liberis
585 2190 761 2228 decedere,
786 2199 892 2227 eoque
910 2190 976 2220 exi·

105 2231 186 2263 stete
202 2229 432 2262 fideicommissi
447 2230 610 2262 conditio:
636 2230 701 2261 suas
721 2231 780 2262 illis
797 2229 887 2262 fuiss'e
904 2231 975 2261 rati-

105 2282 184 2306 ones
201 2281 265 2304 non
282 2272 424 2312 iniquas;
449 2280 504 2303 cur
522 2280 589 2303 tum
608 2272 728 2304 vellent
743 2271 976 2304 fideicommissi

825 2376 1037 2412 CAPUT

1816 112 1887 150 407

1013 199 1171 230 incertum
1197 199 1301 238 aliqua
1318 196 1408 229 finire
1426 197 1514 238 lege:
1537 195 1715 228 interfuiss'e
1732 195 1816 227 enim
1834 205 1890 227 eo-

1013 249 1100 278 rum,
1118 240 1148 271 id
1166 238 1252 279 fieri3
1267 240 1402 280 partim,
1420 247 1455 270 ut
1472 246 1594 270 certum
1614 237 1705 269 ficret
1723 239 1889 277 utriusque

1009 281 1057 322 jus
1074 284 1163 321 quod
1181 289 1255 312 ante
1278 289 1345 312 erat
1361 281 1541 318 incertum3
1567 280 1697 320 partim,
1721 288 1754 310 ut
1771 280 1891 310 retine-

1011 331 1100 354 retur
1123 323 1317 355 concordia:
1341 323 1443 353 altero
1468 322 1620 362 deinceps
1644 321 1721 352 nihil
1739 320 1889 360 improbe

1011 373 1178 404 captante:
1195 364 1297 395 altero
1313 364 1389 395 nihil
1406 371 1580 395 metuente.
1600 371 1775 402 utcumque
1792 363 1888 403 igitur

1010 405 1161 446 potuill'et
1178 406 1221 436 rei
1238 406 1344 436 exitus
1362 414 1470 436 carere
1487 403 1748 442 transactionessi
1762 413 1826 435 non
1842 413 1891 435 es-

1012 445 1057 478 set
1076 446 1176 478 facta:
1193 447 1319 478 interim
1331 446 1443 487 justam
1460 447 1499 477 ab
1516 447 1608 477 initio
1624 445 1763 482 causam,
1783 455 1838 476 cur
1854 443 1889 476 fi-

1009 497 1096 520 eret:
1120 489 1260 528 ideoque
1283 498 1388 528 neque
1410 487 1527 527 ipsam,
1551 487 1717 527 postquam
1742 486 1823 518 facta
1840 485 1887 517 est

1009 539 1121 561 mutuo
1137 531 1253 560 conlen
1262 529 1309 569 su,
1326 538 1487 569 tamquam
1504 529 1644 568 iniquam
1663 527 1816 567 rescindi,
1834 537 1889 559 ne-

1009 580 1072 612 que
1090 570 1263 602 sextantem
1283 581 1322 602 ex
1339 581 1376 602 ca
1391 572 1500 601 datum
1516 571 1616 610 repeti
1635 578 1806 611 oportere:
1822 568 1886 601 ess'e

1010 615 1094 644 enim
1117 614 1225 643 datum
1250 613 1292 643 ob
1317 622 1382 643 rem
1404 611 1563 648 futuram,
1587 620 1648 642 nec
1666 610 1888 650 inhonestam,

1011 662 1107 694 atque
1124 656 1219 685 etiam
1237 653 1410 693 sequutam.
1434 654 1488 684 Sic
1505 653 1642 684 Severus
1658 653 1688 683 ὅ(
1707 654 1888 684 Antoninus

1010 697 1038 726 d.
1057 697 1076 726 l.
1099 703 1123 726 1.
1158 696 1274 736 quibus
1292 695 1321 726 ὅ(
1341 696 1391 726 alii
1409 694 1623 736 Imperatores
1643 695 1674 725 in
1694 693 1782 725 fimili
1801 693 1887 725 facto

1010 736 1217 768 affcntiuntur
1231 737 1251 768 l.
1273 740 1319 768 16.
1337 736 1370 768 C.
1390 737 1447 768 eod.
1463 737 1510 768 tir.
1530 735 1566 770 ὅ)
1581 736 1601 768 l.
1622 743 1668 767 11.
1692 735 1725 766 C.
1742 737 1775 766 de
1792 741 1888 767 traus-

1009 778 1179 809 actionibus.

1048 818 1101 850 Fit
1119 819 1212 860 igitur
1230 819 1421 858 transactio,
1437 827 1472 850 ut
1489 828 1528 850 ex
1545 816 1687 858 Ulpiano
1705 818 1822 850 dictum
1843 817 1889 849 l'u-

1009 869 1083 902 pra,
1100 860 1120 891 fi
1137 869 1186 890 res
1203 861 1296 891 dubia
1313 860 1365 898 fit,
1382 869 1435 892 aut
1453 862 1488 892 lis
1507 861 1647 898 incerta,
1664 869 1769 899 neque
1786 859 1888 891 finita.

1009 903 1104 941 quid,
1129 901 1149 932 fi
1167 912 1215 933 res
1238 911 1343 939 certa,
1360 910 1413 933 aut
1435 903 1470 934 lis
1487 901 1575 933 finita
1592 901 1645 940 fit,
1664 902 1751 933 verbi
1769 901 1888 942 gratia,

1009 952 1041 974 re
1057 942 1221 982 judicata?
1248 944 1310 982 jam
1328 944 1438 974 donari
1456 943 1583 983 potest,
1608 942 1729 984 tranfigi
1747 952 1811 974 non
1829 953 1890 982 po—

1011 983 1085 1015 test:
1103 993 1139 1014 ac
1155 983 1175 1015 fi
1193 983 1396 1024 transigatur,
1415 994 1479 1015 non
1491 983 1603 1016 servari
1621 984 1888 1023 transactionem,

1014 1025 1125 1057 Paulus
1143 1024 1243 1056 refert
1259 1026 1307 1055 lib.
1330 1034 1351 1055 ι,
1371 1026 1499 1056 Sentent.
1518 1027 1564 1056 tir.
1586 1035 1609 1056 1.
1627 1025 1655 1067 §.
1672 1037 1709 1066 5:
1727 1025 1781 1057 mfi
1799 1026 1888 1065 quod

1013 1066 1167 1106 Ulpianus
1183 1068 1407 1097 animadvertit
1422 1067 1440 1098 l.
1461 1076 1504 1098 11.
1525 1067 1564 1097 l).
1582 1069 1614 1097 de
1627 1067 1890 1106 transactionibus,

1014 1118 1083 1148 quae
1094 1108 1138 1139 est
1152 1117 1191 1139 ex
1209 1109 1273 1147 ejus
1293 1108 1345 1138 lib.
1361 1117 1409 1139 iv.
1432 1109 1479 1140 Ad
1497 1107 1777 1148 Edictum‚aliqua
1797 1109 1892 1147 possit

1013 1149 1083 1189 post
1099 1159 1162 1180 rem
1178 1150 1347 1190 judicatam
1368 1151 1401 1180 lis
1418 1149 1496 1180 effe:
1512 1149 1575 1180 five
1592 1152 1679 1188 quod
1697 1151 1892 1191 appellatum

991 1190 993 1193 “
1012 1192 1051 1221 ab
1066 1200 1102 1221 ca
1119 1190 1182 1229 est3
1199 1190 1260 1221 five
1277 1190 1365 1229 quod
1382 1199 1531 1231 negatur,
1546 1190 1720 1230 judicatum
1737 1191 1820 1229 cffe3
1839 1191 1893 1224 vel

1013 1234 1191 1272 ignoratur,
1217 1241 1253 1262 an
1268 1232 1441 1271 judicatum
1460 1231 1515 1270 fit;
1539 1232 1602 1262 five
1621 1233 1708 1271 quod
1728 1234 1768 1263 ab
1786 1242 1821 1263 ea
1839 1242 1892 1273 ap·

1013 1274 1122 1315 pellari
1142 1274 1247 1312 potuit
1264 1274 1282 1303 l.
1302 1283 1329 1313 7.
1348 1272 1387 1303 D.
1405 1274 1461 1304 eod.
1482 1275 1527 1304 tic.
1546 1281 1696 1303 caetcrum
1715 1273 1736 1304 fi
1754 1275 1837 1305 nulla
1854 1275 1891 1305 lis

1014 1314 1075 1346 ess'e
1092 1316 1204 1355 possit:
1228 1314 1282 1346 etfi
1301 1315 1433 1345 donatio
1453 1313 1519 1346 ficri
1545 1314 1657 1354 possit3
1680 1315 1772 1354 (cum
1794 1324 1891 1346 nemo

1013 1356 1221 1397 prohibeatur
1239 1358 1323 1387 suum
1339 1356 1475 1396 jactare)
1493 1365 1600 1387 tamen
1619 1356 1789 1387 transactio
1808 1355 1894 1396 quali

1013 1399 1053 1429 de
1079 1408 1112 1429 re
1138 1398 1232 1429 dubia
1255 1398 1321 1429 fieri
1340 1399 1470 1438 nequit:
1493 1407 1530 1428 ac
1546 1396 1567 1429 fi
1585 1396 1660 1436 fiat,
1684 1407 1753 1429 eam
1775 1398 1893 1429 nullius

1013 1441 1169 1471 momenti
1185 1439 1481 1479 effe,solutumque
1498 1440 1598 1479 repeti
1617 1439 1721 1479 poffe,
1740 1439 1817 1479 lmp.
1831 1441 1896 1471 An-

1014 1482 1162 1512 toninum
1181 1490 1254 1512 cum
1272 1480 1314 1512 D.
1333 1488 1422 1521 patre
1443 1479 1497 1511 suo
1515 1480 1718 1520 rescripfifi'e,
1738 1480 1894 1520 Ulpianus

1015 1524 1057 1554 ait
1072 1523 1091 1554 l.
1111 1532 1158 1564 23.
1174 1522 1202 1564 §.
1227 1532 1251 1554 1.
1273 1522 1312 1553 D.
1339 1523 1371 1552 de
1388 1521 1563 1552 condictione
1578 1523 1716 1553 indebiti:
1739 1524 1893 1554 evidente

1013 1564 1075 1605 jam
1093 1565 1285 1603 vexatione3
1309 1572 1402 1603 quam
1421 1564 1556 1596 Veteres
1575 1563 1764 1595 calumniam
1783 1564 1894 1603 appel-

1018 1608 1082 1638 lant
1099 1606 1117 1638 l.
1135 1616 1204 1646 233.
1224 1605 1266 1636 D.
1288 1606 1321 1636 de
1337 1607 1487 1636 verborum
1500 1603 1721 1645 fignificacz'one.
1744 1603 1799 1636 etfi
1819 1614 1894 1644 pro-

1017 1648 1125 1680 mittat
1149 1648 1289 1686 Praetor,
1312 1646 1434 1678 servare
1457 1646 1546 1686 pacta
1572 1654 1762 1677 conventaz
1785 1655 1895 1679 tamen

1018 1690 1096 1722 dolo
1113 1689 1196 1721 malo
1212 1688 1313 1727 facta,
1336 1698 1401 1720 non
1421 1687 1532 1720 servat.
1579 1688 1686 1727 Atque
1709 1688 1742 1719 id
1765 1687 1894 1727 nescio,

1018 1742 1056 1763 an
1083 1730 1197 1763 Paulus
1215 1732 1293 1762 velit
1307 1730 1326 1762 l.
1343 1734 1395 1770 σς.
1414 1730 1443 1772 §.
1465 1739 1490 1761 1.
1512 1730 1550 1761 D.
1577 1731 1610 1760 de
1626 1728 1800 1760 ommistione
1817 1730 1896 1761 inde·

1018 1774 1080 1804 hiri.
1114 1773 1211 1803 verba
1229 1772 1314 1803 Pauli
1338 1771 1508 1803 Florentiae
1525 1773 1566 1803 ita
1583 1771 1729 1803 eduntur.
1773 1770 1815 1802 Et
1832 1773 1897 1813 qui-

1019 1817 1080 1845 dem
1097 1815 1172 1855 quod
1188 1813 1394 1844 transactionis
1410 1815 1524 1844 nomine
1540 1816 1648 1850 datur,
1670 1813 1736 1843 licet
1751 1822 1795 1844 res
1811 1813 1895 1844 nulla

1019 1855 1232 1895 medioefuerz't,
1255 1865 1312 1886 non
1330 1857 1476 1895 repetitur.
1507 1865 1574 1886 nam
1590 1853 1613 1889 si
1625 1855 1660 1885 lis
1670 1855 1757 1894 fuit,
1782 1855 1833 1885 hoc
1851 1856 1896 1894 ip·

1011 1902 1100 1937 sum,
1124 1898 1200 1938 quod
1223 1907 1240 1927 a
1258 1897 1309 1927 lzze
1326 1898 1499 1936 disceditur,
1523 1906 1610 1936 causa
1625 1897 1741 1927 videtur
1757 1895 1818 1936 effe.
1843 1895 1894 1934 sin

1019 1946 1119 1970 autemv
1138 1939 1255 1969 evidens
1272 1939 1417 1969 calumnia
1431 1940 1593 1979 detegitur,
1616 1937 1653 1972 δέ)
1669 1937 1825 1968 transactio
1842 1939 1896 1968 im-

1014 1979 1144 2020 perfecta
1160 1978 1217 2018 est,
1234 1981 1360 2018 repeticio
1377 1982 1504 2010 dubitur.
1537 1979 1570 2010 ln
1588 1979 1655 2011 aliis
1673 1980 1757 2010 libris
1775 1978 1839 2016 est,
1857 1977 1895 2013 ὅ)

1020 2021 1178 2052 transactio
1194 2021 1360 2062 imperfecta
1376 2020 1413 2060 est
1424 2046 1432 2058 ‚
1459 2020 1494 2054 ὃ)
1511 2022 1639 2061 repetiti-0
1656 2021 1772 2052 dabitur
1810 2019 1896 2051 Lon·

1020 2073 1059 2104 ge
1078 2063 1200 2094 melius.
1234 2062 1320 2093 forte
1340 2063 1489 2102 scriptum
1508 2072 1593 2101 erat,
1619 2061 1655 2096 δέ)
1672 2061 1829 2092 transactio
1845 2063 1898 2092 im-

1016 2104 1146 2145 perfecta
1162 2103 1374 2143 EsTrepetitio
1393 2105 1519 2135 dabitur.
1558 2104 1658 2143 iisque
1674 2103 1764 2143 siglis
1781 2102 1896 2143 fignfi-

1020 2147 1169 2184 cabamr,
1195 2144 1231 2178 ὅ*
1253 2145 1411 2176 transnato
1437 2144 1601 2185 imperfecta
1622 2143 1683 2185 est,
1706 2146 1743 2180 &²
1769 2146 1898 2184 repetitio

1019 2189 1144 2218 dabitur.
1189 2188 1250 2217 Sed
1276 2185 1436 2218 Librarius
1456 2196 1562 2227 parum
1580 2187 1837 2218 animadvertens
1856 2186 1896 2217 ad

1020 2227 1200 2268 majusculas
1227 2228 1329 2259 literas
1345 2252 1352 2265 ‚
1378 2229 1407 2260 ἃ
1433 2229 1590 2259 rationem
1615 2230 1797 2269 geminandi
1821 2237 1895 2267 eas,

1020 2272 1169 2302 voculam
1187 2267 1223 2303 {5⁹
1240 2269 1417 2309 posteriore
1432 2270 1508 2301 loco
1525 2269 1641 2302 omifit.

1093 2374 1163 2408 IV.

233 2453 402 2487 Prcetorem
420 2453 451 2487 in
467 2453 520 2487 hoc
538 2451 643 2487 Edicto
651 2452 786 2500 servare
797 2455 889 2500 ραὲἳα
907 2459 1058 2487 conventa
1075 2451 1107 2484 in
1123 2462 1206 2493 rem,
1232 2448 1272 2489 δέ)
1288 2452 1319 2485 in
1332 2450 1504 2497 personam.
1533 2448 1575 2490 &²
1595 2462 1658 2496 quoe
1677 2449 1760 2484 illa?

115 2550 287 2625 Apparet
305 2556 419 2596 igitur,
444 2565 516 2588 cnm
537 2557 600 2594 ait,
619 2555 711 2587 Ραξῖιι
728 2556 981 2595 convencaserva-

190 2597 239 2634 bo,
255 2606 343 2637 aeque
359 2598 454 2628 tacita
471 2597 558 2637 pacta
572 2606 669 2636 atque
685 2597 827 2638 express‘a
843 2596 981 2628 servare:

113 2643 173 2665 ricc
192 2637 290 2669 minus
305 2639 515 2675 donationes,
539 2648 632 2679 quam
658 2639 897 2670 transactiones.
931 2638 982 2669 l'ed

113 2684 179 2721 nec.
200 2677 295 2710 refert
320 2679 405 2718 ejus,
428 2688 534 2710 utrum
561 2680 650 2720 pasta
674 2680 731 2711 fint
750 2681 778 2711 in
797 2681 980 2721 personam,

113 2725 151 2746 an
173 2725 201 2747 in
220 2727 304 2749 rem:
326 2728 361 2749 ut
385 2721 469 2751 enim
493 2722 577 2758 dixi,
601 2722 792 2762 generaliter
808 2723 869 2757 ait,
895 2721 983 2762 pacta

113 2766 284 2804 conventa·
301 2759 449 2792 servabo:
473 2771 533 2792 nec
557 2771 593 2792 ca
611 2771 681 2801 quae
697 2763 726 2793 in
747 2772 812 2794 rem
829 2762 897 2793 sunt
910 2786 918 2800 ‚
942 2763 982 2792 ab

114 2798 162 2829 his
186 2807 255 2838 quae
278 2809 308 2830 in
327 2801 489 2839 personam
508 2802 595 2840 sunt,
619 2803 792 2844 distinguit.
824 2813 922 2844 porro
940 2804 983 2833 ait

113 2839 306 2885 Ulpianusll.
325 2850 352 2880 7.
373 2841 402 2882 ς,
419 2846 449 2875 8.
470 2842 506 2872 D.
526 2844 560 2873 de
572 2843 680 2883 pueris,
696 2844 729 2876 In
747 2855 811 2876 rem
831 2845 918 2884 pacta
936 2854 983 2874 cs-

113 2880 163 2917 se,
188 2890 315 2919 quoties
339 2883 528 2919 generaliter
547 2884 705 2923 paciscor,
730 2885 783 2917 Ne
801 2895 927 2927 petam3
951 2886 982 2916 id

115 2922 160 2953 est
172 2946 180 2959 ,
197 2932 236 2953 ne
253 2922 292 2952 ab
309 2922 374 2952 ullo
392 2932 518 2961 petam:
536 2925 566 2955 in
582 2925 747 2964 personam
762 2936 867 2959 autem
880 2950 888 2966 ‚
906 2936 984 2966 quo·

114 2965 193 2999 ties,
218 2973 259 2993 ne
283 2963 322 2994 ab
347 2972 406 2994 una
425 2965 453 2994 dt
474 2973 560 2995 certa
586 2965 736 3006 persona,
760 2968 848 2999 verbi
865 2968 982 3009 gratia,

113 3005 217 3036 Lucio
234 3002 328 3035 Titio
347 3014 462 3043 petam.
508 3005 559 3037 Est
585 3016 664 3038 vero
682 3009 830 3040 notabilis
848 3008 900 3040 hic
919 3009 984 3048 ejus

115 3045 327 3078 distinffionis·
348 3045 506 3078 effeetus:
538 3057 571 3078 ut
596 3048 626 3078 in
650 3058 716 3080 rem
741 3050 865 3088 pactum
889 3050 986 3090 profit

113 3088 262 3120 omnibus
288 3096 424 3125 quorum
450 3087 625 3120 dissolutam
653 3090 714 3120 ess‘e
735 3090 985 3131 obligationem,

117 3130 181 3170 ejus
205 3129 256 3167 qui
283 3128 517 3169 paciscebatur,
542 3130 687 3161 interfuit
709 3131 729 3162 l.
747 3140 795 3162 21.
821 3132 850 3173 §.
868 3133 922 3163 ult.
941 3131 984 3164 D.

114 3171 174 3201 eod.
192 3171 238 3201 tit.
262 3170 292 3201 in
320 3170 484 3209 personam
511 3171 633 3208 pastum
661 3175 825 3204 dumtaxat
843 3173 939 3213 profit
956 3173 985 3204 ei

115 3221 190 3244 cum
209 3220 273 3253 quo
291 3210 410 3244 factum
429 3212 484 3244 est.
509 3212 586 3245 Hoc
601 3212 715 3246 Paulus
733 3214 880 3248 observat
896 3215 918 3247 l.
937 3222 982 3255 ¹7·

1025 2553 1044 2595 §
1071 2563 1098 2594 3.
1117 2553 1156 2585 D.
1171 2555 1228 2585 eod.
1249 2554 1293 2584 tit.
1319 2553 1414 2584 vei-ba
1436 2552 1532 2585 Pauli.
1578 2553 1612 2584 Si
1633 2554 1699 2595 quis
1712 2553 1895 2594 paciscatur,

1027 2595 1078 2627 Ne
1098 2605 1114 2626 a
1133 2595 1162 2626 se
1183 2603 1330 2636 petatur,
1354 2596 1448 2625 heredi
1462 2596 1587 2635 exceptio
1605 2605 1662 2625 non
1675 2598 1813 2636 proderit.
1847 2596 1899 2627 Sic

1027 2637 1215 2678 legendum,
1240 2635 1406 2675 expunctis
1432 2637 1553 2674 verbis,
1568 2638 1621 2677 secl
1637 2644 1669 2668 ut
1689 2638 1724 2667 ab
1741 2638 1836 2667 [vereare
1848 2644 1899 2677 pe-

1025 2685 1123 2710 tatur.-
1146 2687 1214 2714 Quae
1232 2677 1301 2708 sunt
1318 2676 1437 2716 otiosa;
1460 2678 1489 2709 δι
1507 2677 1617 2709 desunt
1632 2679 1660 2710 in
1679 2679 1822 2710 editione
1841 2679 1898 2710 Pa-

1025 2719 1114 2751 rienfi
1135 2719 1314 2750 Vintimillii
1335 2719 1405 2750 anni
1426 2724 1522 2759 1548:
1546 2721 1628 2760 apud
1647 2719 1830 2751 Russardum
1849 2728 1899 2750 au·

1026 2771 1091 2792 tem
1118 2761 1147 2791 ὅ(
1166 2760 1369 2791 Charondam
1388 2760 1577 2802 hemicyclis
1595 2762 1801 2792 includuntur
1821 2769 1898 2791 tam·

1026 2811 1118 2842 quam
1138 2801 1284 2842 suspecra.
1310 2802 1432 2834 Eodem
1451 2803 1550 2835 modo
1567 2802 1736 2843 legendum
1753 2803 1772 2833 l.
1791 2812 1838 2833 22.
1855 2800 1898 2832 D.

1024 2844 1083 2874 cori.
1105 2844 1152 2873 tic.
1199 2841 1270 2880 Ntsz'
1293 2844 1344 2874 hoc
1366 2843 1463 2875 aetum
1481 2842 1538 2885 est,
1563 2853 1598 2875 nt
1624 2849 1787 2875 dumtaxat
1807 2852 1822 2872 a
1841 2851 1898 2873 reo

1028 2894 1092 2915 non
1112 2892 1256 2925 petatur:
1276 2891 1346 2916 tunc
1361 2887 1435 2916 enim
1448 2885 1598 2933 fidejuffor
1614 2887 1774 2925 exceptione
1789 2893 1847 2913 non
1865 2893 1900 2914 u·

1027 2933 1110 2956 retur.
1155 2925 1238 2957 Nam
1264 2927 1380 2966 verba,
1404 2927 1600 2969 afidejuſjbre
1619 2932 1751 2965 petatur,
1776 2933 1847 2964 quae
1866 2924 1899 2956 in

1027 2967 1188 3007 plerisque
1201 2968 1394 3001 editionibus
1409 2970 1585 3006 adduntur,
1602 2967 1741 2999 similiter
1756 2965 1899 3007 hemicy-

1028 3009 1086 3040 clis
1104 3007 1306 3040 includuntur
1323 3011 1405 3050 apud
1425 3010 1606 3042 Rufi'ardum
1627 3015 1655 3039 α
1674 3007 1897 3048 Charondam3

1028 3050 1058 3081 in
1079 3050 1254 3082 Vintimillii
1271 3060 1376 3083 autem
1396 3052 1539 3084 editione
1557 3048 1778 3081 desiderantur.
1803 3057 1900 3080 caete-

1028 3100 1095 3123 rum
1121 3091 1182 3123 effe
1206 3092 1236 3124 dc
1260 3092 1314 3124 hic
1340 3093 1490 3124 cautione
1509 3100 1607 3130 opus,
1635 3088 1788 3129 Ulpianus
1805 3098 1899 3131 putat

1026 3134 1054 3163 d.
1073 3133 1092 3164 l.
1111 3142 1138 3174 7.
1157 3132 1185 3174 §.
1203 3138 1230 3168 8.
1252 3136 1439 3174 plerumque
1455 3133 1540 3164 enim
1556 3131 1623 3162 fieri
1641 3132 1758 3171 inquit,
1778 3139 1810 3162 ut
1831 3142 1901 3172 pei·-

1027 3173 1099 3205 sona
1126 3175 1219 3215 pacto
1244 3175 1413 3208 inseratur:
1439 3183 1500 3206 nec
1528 3181 1632 3217 tamen
1661 3172 1825 3213 personale
1847 3184 1901 3215 pa-

1027 3214 1110 3248 ctum
1134 3215 1189 3249 fit:
1215 3225 1248 3249 ut
1264 3217 1285 3249 si
1302 3218 1377 3249 ideo
1396 3216 1452 3248 fiat
1468 3215 1612 3256 perlonae
1628 3215 1770 3254 mentio,
1794 3222 1829 3246 ut
1844 3217 1900 3247 de·

1806 3264 1898 3290 mon-
