2052 3487
198 133 244 167 86

199 215 324 251 versum
344 223 407 250 tam
423 215 505 249 clare
521 211 712 245 definierunt
727 232 737 248 ,
760 218 795 242 ut
811 209 833 241 fi
848 209 947 241 causae
965 209 1056 242 liber-

200 260 337 291 tinitatis
355 260 384 291 δι
408 254 611 290 ἰησεουίτειῑῑε
635 261 677 284 ex
699 251 759 282 illis
780 251 910 289 forent,
941 252 1057 283 deinde

198 301 244 332 nil
268 300 391 332 necesse
409 281 503 333 esset,
527 296 557 326 in
581 293 629 324 his
646 294 730 324 idem
756 293 943 324 nominatim
968 301 1057 333 repe-

198 350 276 372 tere.
306 348 339 370 at
364 348 427 370 non
452 344 573 368 tanturn
599 333 772 365 absurditas
790 343 859 364 eam
887 334 1057 374 expositio-

196 390 272 416 nem
297 378 434 418 refellit,
469 377 521 408 sed
539 377 569 407 ἃ
587 376 703 406 veritas
722 385 730 404 :
763 375 835 414 quia
853 375 1056 407 certiffimum

198 423 243 454 est
260 445 270 460 ,
299 421 443 453 liberales
469 416 572 449 causas
598 423 671 447 ante
701 415 782 446 hanc
799 417 903 456 legem
928 418 1057 457 quidem

198 463 292 495 datos
308 460 435 501 judices
450 456 600 490 admislsse
612 456 682 497 jure
700 457 884 496 ordinario;
908 458 960 489 sed
979 457 1058 489 I’rae-

196 503 293 537 fidem
319 510 408 533 extra
433 501 578 532 ordinem
604 508 669 530 non
687 497 849 530 admifiss'e.
882 499 913 529 id
935 508 1014 531 vero
1036 497 1058 530 fi

194 545 262 583 est;
285 550 435 583 apparet,
461 541 555 572 etiam
580 549 682 571 errare
702 540 773 571 illos
791 539 843 579 qui
863 540 974 571 eadem
991 549 1059 570 ver-

197 587 238 617 ba
267 585 522 624 Imperatorum,
551 580 752 612 Diocletiani
783 581 813 611 &
846 579 1058 619 Maximiani,

197 628 240 658 ita
266 626 515 666 interpretantur
531 645 539 660 ‚
569 622 670 662 Super
692 631 752 663 qua
780 630 930 662 poterant
956 621 1058 653 Praefi-

197 669 253 699 des
269 690 278 705 ,
308 675 403 706 prout
430 666 551 696 vellent
571 686 581 702 ,
611 663 663 694 vel
681 663 735 703 ipsi
755 661 949 703 cognoscere
966 686 975 701 ‚
1008 663 1059 694 vel

198 708 326 749 judices
357 708 458 738 dare:
495 713 565 736 nam
600 703 782 735 Praefidibus
814 704 845 735 in
876 704 1060 736 liberalibus

198 748 294 781 caufis
321 748 397 779 nihil
425 748 622 778 arbitrarium
646 745 734 776 fuit:
766 745 876 785 utique
901 745 922 777 si
949 755 1060 777 verum

197 791 243 822 est
259 813 268 828 ,
301 799 352 821 eas
377 790 415 820 ad
438 786 602 820 Praefidum
624 786 843 827 cognitionem
871 797 934 818 non
965 787 1060 826 perti-

198 831 307 864 nuiss'e.
330 830 484 870 proinde,
509 837 549 859 ne
572 824 716 866 absurdi,
740 834 792 858 aut
808 827 895 867 falli,
928 828 985 860 {int
1003 828 1060 859 lin-

196 880 383 912 permores,
414 870 528 908 velim,
560 869 707 910 cogitent
731 869 865 907 eruditi3
897 879 937 900 ne
957 870 1061 900 versus

197 914 270 952 ille,
284 913 372 954 super
388 920 446 953 qua
459 916 594 952 poterant
612 911 698 942 eciam
718 916 784 942 ante
805 914 983 952 cognoscere,
1008 912 1062 942 de-

861 1036 1074 1075 CAPUT

786 122 1088 157 Gunanns

1141 117 1372 156 NoonT

1100 216 1248 251 pravatus
1271 209 1308 242 fit
1324 232 1335 250 ,
1365 210 1395 242 &
1413 210 1456 242 ita
1478 209 1707 251 restituendus,
1726 210 1821 253 super
1841 219 1899 254 qua
1910 218 1963 255 po-

1100 256 1196 282 terant
1222 251 1307 283 etiam
1327 253 1441 293 judices
1466 260 1534 285 ante
1555 253 1735 295 cognoscere.-
1760 262 1874 294 parva,
1906 255 1964 288 nifi

1099 291 1221 330 fallor,
1255 295 1463 333 inutatione3
1493 294 1515 327 fi
1547 295 1678 336 quidem
1711 303 1884 335 putemus,
1920 296 1965 327 ita

1100 332 1250 373 scriptum
1279 333 1370 365 fuisse
1385 357 1396 374 ,
1418 335 1509 376 super
1535 346 1594 378 qua
1616 341 1750 376 poterant
1783 341 1820 367 et.
1845 337 1866 368 i.
1897 343 1965 368 ante

1099 375 1269 415 cognoscere.
1293 385 1365 407 nam
1383 399 1392 414 ,
1416 385 1624 418 praeterquam
1643 377 1730 417 quod
1748 377 1873 417 quidam
1898 386 1964 409 ma-

1101 415 1253 456 nuscripti
1277 417 1349 448 libri
1368 426 1434 448 non
1460 418 1599 458 habent,
1622 421 1728 457 etiam,
1760 419 1812 450 sed
1828 442 1837 456 ‚
1868 425 1914 454 et‚·
1941 418 1965 450 fi

1101 456 1180 489 fides
1196 455 1425 499 Marginalibus
1443 458 1584 491 Ruffardi
1603 458 1719 491 Notis:
1744 460 1866 492 constat
1882 469 1963 500 quo-

1102 507 1182 537 que,
1212 498 1295 530 illam
1316 508 1451 538 vocem,
1480 502 1587 540 etiam,
1617 500 1687 532 fere
1705 508 1847 532 notatam
1872 500 1965 533 fuiss'e

1101 538 1162 570 hac
1185 538 1309 579 forma,
1331 546 1368 572 et.
1392 548 1565 581 praeterea,
1598 541 1668 573 istas
1686 543 1812 580 literas,
1844 544 1864 574 i.
1887 552 1910 573 e.
1935 551 1966 573 a·

1101 581 1167 620 pud
1196 579 1355 613 Notarum
1390 582 1559 623 scriptores
1590 584 1734 623 exponi,
1767 584 1862 625 judex
1894 581 1962 623 esto.

1102 622 1157 652 has
1180 629 1304 660 autem,
1326 627 1336 653 i
1369 633 1392 653 s.
1416 633 1439 654 c.
1464 624 1524 662 ita,
1542 624 1636 665 judex
1649 626 1806 664 fiicrarum
1828 627 1966 665 cognitio-

1102 672 1182 694 num.
1224 662 1348 695 Tamen
1372 664 1445 705 quia
1472 665 1512 696 de
1540 665 1636 697 caulis
1664 665 1760 697 ssatus
1784 666 1878 706 longe
1910 665 1967 697 ali-

1104 711 1152 736 ter
1168 727 1177 743 ‚
1215 712 1311 745 atque
1334 714 1395 746 ego
1411 727 1420 743 ,
1460 706 1597 737 sentiunt
1626 707 1772 738 homines
1804 707 1911 738 eximii
1934 707 1966 738 &

1104 745 1288 787 reipublicae
1303 745 1464 777 litterariae
1484 748 1761 788 principes3quod
1776 746 1840 788 ipse
1858 748 1897 779 tle
1916 746 1967 778 his

1104 787 1210 818 obiter
1235 787 1369 825 tradidi,
1390 788 1506 819 deinde
1524 789 1647 828 plenius
1669 788 1912 827 demonstrabo3
1944 786 1967 820 fi

1105 829 1241 868 primum
1262 830 1425 867 docuero,
1459 829 1488 860 in
1513 830 1627 869 quibus
1645 829 1742 862 causis
1763 829 1840 862 olim
1864 829 1968 871 Magi·

1105 869 1234 901 stratum
1262 871 1444 909 oportuerit
1465 878 1517 901 aut
1534 870 1680 910 Judicem
1707 871 1781 902 dare
1804 871 1968 903 ordinario

1101 910 1191 951 jure,
1214 920 1267 943 aut
1284 920 1340 952 per
1364 909 1394 943 se
1410 919 1499 944 extra
1518 913 1666 945 ordinem
1689 911 1897 955 cognoscere.

1136 1034 1307 1077 VIII.

298 1147 469 1185 Praetorem
490 1146 524 1183 de
534 1147 628 1194 jure,
655 1144 742 1193 deque
758 1157 839 1192 :equo
861 1143 901 1185 ὅ)
917 1147 1010 1192 bono,
1038 1147 1185 1194 Judioem
1201 1146 1236 1180 de
1243 1145 1336 1193 fabio
1346 1145 1500 1194 judicaffe
1515 1174 1524 1192 ‚
1551 1145 1594 1189 &²
1610 1146 1869 1195 quemadmodum.

268 1263 340 1288 rant
354 1253 453 1287 causae
468 1253 534 1286 aliae
549 1249 643 1292 fasti,
666 1253 732 1284 aliae
749 1251 845 1293 juris:
871 1261 941 1295 quae
959 1260 1065 1285 autem

283 1297 357 1328 facti
379 1302 469 1328 erant
485 1318 494 1334 ‚
527 1295 574 1326 hae
595 1294 664 1327 fere
685 1294 829 1334 Judicem
851 1295 958 1327 datum
977 1304 1065 1327 rece-

201 1347 290 1379 pere.
336 1337 410 1377 hjus
432 1338 496 1374 rei,
527 1345 642 1377 praeter
669 1344 794 1367 veteres
822 1336 982 1368 affionum
1000 1335 1065 1368 for-

201 1380 304 1412 mulas
325 1380 355 1410 in
380 1378 495 1419 quibus
521 1385 612 1415 erat,
637 1377 670 1407 Si
685 1383 786 1416 paret,
818 1379 994 1416 condemna,
1018 1385 1064 1409 et-

198 1420 262 1452 iam
289 1419 481 1452 Ciceronem
506 1418 618 1450 testem
636 1417 762 1457 habe03
785 1427 858 1449 cum
876 1418 947 1450 infit
970 1419 1018 1450 lib.
1039 1428 1065 1450 1.

197 1463 239 1493 vad
263 1460 303 1504 Q,
323 1460 453 1492 Fratrem
476 1458 552 1499 epist.
574 1469 603 1490 2.
626 1458 709 1501 Quid
726 1460 743 1491 ἱ)
775 1460 968 1500 Prcetorsolet
982 1460 1063 1501 judi-

201 1512 285 1540 care,
310 1501 434 1533 deberi?
466 1501 542 1533 Hoc
561 1500 646 1531 enim
665 1501 750 1539 vult,
781 1501 954 1532 Praetorem
974 1502 1063 1532 mini-

198 1553 254 1577 me
271 1543 395 1574 solitum
412 1542 554 1582 Judicare
570 1564 579 1580 ‚
603 1541 730 1572 deberi:
755 1543 853 1573 utitur
874 1541 945 1574 sane
968 1543 1064 1574 inter-

198 1584 369 1626 togatione
388 1593 457 1623 quae
474 1590 588 1623 praeter
608 1583 799 1623 elegantiam
817 1582 989 1622 sermonis,
1012 1583 1064 1614 ha-

194 1626 258 1658 het
276 1627 341 1657 vim
364 1625 518 1665 arguendi
537 1623 728 1662 fortiorem,
754 1632 849 1664 quam
876 1625 980 1656 sessus
999 1624 1067 1657 fim-

198 1668 342 1708 plexque
366 1665 490 1697 sermo:
526 1672 561 1696 ut
587 1664 803 1706 Quintilianus
837 1666 935 1697 docet
963 1666 1012 1698 lib.
1034 1675 1064 1702 9.

197 1707 274 1749 Just.
300 1713 372 1738 orat.
399 1717 424 1738 c.
446 1717 473 1738 ς’..
499 1706 581 1744 Sed,
605 1706 693 1746 quod
713 1706 797 1744 dixi,
822 1709 920 1738 moris
939 1706 1020 1745 fuit,
1044 1706 1066 1738 fi

198 1750 247 1790 jus
266 1757 409 1787 certum,
432 1748 551 1779 fastum
569 1749 728 1779 incertum
745 1770 755 1786 ,
784 1746 869 1778 esset.
895 1757 1065 1785 caeterum,

199 1789 223 1824 fi
242 1791 271 1822 &
288 1790 406 1822 factum
423 1797 546 1820 certum
565 1797 602 1819 ac
620 1788 739 1819 clarum
758 1787 852 1820 ess'et:
877 1795 944 1820 tum
960 1798 1065 1830 neque

200 1832 331 1872 judice,
359 1840 465 1871 neque
482 1830 625 1868 ustione,
657 1838 764 1869 neque
790 1831 1005 1869 exceptione,
1030 1840 1065 1860 o-

201 1883 260 1914 pus
283 1872 371 1911 fuit3
402 1880 512 1903 verum
537 1871 656 1902 Praetor
681 1880 736 1910 per
754 1869 784 1900 se
806 1871 980 1901 intervenit
996 1894 1005 1908 ,
1036 1871 1066 1901 ἀ

202 1916 309 1956 legum
324 1914 522 1945 voluntatem
542 1911 607 1944 fine
625 1910 737 1951 judice
756 1919 910 1944 executus
934 1912 978 1943 est
1000 1913 1018 1942 l.
1036 1921 1065 1948 9·

202 1955 248 1987 D.
271 1956 303 1986 de
322 1954 514 1996 jurejurando
532 1977 541 1992 ,
572 1952 592 1984 l.
615 1962 641 1984 1.
673 1951 702 1993 §.
719 1962 749 1993 5.
774 1952 816 1983 D.
838 1955 869 1983 de
896 1953 956 1984 dolo
981 1953 1065 1984 malo.

203 1997 293 2030 Idem
319 1996 381 2027 fuit
397 2019 406 2033 ,
439 2004 512 2026 cuin
535 1994 657 2034 dejure
681 1994 710 2024 ἃ
733 2002 827 2033 aequo
850 1993 1065 2025 dubitaretur:

203 2047 277 2069 nam
298 2038 329 2069 δι
356 2045 423 2068 tum
442 2037 563 2067 Praetor
581 2059 590 2074 ,
621 2044 687 2066 non
707 2034 809 2073 Judex
831 2035 922 2067 datus
946 2044 1069 2075 cogno-

203 2080 260 2110 vit.
306 2077 380 2110 Hoc
398 2078 481 2109 clare
500 2078 632 2109 Seneca.
678 2073 724 2106 De
742 2075 856 2115 benefic.
881 2077 929 2107 lib.
941 2086 968 2117 3.
995 2086 1017 2107 c.
1037 2086 1066 2116 ῑ.

203 2120 314 2151 Verba
340 2120 483 2150 Senecae.
533 2118 581 2149 De
606 2118 777 2158 quibusdam
806 2118 893 2148 etiam
918 2118 1068 2158 imperitus

200 2163 292 2204 judex
315 2162 457 2191 dimittere
482 2159 612 2190 tabellam
635 2156 724 2199 potest
743 2182 753 2196 ,
785 2159 835 2188 ubi
860 2158 955 2199 fecisse
973 2182 982 2197 ,
1015 2164 1067 2190 aut

204 2213 263 2233 non.
276 2201 378 2242 seciffe
402 2201 655 2242 pronuntiandum
675 2198 731 2237 eli,
764 2200 813 2229 ubi
826 2200 944 2239 prolatis
959 2201 1065 2230 cautio-

206 2245 292 2275 nibus
313 2238 504 2279 controversia
529 2241 649 2273 tollitur.
697 2240 758 2270 Ubi
778 2250 844 2271 vero
877 2243 953 2272 inter
972 2243 1066 2281 dispu-

205 2290 299 2317 tantes
316 2285 389 2318 ratio
406 2284 457 2325 jus
474 2283 544 2313 dicit
563 2306 572 2320 ,
602 2283 640 2312 ibi
662 2283 752 2312 animi
771 2281 934 2323 conjectura
956 2285 1067 2321 capien-

205 2327 244 2358 da
263 2323 322 2366 est,
344 2325 393 2355 ulvi
410 2325 439 2355 id
458 2346 467 2362 ,
499 2325 531 2354 de
548 2333 602 2364 quo
617 2322 835 2362 solastzpientza
857 2325 981 2354 decernit
998 2346 1007 2360 ,
1037 2325 1068 2354 in

204 2364 426 2404 controversiam
442 2365 567 2404 incidit,
588 2374 644 2395 non
656 2363 743 2404 potest
761 2365 798 2394 acl
819 2364 964 2404 haecsurui
973 2365 1068 2406 judex

205 2418 243 2440 ex
270 2409 355 2438 turba
376 2405 576 2447 selectorum,
613 2415 695 2446 quern
724 2405 823 2443 census
853 2407 884 2436 in
913 2405 1009 2436 album
1032 2405 1067 2439 ὅ)

205 2447 339 2489 equestris
356 2448 495 2479 hereditas
514 2445 600 2483 mifit.
643 2446 740 2487 Igitur
757 2447 788 2477 in
804 2445 889 2478 facto
905 2448 992 2485 quod
1015 2454 1070 2477 aut:

207 2486 420 2530 chirographo
440 2489 628 2529 plerumque
654 2495 762 2527 paret,
793 2496 846 2518 aut
867 2487 997 2519 testibus
1017 2489 1067 2519 de-

207 2529 397 2564 monstratur
412 2552 422 2568 ,
450 2529 554 2568 Judcx
579 2529 643 2559 dari
661 2529 783 2569 potest:
815 2536 846 2559 at
864 2531 894 2560 in
912 2530 993 2569 aequi
1013 2530 1068 2560 bo-

209 2573 306 2613 nique
333 2570 565 2611 disceptatione
583 2570 613 2601 in
632 2579 693 2609 qua
716 2570 971 2610 prudentiffimus
988 2572 1070 2611 quis-

209 2623 272 2654 que
298 2610 417 2643 fallitur
437 2634 446 2649 ,
479 2610 508 2642 &
526 2634 534 2649 ,
567 2619 601 2641 ut
628 2611 749 2642 Seneca
773 2611 915 2652 loquitur
933 2634 942 2650 ,
974 2611 1069 2643 animi

209 2653 394 2694 conjectura
411 2652 563 2692 capienda
580 2675 590 2691 ,
614 2652 643 2683 &
662 2652 723 2683 sola
741 2651 890 2692 sapientia
906 2654 1069 2691 decernit,

208 2696 311 2736 judex
336 2693 400 2725 dari
419 2702 484 2724 non
504 2693 629 2733 potest:
652 2694 702 2724 sed
722 2692 832 2725 Romae
850 2694 978 2734 quidem
989 2694 1070 2725 Prae-

210 2746 279 2774 tor,
311 2737 341 2767 in
359 2734 525 2774 provincia
549 2743 626 2765 vero
651 2733 766 2765 Praeses
785 2733 896 2765 definit
911 2758 921 2773 ,
953 2743 1070 2775 atque,

210 2785 246 2810 ut
265 2778 297 2809 in
322 2775 413 2808 faffis
429 2774 603 2816 judicium,
637 2774 679 2805 ita
696 2775 748 2805 liic
769 2775 940 2808 Consilium
953 2799 962 2815 ,
985 2776 1071 2807 adhi-

211 2821 284 2851 bet:
307 2818 340 2849 id
359 2816 404 2848 est
418 2839 428 2855 ,
459 2817 490 2847 in
508 2814 596 2846 Urbe
615 2814 830 2848 Decemviros
848 2825 900 2848 aut
918 2817 1071 2849 Centum-

210 2861 319 2897 viros,
343 2858 373 2890 in
392 2857 565 2897 provinciis
585 2856 695 2897 viginti
714 2856 979 2898 Recuperatores.
1023 2858 1072 2890 In-

213 2904 253 2934 de
276 2899 493 2942 Quintilianus
516 2899 563 2928 lib.
582 2906 612 2936 4.
636 2895 707 2938 lust.
733 2905 805 2930 orat.
838 2909 861 2930 c.
887 2910 914 2931 2.
940 2899 986 2931 De
1005 2900 1074 2940 jure

211 2944 370 2984 quaeritur,
395 2947 428 2971 ut
446 2941 522 2977 apud
542 2938 742 2970 centumviros
757 2962 765 2977 ,
791 2938 894 2980 filius,
917 2950 957 2971 an
972 2941 1074 2981 frater

212 2986 310 3015 debeat
332 2984 367 3014 ab
390 2978 521 3021 intestato
546 2978 597 3020 effe
621 2980 715 3010 heres.-
739 2982 874 3020 pubertas
892 2984 977 3013 annis
993 3005 1003 3021 ,
1032 2992 1073 3014 an

215 3025 340 3065 corporis
363 3023 463 3054 babitu
485 3019 647 3061 (estimetur.
689 3018 730 3050 Et
749 3020 866 3052 Cicero
893 3021 940 3052 De
963 3029 1073 3058 oratore

216 3066 264 3096 lib.
287 3074 311 3096 1.
335 3072 396 3105 cap.
413 3067 462 3103 38.
488 3062 618 3094 Volitare
634 3063 665 3092 in
684 3063 747 3099 soro
764 3085 773 3100 ‚
797 3063 898 3093 baerere
914 3064 944 3093 in
955 3063 1024 3104 jure
1040 3075 1073 3095 ac

216 3105 375 3137 Praetorum
390 3103 582 3136 tribunalibus
596 3126 605 3140 ,
631 3103 746 3144 judicia
761 3105 883 3144 privata
900 3113 1074 3145 magnarum

217 3155 312 3177 rerum
329 3146 402 3176 obire
419 3170 428 3185 ,
461 3146 612 3186 inquibus
625 3144 699 3186 stepe
721 3154 778 3175 non
803 3145 836 3175 de
848 3143 948 3184 subto,
978 3145 1024 3182 sed
1042 3148 1076 3176 de

219 3187 352 3226 aeqziitate
376 3197 408 3217 ac
420 3188 487 3228 jure
503 3191 627 3217 certetur
643 3209 653 3225 ,
678 3185 832 3227 jaffarese
847 3187 878 3215 in
901 3184 992 3224 causis
1014 3196 1075 3218 cen-

217 3225 440 3267 tumviralibus,
469 3229 499 3259 in
516 3228 621 3268 quibus
645 3228 849 3269 usucapionum
863 3248 874 3267 ,
897 3227 1074 3269 tutelarum,

1104 1252 1322 1294 gentilitatum,
1353 1253 1562 1293 agnationum,
1593 1254 1793 1294 alluvionum,
1813 1252 1972 1285 circumlui

1107 1294 1247 1333 vionum,
1278 1303 1441 1332 nexorum,
1471 1296 1700 1334 mancipiorum,
1726 1298 1871 1336 parietum
1887 1318 1896 1334 ‚
1924 1295 1970 1325 lu·

1107 1339 1243 1374 minum,
1267 1334 1483 1376 stillicidiorum
1499 1356 1508 1374 ,
1539 1335 1770 1376 testamentorum
1796 1343 1969 1377 ruptorum,

1107 1381 1159 1408 aut
1177 1382 1325 1415 retortam,
1356 1382 1576 1419 caeterarumque
1599 1388 1696 1409 rerum
1716 1377 1972 1409 innumerabilium

1102 1418 1177 1459 jura
1200 1419 1370 1457 versentur,
1395 1428 1460 1448 cum
1477 1421 1590 1449 omnino
1611 1420 1681 1460 quid
1692 1421 1796 1458 suum,
1821 1420 1892 1460 quid
1903 1418 1972 1449 alie-

1107 1468 1177 1489 num
1193 1482 1202 1497 ‚
1223 1469 1313 1500 quare
1328 1461 1448 1500 denique
1464 1461 1534 1490 civis
1545 1483 1553 1498 ,
1577 1470 1616 1491 an
1633 1461 1804 1501 peregrinus
1816 1483 1826 1499 ‚
1840 1460 1971 1498 servus,

1107 1510 1148 1530 an
1170 1500 1238 1532 liber
1260 1502 1403 1541 quispiam
1414 1499 1456 1538 fit
1473 1524 1482 1539 ‚
1511 1503 1646 1542 ignoret,
1676 1500 1799 1542 insignis
1821 1499 1860 1540 est
1878 1501 1973 1541 inipu-

1107 1543 1217 1572 deutiae.
1263 1541 1344 1574 Haec
1366 1541 1521 1573 Cicero&
1540 1541 1774 1585 Quintilianus:
1797 1542 1971 1574 ostenden-

1109 1589 1157 1614 tes
1174 1583 1256 1614 clare
1276 1606 1286 1622 ,
1315 1583 1542 1623 quaestionibus
1570 1593 1639 1622 quae
1665 1584 1787 1624 dejure
1811 1592 1909 1623 atque
1932 1591 1972 1613 te-

1109 1624 1231 1664 quitate
1255 1623 1365 1662 fuere,
1390 1624 1473 1665 apud
1497 1624 1670 1657 Praetorem
1689 1625 1718 1656 ὅ(
1742 1624 1972 1656 Centumviros

1109 1666 1277 1697 ventilatas
1294 1664 1404 1704 fuiss'e3
1429 1666 1657 1698 Centumviros
1681 1676 1760 1697 vero
1787 1665 1917 1697 Praetori
1938 1665 1973 1696 in

1108 1705 1241 1738 consilio
1261 1705 1418 1746 assedisse,
1441 1716 1481 1737 ex
1503 1707 1632 1738 Valerio
1655 1707 1859 1747 intelligitur:
1884 1706 1973 1745 cujus

1109 1747 1205 1778 verba
1232 1748 1300 1778 baec
1327 1747 1394 1779 sunt
1416 1747 1463 1781 lib.
1485 1758 1513 1787 7.
1536 1758 1561 1779 c.
1581 1758 1608 1787 7.
1635 1748 1663 1789 ᾗ.
1685 1758 1710 1779 1.
1734 1747 1900 1779 Militantis
1921 1757 1972 1777 cu·

1103 1789 1223 1830 jusdam
1239 1795 1323 1828 pater
1341 1811 1350 1826 ,
1381 1799 1446 1819 cum
1471 1790 1504 1819 de
1525 1797 1612 1820 morte
1628 1790 1688 1828 filii
1698 1789 1811 1828 falsum
1836 1799 1850 1818 e
1871 1785 1974 1828 castris

1109 1831 1249 1860 nuncium
1265 1829 1410 1870 accepiffet
1425 1853 1435 1867 ,
1468 1830 1533 1860 aliis
1556 1831 1703 1861 heredibus
1714 1830 1833 1870 scriptis
1851 1828 1971 1869 deceffit.

1110 1870 1239 1901 Peractis
1263 1871 1362 1900 deinde
1377 1868 1531 1911 stipendiis
1553 1871 1707 1908 adolescens
1738 1876 1866 1910 reversus
1885 1894 1894 1909 ‚
1925 1871 1978 1905 do-¹

1109 1921 1187 1942 munt
1211 1920 1302 1942 errore
1323 1914 1418 1952 patris
1438 1935 1447 1950 ‚
1482 1913 1717 1953 impudentiaque
1740 1914 1897 1943 amicorum
1917 1911 1973 1949 fibi

1110 1953 1235 1989 clausam
1256 1954 1383 1992 reperim
1414 1954 1512 1994 itaque
1537 1951 1666 1993 depositis
1691 1956 1781 1985 armis
1804 1952 1918 1984 confilus
1933 1950 1973 1993 est

1109 1994 1140 2024 in
1152 1994 1220 2032 foro
1238 1999 1365 2034 togatam
1381 1995 1495 2033 ingredi
1510 1995 1652 2025 militiam.
1688 1995 1814 2026 Acerbe:
1838 2005 1903 2024 cuin
1920 1995 1972 2024 im-

1105 2033 1274 2075 probiffirnis
1300 2037 1375 2065 enini
1407 2035 1554 2066 heredibus
1578 2037 1611 2065 (ie
1632 2037 1761 2076 paternis
1793 2036 1870 2066 bonis
1892 2035 1973 2075 apud

1110 2076 1312 2106 Centumviros
1335 2078 1506 2113 contendit,
1538 2078 1667 2107 omnibus
1691 2087 1748 2107 non
1766 2077 1852 2107 solum
1882 2074 1972 2113 confi·

1109 2117 1173 2155 liis,
1189 2118 1242 2155 sed
1262 2118 1348 2147 etiarn
1358 2119 1513 2156 sententiis
1523 2117 1657 2156 superior
1677 2116 1807 2158 disceffit.
1853 2116 1973 2156 Vides,

1110 2168 1146 2190 ea
1168 2158 1199 2188 in
1223 2157 1312 2188 causa
1331 2181 1340 2196 ‚
1371 2159 1459 2197 quod
1486 2159 1516 2188 ἂ
1542 2159 1658 2190 Cicero
1687 2161 1853 2190 annotavit
1876 2159 1921 2188 lib.
1945 2167 1973 2190 1.

1111 2199 1158 2231 De
1175 2205 1304 2236 oratore,
1329 2199 1492 2238 quaesitum
1513 2199 1603 2230 fuiss'e
1621 2201 1660 2230 de
1678 2200 1750 2239 Jurc
1767 2200 1852 2231 cix-ili
1866 2223 1875 2236 ‚
1900 2209 1973 2239 pos·

1110 2241 1187 2272 fitne
1213 2249 1418 2280 paternorum
1449 2241 1608 2272 bonorum
1633 2241 1767 2273 exheres
1797 2240 1860 2272 esse
1890 2240 1974 2272 filius

1111 2290 1206 2319 quem
1235 2289 1326 2320 pater
1351 2281 1540 2313 testamento
1563 2290 1668 2322 neque
1692 2283 1844 2314 heredem
1870 2282 1974 2314 norni-

1111 2324 1208 2354 natirn
1226 2322 1407 2362 scripfiffet,
1426 2332 1530 2363 neque
1549 2324 1755 2354 exheredem.
1780 2324 1886 2361 vides,
1902 2332 1974 2355 eain

1111 2365 1232 2395 causam
1257 2364 1340 2402 apud
1364 2363 1591 2396 Centumviros
1617 2365 1716 2396 actam
1734 2387 1744 2403 ,
1783 2374 1839 2396 eos
1873 2373 1972 2405 porro

1110 2406 1139 2437 in
1160 2404 1299 2436 Confilio
1324 2404 1430 2436 fuisse:
1454 2414 1485 2436 at
1501 2405 1577 2437 cui?
1609 2406 1663 2437 nisi
1685 2406 1815 2438 Praetori
1836 2408 1888 2446 qui
1914 2415 1973 2436 eos

1111 2455 1247 2486 quatuor
1268 2446 1404 2477 consiliis
1432 2446 1681 2478 conscribebat:
1709 2447 1842 2488 amplius
1858 2470 1867 2485 ‚
1900 2456 1974 2479 cum

1113 2488 1317 2520 Decumviris
1336 2487 1406 2527 ipfis
1424 2487 1607 2528 praefidebat
1624 2512 1633 2528 ,
1659 2488 1761 2520 Plinio
1782 2487 1860 2519 teste
1874 2488 1923 2519 lib.
1940 2499 1973 2529 5.

1112 2528 1191 2570 episi.
1209 2529 1263 2559 ult.
1287 2528 1324 2562 ὅ)
1342 2530 1391 2560 lib.
1406 2533 1436 2560 6.
1459 2527 1536 2570 epist.
1557 2539 1603 2569 33.
1637 2530 1784 2561 intererit
1803 2553 1812 2568 ,
1843 2529 1907 2561 loci
1939 2538 1974 2560 u-

1113 2579 1256 2610 triusque
1281 2570 1378 2601 verba
1400 2569 1598 2611 adscripfisse.
1643 2570 1690 2602 Ea
1715 2581 1754 2602 ex
1776 2571 1822 2602 lib.
1838 2581 1868 2611 5.
1893 2567 1973 2611 episi.

1112 2613 1167 2644 ult.
1194 2611 1262 2642 haec
1280 2610 1358 2642 sunt.
1408 2610 1615 2652 Descenderam
1633 2613 1663 2642 in
1681 2611 1823 2650 bafilicam
1837 2611 1976 2651 Juliam,

1113 2653 1271 2686 auditurus
1290 2675 1299 2689 ,
1330 2653 1433 2693 quibus
1453 2653 1589 2693 proxima
1616 2654 1907 2694 comperendinatione
1928 2661 1974 2681 re-

1104 2696 1244 2735 spondere
1273 2695 1394 2724 debeam.
1447 2694 1584 2724 Sedebant
1608 2693 1729 2733 Judices
1745 2716 1754 2732 ,
1792 2692 1976 2724 Centumviri

1113 2741 1253 2767 venerant
1269 2758 1277 2772 ,
1300 2735 1525 2774 observabantur
1546 2733 1716 2770 Advocati,·
1741 2732 1890 2772 silentium
1915 2734 1976 2764 lon-

1111 2787 1204 2818 gum,
1230 2777 1343 2807 tandem
1358 2786 1376 2806 a
1396 2776 1519 2807 l’raetore
1535 2777 1672 2808 nuncius.
1694 2776 1887 2807 dimittuntur
1902 2775 1975 2805 Cen-

1115 2819 1249 2849 tumviri.
1291 2816 1333 2847 Et
1355 2815 1436 2857 post.
1477 2817 1543 2848 Hoc
1566 2816 1643 2855 [αὲῗο
1668 2817 1789 2857 Nepotis
1821 2821 1976 2847 commotus

1115 2860 1226 2891 Praetor
1243 2881 1253 2897 ‚
1280 2860 1331 2899 qui
1348 2858 1614 2889 Centumviralz'bus
1626 2856 1773 2899 praefidet,
1804 2859 1973 2889 deliberatu-

1115 2910 1166 2932 rus
1184 2923 1194 2939 ,
1224 2909 1262 2930 an
1279 2900 1449 2940 sequeretur
1470 2899 1653 2939 exemplum,
1685 2900 1867 2941 inopinatum
1895 2899 1977 2929 nobis

1116 2942 1206 2973 otium
1226 2941 1313 2972 dedit.
1355 2939 1437 2972 Haec
1460 2950 1500 2971 ex
1528 2941 1576 2971 lib.
1601 2952 1631 2981 5.
1663 2940 1714 2972 Ex
1738 2941 1786 2972 lib.
1812 2948 1919 2970 autem
1942 2942 1974 2973 6.

1115 2980 1193 3023 epist.
1209 2991 1258 3023 33.
1283 2981 1336 3012 ista
1353 2979 1430 3012 sunt.
1472 2980 1599 3013 Foemina
1606 2981 1755 3022 splendide
1772 2987 1859 3018 nata,
1883 2986 1976 3019 nupta

1111 3025 1242 3064 prietorio
1258 3023 1341 3060 viro,
1365 3023 1534 3054 exheredata
1547 3025 1581 3054 ab
1597 3023 1772 3065 octogenario
1783 3028 1868 3062 patre
1890 3022 1973 3052 intra

1115 3066 1247 3096 undecim
1267 3065 1345 3101 dies,
1368 3074 1457 3104 quam
1476 3064 1520 3095 ille
1543 3074 1695 3096 novercam
1717 3064 1742 3093 ei
1763 3071 1856 3094 amore
1872 3068 1975 3101 captus

1116 3107 1272 3136 induxerat
1290 3128 1300 3144 ,
1330 3105 1514 3145 quadruplici
1529 3106 1641 3148 judicio
1662 3106 1734 3135 bona
1754 3110 1878 3144 paterna
1899 3109 1976 3141 repe-

1117 3148 1203 3178 tebat.
1247 3146 1386 3177 Sedebant
1408 3147 1521 3187 judices
1546 3153 1659 3177 centum
1686 3144 1723 3179 δέ)
1746 3144 1907 3184 octoginta:
1932 3149 1974 3174 tot

1116 3189 1191 3218 enim
1214 3193 1339 3228 quatuor
1371 3186 1493 3225 confiliis
1526 3187 1752 3227 conscribuntur.
1803 3186 1903 3226 Igitur
1934 3185 1975 3215 de

1115 3228 1184 3268 Jure
1200 3229 1230 3261 <Sc
1249 3238 1341 3271 aequo
1361 3228 1481 3260 Praetor
1497 3237 1570 3261 cuni
1586 3225 1747 3267 Confino,
1766 3226 1798 3260 id
1815 3226 1878 3266 est,
1894 3234 1976 3299 gum

1924 3274 1978 3299 en·
