2036 3495
164 3272 180 3282 a

533 138 575 217 I

739 131 821 208 N

929 132 932 135 ’
986 131 1065 205 D
1231 129 1299 203 E

1464 125 1543 204 X

269 278 1822 390 RERUMETVERBORUM.

429 498 463 527 A.

802 490 849 518 vel
875 485 1020 518 menstruis
1043 484 1160 514 honoris
1181 486 1259 515 causa
1278 486 1339 515 reli·
1367 488 1598 526 Argentariorum
1615 486 1725 520 Usurae,
1749 484 1795 513 vid
1817 483 1910 514 Usurae
1926 492 1942 515 e

804 529 861 556 etis.
1284 531 1340 559 439

165 575 339 644 Abolitio
354 574 455 611 quibus
468 571 493 600 ἃ
506 569 621 606 quando
637 575 739 596 conce·
766 566 801 594 de
815 565 961 594 Alimentis
981 560 1142 590 transactio.
1166 559 1224 589 vid.
1238 562 1341 590 Trans-

275 614 364 641 datur.
403 611 470 649 Pag.
485 616 537 643 237
552 607 614 634 add.
634 606 737 634 Trans-

201 652 272 681 actio
288 651 322 679 de
341 650 456 678 crimine
472 645 590 682 capitali.

166 692 292 720 Abortus
313 686 475 724 procuratio
495 682 566 720 apud
591 682 738 710 Romanos

206 727 341 764 impunita
362 731 419 753 erat
442 730 530 759 usque
552 719 586 747 ad
606 720 740 748 Severum

203 765 230 794 ἃ
245 763 429 794 Antoninum.

686 793 742 829 seq.

803 603 886 631 actio.

767 641 882 670 Alluvio
900 659 909 673 ‚
943 647 994 674 pro
1016 638 1080 673 Jure
1107 635 1264 664 alluvionis.
1292 643 1343 670 39,

812 685 874 713 430.
885 685 937 714 pro
947 675 1051 704 recessu
1066 673 1156 701 subito
1170 672 1344 740 fluminis.82‚

1289 718 1304 744 3
1327 718 1345 744 9

504 757 662 794 479δι495
679 764 741 783 cum
770 752 930 783 Alluvionis
962 749 1136 777 ususfruews.
1171 747 1227 775 vid.
1262 747 1347 776 Usus-

808 791 908 820 fruetus
923 787 1000 816 fundi
1017 787 1132 822 legatus.

170 839 358 875 Acceptilatio
375 836 414 865 est
436 833 591 863 conventio
607 831 678 868 Juris
699 831 744 859 Ci-
771 830 879 858 Alveus
896 836 912 855 a
925 825 1038 854 flumine
1053 828 1262 860 occupatus,ac
1271 822 1347 851 dein-

208 879 291 910 vilis‚
314 875 359 904 sed
382 874 470 902 forma
491 872 518 899 in
541 870 660 906 quadam
684 877 744 904 par-

809 867 843 894 de
862 864 971 894 reliftus
987 863 1064 896 cujus
1080 861 1118 889 sit·
1260 863 1348 895 1‚389

1405 526 1616 593 lconventione,
1634 525 1661 553 δε
1673 545 1681 557 ,
1694 522 1845 552 Usurarum
1861 523 1942 560 stipu-

1417 570 1484 594 atio.

1370 602 1522 638 Argentum
1538 601 1638 630 fat-‘tum
1656 600 1674 630 fi
1691 599 1823 629 utendum
1848 597 1945 633 detur,

1406 648 1463 668 non
1479 646 1605 668 mutuum
1618 638 1792 668 contrahitur
1801 657 1808 670 ,
1818 636 1862 665 secl
1871 644 1946 665 com-

1410 676 1562 706 modatum.
1889 677 1944 707 276

1374 714 1544 751 Argumenta
1560 723 1575 742 a
1598 714 1757 745 contrario,
1781 717 1829 739 aut
1850 711 1944 739 conse-

1411 752 1541 788 quentia,
1560 752 1629 788 saepe
1642 760 1736 788 parum
1750 750 1827 778 firma
1843 748 1905 776 sunt
1920 750 1949 777 in

1411 789 1563 825 Rescriptis
1577 790 1734 826 Principum
1745 811 1752 822 ,
1773 786 1799 814 &
1813 786 1948 822 fragmen-

1413 827 1446 854 tis
1462 827 1593 863 JCtorum
1610 828 1752 855 Veterum.
1774 829 1800 859 6,
1811 827 1946 858 228,244,

1674 868 1736 897 360,
1748 866 1809 898 383.
1819 865 1883 897 472.
1892 860 1949 896 seq.

207 921 235 943 te
250 921 373 947 mutata,
394 913 421 940 in
440 919 473 939 ea
488 909 574 945 coepit
598 906 652 934 esse
673 906 744 943 Juris
773 904 924 933 Ambulare
939 898 1086 937 quomodo
1103 897 1296 934 accipiendum
1313 897 1344 926 sit
1376 901 1446 931 Λαὶς
1461 900 1550 930 usura,
1570 901 1627 930 vid,
1643 901 1743 930 Usum,

207 952 352 981 Gentium.
647 952 660 979 5
671 964 679 979 ‚
692 947 747 978 414

815 943 842 969 in
861 939 1026 968 definitione
1041 937 1108 969 viae,
1129 935 1155 963 ἃ
1177 936 1303 963 itineris.·
1332 943 1350 970 4

172 990 319 1022 Acceffio,
346 987 373 1015 δι
405 984 641 1015 additamentum,
669 989 747 1018 aeque
775 978 989 1008 Ambulationes
1001 974 1186 1002 subterranea:
1198 974 1232 1001 ad
1247 973 1351 1002 evitan-

211 1028 341 1056 dicuntur
358 1025 393 1053 de
412 1024 497 1053 usuris
514 1021 748 1059 pecuniae,quam

210 1065 356 1094 fruetuum.

174 1103 325 1133 Accusator
340 1109 397 1130 non
413 1098 504 1137 potest
519 1098 631 1133 impune
647 1095 680 1122 ab
704 1102 746 1121 ac-

211 1140 354 1169 cusatione
369 1137 492 1167 criminis
507 1133 632 1170 capitalis
642 1131 750 1160 desiste·
778 1127 968 1165 Amphibolia.

776 1165 1028 1203 Anantapodoton.

777 1203 950 1233 Anatocismi
966 1201 1026 1228 duae
1043 1199 1159 1237 species,
1180 1197 1206 1227 ὅ(
1224 1207 1239 1226 a
1251 1199 1352 1236 quibus

211 1186 243 1205 re
282 1182 398 1214 propter
436 1172 662 1204 transaetionem.
692 1168 748 1197 vid.

213 1215 388 1243 Transatfiio.

176 1253 328 1283 Actionum
357 1249 455 1280 divisio
483 1245 572 1277 modo
601 1244 747 1282 bipertita,

216 1289 304 1318 modo
320 1288 458 1325 tripertita
473 1286 521 1314 est.

175 1328 321 1361 Aetionis,
341 1334 402 1363 quae
425 1324 499 1354 nulla
520 1322 559 1351 est
573 1323 637 1360 Jure
659 1320 753 1348 civili.

215 1365 242 1394 dt
260 1365 334 1400 ejus,
354 1371 415 1400 quae
429 1362 493 1399 Jure
508 1360 583 1388 civili
597 1359 687 1390 valet,
710 1356 754 1384 sed

814 1016 878 1044 dum
898 1013 998 1042 aestum.
1298 1014 1351 1045 346

695 1064 745 1091 151
775 1054 914 1083 Amicitiae
929 1051 955 1079 ἃ
975 1047 1147 1079 matrimonii
1165 1049 1350 1085 comparatio.

1315 1093 1350 1120 41

1299 1131 1350 1158 125

1297 1163 1351 1196 448

815 1241 970 1278 prohibitas.
1299 1244 1353 1269 190

715 1290 750 1309 22
780 1279 976 1308 Anatocismus
990 1274 1191 1304 anniversarius
1206 1273 1274 1302 olim
1296 1273 1355 1301 lici-

818 1324 877 1350 tus,
904 1316 1006 1344 deinde
1030 1313 1187 1350 prohibitus
1202 1333 1210 1346 ,
1245 1310 1356 1340 ratione

819 1354 912 1387 civili,
932 1360 989 1380 non
1001 1351 1073 1389 Juris
1088 1350 1222 1387 gentium.
1304 1357 1358 1384 ¹90

216 1410 268 1440 per
284 1401 480 1437 exceptionem
494 1398 559 1435 Jure
572 1395 704 1433 praetor10
715 1394 753 1422 in·
781 1391 979 1422 Anatocismus
995 1396 1060 1417 ante
1076 1387 1256 1426 Jusiinianum
1272 1387 1356 1417 etiam

213 1440 356 1473 firmatur,
369 1436 528 1465 discrimen.
548 1442 611 1468 299.
622 1432 685 1461 add.
700 1432 754 1460 Ex-

217 1486 250 1505 ce
273 1484 323 1505 tro.

179 1485 304 1547 ,mitid-,nis
320 1512 417 1540 editio.
437 1509 493 1538 vid.
507 1508 613 1538 Editio.

179 1552 262 1583 Aetio
276 1546 502 1581 confessoria‚de
515 1546 597 1578 dolo,
611 1544 638 1572 in
654 1544 755 1573 factum

218 1589 271 1617 &o
293 1587 352 1615 vid.
368 1586 415 1615 sub
431 1585 485 1613 suis
501 1582 659 1611 elementis.

179 1628 249 1656 Περ
265 1624 364 1659 Aetio,
385 1624 411 1652 in
427 1621 478 1650 hac
494 1621 619 1653 afflone,
640 1619 692 1648 ἃς.
715 1618 758 1647 sae-

218 1666 255 1701 p'e
271 1661 351 1690 nullo
365 1659 473 1696 adJ'efto
495 1658 592 1686 dicunt
616 1657 758 1693 Juriscon-

219 1700 301 1733 sulti,
323 1698 349 1727 &
365 1698 438 1727 unde
453 1695 696 1732 cognoscatur,de
705 1702 760 1731 qua

218 1738 330 1767 afflone
348 1745 380 1764 ea
395 1733 556 1771 accipienda
570 1732 631 1761 fint.
706 1738 760 1765 275

183 1778 287 1808 Attus,
308 1783 360 1809 pro
373 1775 434 1809 jure
447 1771 556 1808 agendi.
652 1776 761 1804 39‚430

183 1812 286 1844 Addici
302 1812 401 1840 dicitur
416 1809 515 1847 Judex.
542 1806 602 1836 vid.
618 1808 714 1844 Judex.

184 1851 316 1882 Addiffio
337 1851 363 1878 in
379 1849 462 1876 diem.
485 1846 540 1875 vid.
556 1845 635 1875 Pacta
650 1845 678 1873 in
695 1852 762 1873 con-

225 1887 325 1918 tinenti
340 1886 454 1921 adJeEta.

185 1926 424 1956 Additamentum.
446 1921 504 1950 vid.
519 1921 655 1950 Acceffio.

186 1962 364 1994 Adminicula
381 1960 588 1994 contraetuum,
608 1967 677 1996 quae.
699 1963 762 1993 421,

190 2038 316 2075 Adoptio
341 2035 452 2073 speciali
477 2034 655 2064 concessione
674 2003 764 2069 Μζέἷ

228 2076 356 2104 stratibus
376 2074 534 2110 competit,
563 2081 616 2100 nec
641 2070 765 2100 mandari

227 2112 329 2149 potest.
713 2111 765 2136 106

191 2150 368 2182 Adsefforum
379 2169 388 2183 ,
396 2149 450 2178 five
460 2148 687 2176 Consiliariorum
702 2147 764 2174 Ma-

229 2187 389 2225 gistratuum
411 2194 510 2214 munus
525 2208 531 2219 ‚
560 2186 586 2213 δε
611 2192 669 2220 quo
691 2183 767 2212 sensu

230 2225 340 2265 judices
368 2224 393 2251 &
411 2223 522 2259 judiciis
544 2222 656 2258 praeesse
675 2221 766 2249 dican-

231 2270 284 2292 tur.
306 2270 352 2296 90.
368 2262 442 2298 seqq.
463 2260 525 2288 add.
550 2259 717 2292 Consilium,
741 2259 767 2286 ὅ(

229 2298 376 2329 Tribunal.

193 2337 371 2370 Adulterium
402 2342 466 2365 ante
486 2334 696 2366 Constantinum
723 2334 768 2362 M.

229 2385 289 2405 non
311 2374 428 2411 capitale
449 2380 521 2406 erat,
550 2372 599 2400 etsi
628 2371 767 2400 interdum

231 2420 310 2442 extra
328 2412 455 2440 ordinem
471 2420 486 2439 a
505 2411 608 2440 Senatu
630 2415 677 2437 aut
693 2409 769 2437 Prin-

232 2451 295 2487 cipe
312 2450 442 2485 graviore
464 2456 560 2485 prena,
581 2455 664 2483 atque
684 2446 767 2475 etiam

198 2487 522 2567 Λὲὲἷῖἓῐῖορέᾞξὺῗὲἓὲ
539 2532 554 2551 a
583 2486 769 2551 Cooengstzurifilnqo

195 2560 647 2664 ..pgffi.{¹.³.3¹¹.sa.zassf·v...
668 2568 769 2626 ...²33

234 2646 248 2665 a
277 2644 314 2663 ro.

195 2674 344 2705 AEdifrcare
360 2674 385 2700 in
401 2674 514 2702 flumine
523 2673 652 2709 publico,
663 2672 769 2708 littore,

234 2711 280 2739 vel
295 2710 361 2738 mati
372 2731 379 2743 ,
401 2717 535 2745 quatenus
549 2711 640 2740 liceat.
735 2714 769 2745 58

199 2748 313 2779 AEdium
334 2746 360 2775 ἃ
380 2748 505 2781 aedificii,
534 2749 599 2776 item
622 2747 720 2777 aedium
744 2748 770 2776 δι

238 2786 339 2814 domus
354 2783 519 2813 differentia.
565 2789 629 2820 261,
645 2788 770 2821 344‚348

198 2823 313 2855 AEdium
329 2842 338 2855 ‚
369 2821 414 2849 vel
445 2821 567 2850 AEdificii
597 2823 772 2852 ususfructus.

239 2860 296 2890 vid.
312 2858 420 2887 Ususfr.

198 2899 329 2935 AEquitas
350 2896 404 2924 alia
426 2895 571 2929 naturalis,
597 2897 649 2925 alia
669 2899 770 2927 civilis.

734 2945 771 2964 oo

200 2974 324 3006 AEthana
340 2972 433 3001 insu'a.
714 2945 765 3002 ξω

201 3016 311 3049 Agere,
331 3019 383 3047 pro
397 3007 559 3037 defendere.
717 3019 769 3044 421

201 3052 342 3080 Alimenta
358 3047 469 3076 insirmae
489 3046 560 3074 aetati
580 3046 692 3082 publice
708 3055 772 3083 pra:-

239 3088 387 3116 stabartur·
423 3092 426 3094 “
720 3092 772 3118 437

201 3127 408 3156 Alimentorum
438 3121 553 3150 nomine
588 3129 650 3158 quae
685 3123 774 3149 conti-

237 3168 363 3190 neantur.
719 3162 772 3192 438

201 3201 341 3230 Alimenta
371 3205 483 3231 annua,
505 3196 549 3224 vel
575 3195 709 3224 menstrua
732 3204 772 3224 re-

237 3238 316 3270 lifta,
339 3235 473 3265 differunt
495 3243 509 3263 a
534 3233 631 3270 legatis
652 3233 769 3267 annuis,

819 1439 850 1459 re
873 1429 994 1464 judicata
1016 1426 1077 1454 fieri
1094 1431 1220 1462 poterat,
1240 1424 1267 1452 ἀ
1285 1433 1357 1461 quo-

819 1466 917 1496 modo,
939 1473 1001 1499 190.
1030 1471 1089 1492 non
1111 1462 1165 1497 est,
1191 1463 1210 1491 ss
1235 1468 1357 1491 mutetur

819 1504 936 1542 persona
955 1500 1101 1531 creditoris
1119 1522 1126 1534 ,
1155 1499 1278 1536 exceptis
1299 1500 1358 1536 qui-

822 1542 937 1571 busdam
955 1540 1068 1569 casibus.
1090 1538 1154 1566 ibid.
1182 1545 1240 1566 non
1264 1536 1319 1572 est,
1340 1536 1360 1565 fi

822 1581 884 1616 quis
899 1580 1021 1607 minores
1037 1575 1129 1604 usuras
1144 1575 1302 1611 stipulatus,
1317 1575 1360 1603 his

824 1617 872 1645 suo
889 1616 935 1644 die
949 1624 1007 1644 non
1021 1613 1132 1647 solutis,
1160 1612 1303 1650 fflpuletur
1324 1612 1362 1640 le-

823 1655 943 1691 gitimas.
1297 1649 1361 1679 ibid.

788 1692 904 1728 Ancus,
929 1692 992 1720 Rex
1011 1690 1097 1719 Rom.
1113 1696 1162 1718 cur
1182 1695 1290 1726 patrem
1305 1696 1365 1717 non

827 1729 950 1759 habuisse
965 1729 1084 1757 dicatur.
1329 1732 1364 1760 27

788 1767 1002 1804 Animadversio
1017 1788 1025 1800 ‚
1057 1766 1082 1794 &
1105 1764 1219 1801 gravior
1244 1763 1366 1792 animad-

827 1805 934 1838 versio,
955 1813 1006 1841 pro
1021 1812 1101 1833 mero
1125 1802 1253 1839 imperio.
1313 1809 1365 1830 102

789 1844 887 1873 Annus
911 1844 996 1871 Rom.
1019 1848 1099 1870 vetus
1123 1849 1148 1869 x.
1171 1839 1304 1868 mensium
1327 1845 1367 1867 et-

828 1882 882 1909 iam
895 1880 956 1917 post
971 1881 1094 1908 Numam
1102 1878 1129 1906 in
1144 1876 1309 1914 quibusdam
1325 1885 1367 1905 re·

830 1919 882 1946 bus
892 1919 1012 1947 servatus
1025 1917 1085 1945 fuit.
1311 1918 1366 1944 206

794 1955 990 1985 Antichreseos
1011 1954 1137 1983 definitio
1165 1953 1300 1991 JCtorum
1321 1952 1368 1980 de-

829 1994 912 2021 fensa.
1313 1997 1368 2024 274

792 2031 960 2060 Antichresls
974 2031 1046 2059 reete
1058 2030 1158 2066 pignus
1173 2028 1282 2057 dicitur.
1310 2034 1365 2061 274

831 2070 887 2097 duo
903 2068 1047 2104 significan
1069 2075 1144 2100 rem,
1168 2075 1229 2102 quae
1250 2067 1277 2093 in
1298 2066 1366 2092 anti-

831 2105 936 2135 chrefin
954 2106 1051 2139 datur,
1077 2103 1103 2132 &
1125 2104 1363 2136 conventionem,

831 2152 885 2181 qua
906 2143 1065 2172 antichrefis
1091 2141 1277 2170 constituitur.
1299 2148 1362 2174 274.

832 2182 888 2218 seq.
910 2182 1006 2214 tacita,
1032 2188 1102 2217 quae.
1121 2181 1182 2213 187.
1209 2179 1265 2207 five
1282 2177 1367 2207 mani-

832 2220 918 2252 festa,
945 2219 1000 2247 five
1017 2218 1117 2249 tacita.
1147 2225 1204 2245 non
1226 2216 1317 2253 potest
1340 2224 1367 2244 e-

833 2256 911 2293 gredi
925 2256 1076 2293 legitimum
1085 2253 1223 2283 usurarum
1237 2253 1349 2282 modum
1360 2274 1367 2287 ,

834 2296 853 2323 fi
869 2302 960 2323 certus
980 2294 1012 2322 sit
1026 2293 1125 2322 modus
1146 2291 1303 2324 fruetuunn
1331 2291 1369 2318 se-

834 2341 881 2361 cus
891 2354 898 2365 ,
913 2332 931 2360 si
946 2333 1077 2360 incertus.
1306 2329 1370 2357 thid.

797 2370 994 2400 Antichreseos
1011 2369 1037 2397 ἃ
1056 2367 1142 2397 usurae
1160 2367 1321 2397 differentia
1343 2368 1370 2395 in

833 2417 863 2436 re
883 2408 958 2436 nulla
973 2407 1020 2435 est.
1319 2407 1371 2434 186

796 2445 965 2475 Antichresis
979 2452 1037 2473 non
1052 2443 1160 2473 tollitur
1177 2442 1233 2472 sola
1252 2443 1372 2471 oblatio-

837 2492 880 2512 ne.
1317 2488 1373 2514 219

797 2521 831 2550 ad
859 2520 1035 2549 Antichresin
1076 2519 1291 2557 recuperandam
1325 2518 1371 2546 de-

835 2559 925 2591 bitor,
955 2558 1042 2586 soluta
1061 2558 1195 2594 pecunia,
1222 2557 1306 2585 habet
1332 2557 1371 2585 di-

836 2596 935 2624 rectam
978 2596 1114 2624 astionem
1156 2594 1367 2631 pigneratitiam.

1315 2638 1369 2666 274

797 2671 994 2701 Antichreseos
1015 2671 1182 2708 poffeffione
1203 2670 1293 2698 amissa
1315 2678 1372 2698 cre-

836 2709 912 2738 ditor
951 2709 1038 2737 habet
1073 2708 1207 2737 aaronem
1236 2707 1373 2745 hypothe-

837 2748 938 2775 cariam
965 2745 1094 2775 adversus
1124 2746 1251 2783 quemvis
1271 2745 1371 2781 posses—

838 2785 942 2819 sorem,
970 2793 1028 2813 non
1050 2784 1186 2812 actionem
1208 2783 1237 2812 in
1262 2783 1372 2812 factum.

1318 2829 1372 2856 275

798 2864 881 2898 Apes.
903 2860 959 2888 vid.
975 2859 1058 2896 Legis
1080 2858 1174 2896 Aquil.
1196 2858 1308 2888 tertium
1329 2867 1372 2889 ca-

837 2905 899 2935 put,
918 2897 944 2926 &
960 2897 1109 2926 ususfruet.
1124 2896 1210 2925 fundi.

798 2937 879 2972 Aqua
894 2945 927 2965 an
944 2937 1058 2964 nomine
1072 2934 1267 2963 alimentorum
1281 2935 1371 2964 conti—

837 2980 944 3002 neatur.
1318 2975 1371 3008 438

800 3011 938 3076 deekAqm
960 3009 1149 3041 Interdiftum.
1176 3010 1233 3040 vid.
1256 3010 1373 3047 Interdi-

865 3058 918 3076 Um.

802 3086 888 3127 Aquae
903 3086 1021 3115 fluentes
1037 3087 1063 3115 in
1078 3086 1220 3116 cubiculis.
1241 3086 1298 3116 vid.
1312 3086 1373 3115 Flu-

839 3131 920 3150 mma.

800 3159 913 3194 Aquilia
930 3160 999 3189 Lex.
1019 3161 1079 3189 vid.
1101 3162 1172 3191 Lex.

801 3196 958 3230 Argentarii
987 3201 1211 3235 negotiatoribus
1241 3200 1372 3229 adnume-

839 3239 941 3261 rantur.
1321 3242 1370 3268 195

1378 940 1455 972 Aut,
1478 937 1504 966 &
1520 944 1566 972 ut,
1589 938 1728 968 interdum
1751 940 1954 975 permutantur.

1379 1013 1482 1044 Autem
1493 1037 1500 1049 ,
1523 1021 1575 1051 pro
1592 1013 1685 1050 igitur.
1914 975 1955 1044 ἓξ

1648 1076 1687 1118 Β.

1382 1161 1565 1231 Beneficii,
1583 1164 1609 1194 δι
1627 1162 1880 1193 officiidiscrimen.
1894 1168 1953 1195 159.

1901 1202 1953 1232 1⁶3
2000 1232 2002 1234 .

1382 1244 1462 1271 Bona
1475 1249 1569 1278 neque
1590 1241 1617 1268 in
1638 1239 1738 1272 bonis,
1761 1246 1853 1275 neque
1881 1241 1958 1264 extra

1420 1280 1495 1308 bona
1510 1278 1582 1313 esse,
1604 1277 1672 1315 quid
1687 1277 1726 1305 fit.
1755 1284 1799 1311 32,
1816 1278 1879 1310 366.
1897 1272 1960 1301 add.

1421 1317 1557 1346 Servitus.

1384 1357 1471 1385 Bonae
1496 1353 1575 1386 fidei,
1610 1352 1743 1381 &suisti
1762 1351 1829 1387 Juris
1855 1355 1962 1379 contra-

1423 1394 1536 1426 stuum‚
1558 1390 1585 1419 δε
1606 1389 1776 1425 judiciorum
1800 1387 1960 1417 differentia

1422 1431 1532 1460 ratione
1552 1426 1799 1465 proponendarum
1821 1425 1963 1461 exceptio-

1423 1475 1491 1496 num
1506 1466 1694 1532 ,&potegat(i:s
1722 1464 1820 1530 Judg'cis
1838 1486 1846 1497 ,
1875 1462 1964 1528 uEsurg-

1425 1513 1503 1538 rum,
1549 1512 1573 1530 c.
1589 1512 1617 1531 vr
1639 1523 1646 1530 .
1686 1509 1766 1531 ontra
1795 1510 1835 1529 ue.
1901 1508 1933 1528 xc
1952 1513 1964 1519 -

1426 1543 1498 1579 ptio.
1536 1540 1607 1570 Doli
1623 1540 1687 1569 mali
1704 1540 1845 1576 exceptio.
1867 1536 1966 1574 Judex.

1426 1581 1534 1608 Metus.
1572 1579 1695 1607 Paetum.
1735 1577 1839 1606 Usurae.
1994 1575 1997 1580 '

1388 1616 1474 1646 Bonae
1494 1616 1581 1651 fidei,
1608 1615 1635 1644 &
1658 1615 1738 1644 strifti
1755 1615 1823 1650 Juris
1847 1611 1966 1647 judicio-

1429 1664 1489 1683 rum
1509 1653 1669 1682 differentia
1691 1661 1749 1680 non
1770 1651 1809 1680 est
1829 1650 1931 1679 sublata
1950 1657 1966 1676 a

1430 1691 1613 1721 Diocletiano
1630 1691 1656 1719 ἂ
1672 1690 1859 1719 Maximiano.
1933 1689 1969 1720 98

1392 1731 1478 1759 Bonae
1490 1729 1556 1758 fidei
1569 1728 1712 1768 poffeffor.
1745 1727 1804 1757 vid.
1825 1725 1971 1756 Poffeffor.

1667 1803 1700 1833 C.

1460 1887 1588 1915 aeterum,
1615 1888 1668 1917 pro
1688 1879 1804 1916 alioqui.
1827 1881 1891 1909 280.
1931 1876 1966 1905 de

1499 1918 1753 1948 Calumniatoribus
1781 1917 1852 1945 aerio
1880 1917 1908 1944 in
1930 1915 1967 1950 fa-

1432 1959 1503 1986 etum
1526 1958 1552 1985 in
1574 1957 1675 1994 quibus
1697 1954 1783 1983 causis
1805 1955 1896 1982 locum
1922 1952 1967 1979 ha—

1433 1997 1506 2024 beat.
1916 1997 1971 2024 239

1395 2033 1521 2068 Capitale
1551 2033 1675 2064 crimen,
1708 2029 1833 2065 capitalis
1865 2036 1967 2064 poena,

1431 2069 1578 2107 quomodo
1594 2068 1770 2105 accipiantur.
1811 2073 1880 2101 233,
1898 2072 1967 2100 242,

1919 2106 1974 2135 289

1395 2146 1498 2182 Capitis
1528 2144 1682 2173 deminutio
1703 2141 1840 2172 interdum
1870 2140 1971 2178 triplex

1433 2184 1558 2212 statuitur
1575 2203 1583 2216 ,
1616 2182 1755 2212 interdum
1781 2179 1883 2215 duplex
1899 2201 1905 2211 ,
1942 2177 1968 2205 &

1434 2220 1582 2257 quomodo
1614 2221 1670 2248 hoc
1702 2219 1733 2247 sit
1764 2215 1969 2252 accipiendum.

1434 2261 1498 2288 286.
1518 2258 1595 2286 nulla
1614 2258 1653 2286 est
1667 2257 1724 2286 fine
1743 2256 1900 2284 mutatione
1920 2254 1969 2282 sta-

1435 2302 1489 2325 tus.
1508 2296 1572 2325 ibid.

1398 2334 1502 2371 Capitis
1525 2333 1717 2363 deminutione
1746 2339 1864 2367 quanam
1893 2330 1970 2356 amit-

1437 2378 1510 2400 tatur
1529 2371 1704 2400 ususftustus.
1737 2370 1793 2398 vid.
1818 2367 1924 2396 Ususfr.
1946 2375 1971 2394 a-

1439 2416 1510 2438 mltt.

1399 2447 1520 2475 Carruca
1533 2445 1610 2483 quid.
1916 2450 1969 2477 349

1401 2485 1525 2518 Cavete,
1554 2492 1606 2520 pro
1629 2483 1793 2519 promittere
1819 2480 1970 2517 stipulatio-

1440 2531 1486 2550 ne.
1919 2526 1973 2551 219

1399 2560 1507 2588 Cavere
1531 2558 1682 2592 creditori,
1708 2566 1760 2594 pro
1785 2556 1971 2592 chirographo

1436 2597 1462 2625 se
1482 2597 1627 2633 obligare;
1655 2596 1774 2630 Cautio,
1802 2603 1853 2632 pro
1883 2594 1971 2621 chiro-

1434 2634 1552 2672 grapho.
1919 2639 1968 2664 401

1401 2673 1505 2708 Causa,
1526 2671 1711 2706 vocabulum,
1735 2671 1804 2708 saepe
1826 2671 1969 2698 omittitur.

1849 2714 1971 2742 290‚314

1401 2747 1501 2782 Causa,
1518 2756 1570 2785 pro
1585 2747 1672 2782 vitio,
1689 2754 1736 2776 aut
1750 2748 1860 2776 morbo,
1919 2751 1970 2779 277

1401 2787 1487 2815 Causa
1516 2795 1531 2814 a
1551 2786 1598 2813 lite
1621 2786 1760 2815 interdum
1782 2783 1970 2820 distinguitur,

1437 2824 1463 2852 ἃ
1478 2824 1546 2862 quid
1561 2823 1601 2852 fit.
1917 2827 1969 2854 405

1400 2861 1493 2890 Causae
1510 2861 1641 2890 ordinarii
1659 2861 1727 2895 juris
1741 2881 1751 2896 ,
1771 2859 1818 2889 vel
1833 2857 1968 2895 cognitio-

1436 2900 1489 2928 nis.
1511 2899 1567 2928 vid.
1586 2899 1700 2936 Judicia.

1401 2937 1493 2966 Causae
1508 2937 1645 2965 liberales.
1666 2946 1693 2965 v.
1707 2934 1860 2966 Liberales.

1400 2976 1500 3005 Cautio
1523 2974 1735 3005 usufructuaria,
1763 2970 1912 3007 juratoria,
1933 2967 1971 2995 le-

1436 3020 1562 3048 gatorum
1595 3012 1799 3039 servandorum.
1838 3004 1892 3035 vid.
1925 3005 1971 3034 sub

1437 3052 1489 3080 suis
1510 3050 1640 3078 element-

1401 3089 1558 3123 Censoriae,
1582 3086 1608 3115 &
1632 3085 1767 3114 Praetoriae
1795 3081 1967 3117 cognitionis

1438 3126 1592 3154 discrImen.
1836 3127 1897 3154 300,
1911 3121 1965 3153 480

1399 3161 1561 3192 Centefima.
1581 3159 1638 3187 vid.
1656 3158 1752 3186 Usura.

1399 3197 1573 3228 Centumviri
1603 3202 1680 3224 erant
1718 3196 1743 3222 in
1769 3194 1883 3222 consilio
1906 3194 1965 3221 Ma-

1436 3236 1561 3272 gistratus
1582 3241 1633 3271 pro
1654 3232 1784 3261 tribunali
1801 3231 1969 3271 cognoscen-

1936 3273 1969 3294 ΗΣ
