2036 3495
181 185 261 217 zatus
276 183 360 225 effet,
383 179 500 213 inutilis
517 176 557 220 εξΙὶ
566 176 737 220 stipulatio.-
752 180 821 221 qut'a
836 181 955 222 utrique
970 189 1007 211 ex
1022 178 1058 212 re'

170 225 343 266 fructuarii
368 222 510 253 aaronem
531 221 684 261 adquirere
703 221 847 261 potuzffi't.
862 223 918 262 sect
928 220 957 260 fi
974 221 1057 252 aliud

170 265 335 310 stipulatus
355 262 457 302 futffi’t
473 285 483 300 ,
502 263 725 302 proprietarium
741 269 837 303 petere
858 262 947 304 poffe:
969 262 1006 298 ὅ)
1024 262 1056 301 fi

175 305 326 348 promzffor
330 303 503 344 fructuario
512 302 661 343 solviffi’t,
684 303 830 335 liberatur.
869 304 1052 346 Quaeritur:

181 348 204 380 fi
230 346 417 377 fructuarius
433 344 539 376 servus
563 343 728 384 stipulatus
746 344 824 376 effet
840 345 1053 386 proprietario

177 396 230 419 aut
248 386 443 424 fructuari03
461 394 500 417 an
517 385 620 416 valeat
638 384 825 425 stipulatio?
849 387 879 418 ὅ(
896 388 939 418 ait
958 386 1051 425 Julia-

175 437 253 465 nus,
276 427 297 458 fi
322 427 453 468 quidem
478 436 519 458 ex
545 436 579 458 re
596 426 757 459 fructuarii·
775 427 939 469 stipulatus
955 428 1050 466 estet,

177 469 323 501 inutilem
340 467 403 499 effe
423 467 679 508 stipulationem:
699 469 772 508 quia
787 469 939 509 potuisset
955 469 1051 500 ustio-

178 519 252 542 nem
271 510 398 550 utrique
426 518 467 540 ex
485 519 519 541 re
536 508 697 541 fructuarii
721 510 905 550 adquirere:
930 513 960 541 iii
978 519 1051 551 pro·

175 550 282 593 potito
299 559 405 583 autem
422 559 486 582 non
503 552 624 591 liquet,
641 551 701 581 utri
717 552 864 582 maluerit
880 551 1051 588 obligatio-

177 601 252 624 nem
264 592 442 632 adquirere.
467 593 731 634 igiturincertum
746 594 811 632 rei,
829 592 876 631 ἃ,
891 600 926 624 ut
945 591 1052 634 Ulpia-

174 643 235 665 nus
250 634 269 664 l.
290 643 338 674 13.
363 633 405 664 D.
425 635 484 665 eod.
503 635 549 664 tir.
578 632 666 671 infit,
690 635 721 662 τὸ
742 635 847 674 ἰσάζον,
869 635 901 665 id
926 633 989 672 est,
1013 642 1051 664 ae-

175 675 359 715 quivalens‚
375 674 474 713 facit,
491 682 523 705 ut
540 673 699 714 stipulatio
710 675 949 716 corrumpatur:
966 676 1051 707 idem

176 718 218 747 de
235 715 393 748 solutione
409 716 602 747 dicendum:
626 724 667 746 eo
685 716 772 756 quod
790 726 854 748 non
872 717 1049 755 invenitur,

172 757 206 788 iii
222 758 313 798 cujus
327 757 460 798 persona
477 756 658 797 stipulatio,
682 757 714 788 in
731 757 819 798 cujus
835 757 953 789 solutio
971 767 1050 788 con-

173 798 274 832 fistat:
290 805 324 830 iit
342 798 373 829 Gt
391 799 503 829 evenit
517 799 548 829 in
563 798 582 828 l.
595 807 624 835 9.
644 797 673 839 §.
697 808 723 830 1.
739 798 758 829 l.
778 808 825 831 10.
838 799 857 831 l.
881 808 926 830 11.
948 809 994 831 12.
1012 798 1049 833 ὅ)

173 848 220 880 13.
239 840 282 871 D.
300 842 358 872 emi.
377 841 424 870 tit.
448 839 517 872 Sic:
534 839 556 871 si
575 849 614 870 ex
631 850 664 870 re
681 838 843 872 fructuarii
861 839 938 871 ess'et
954 840 1046 881 stipu-

166 881 250 912 latus
266 881 477 921 proprietario
501 889 554 912 aut
571 880 746 912 fructuario
761 882 838 913 dari.
873 889 904 913 at
922 881 942 913 fi
960 882 1044 913 aliud

165 921 331 962 stipulatus
342 921 465 962 fuisset,
482 929 559 962 puta
573 931 612 953 ex
624 932 657 953 re
673 921 893 963 proprietarii,
912 922 962 954 vel
979 933 1046 954 cei·-

168 970 202 994 te
220 964 364 1001 aliunde,
387 969 481 1004 quain
499 973 540 995 ex
557 973 592 995 re
612 962 793 1003 fructuarii3
814 965 876 1005 jam
893 964 977 995 valet
995 964 1045 995 sti-

168 1006 312 1045 pulatio:
336 1005 409 1045 quia
433 1011 566 1046 apparet
581 1027 592 1043 ,
622 1014 690 1036 eam
717 1006 930 1046 proprietario
945 1028 955 1044 ,
980 1015 1044 1037 non

167 1045 344 1077 fructuario
372 1045 508 1087 adquiri.
537 1055 630 1085 nam,
655 1053 689 1077 ut
705 1047 787 1085 dixi,
810 1047 920 1091 solum·
939 1047 1045 1087 potest

166 1085 345 1119 fructuario
361 1097 402 1119 ex
421 1098 457 1120 re
473 1088 561 1129 eJ'us,
577 1095 631 1119 aut
646 1097 687 1118 ex
704 1087 783 1119 servi
800 1088 906 1129 operis
922 1089 1043 1128 adquiri

166 1137 185 1160 a
213 1129 390 1161 fructuario
416 1128 528 1161 servo:
558 1138 623 1160 non
648 1130 852 1175 aeque-quod
876 1138 965 1160 extra
991 1139 1053 1161 eas>

166 1170 273 1202 causas
289 1171 329 1201 ab
352 1180 394 1201 eo
411 1171 607 1211 adquiritur3
631 1177 666 1201 ut
682 1177 716 1201 ut
733 1180 763 1201 ei
786 1171 977 1202 nominatim
995 1170 1044 1202 sti-

166 1211 307 1251 puletur.
331 1219 445 1243 contra
461 1211 566 1253 potest
581 1210 769 1243 fruCtuarius
786 1211 891 1244 servus
901 1214 1045 1252 proprie-

168 1253 250 1285 tario
268 1253 299 1285 &
316 1262 357 1284 ex
373 1262 407 1284 re
425 1253 491 1294 ejus
507 1252 538 1284 ἃ
555 1253 679 1283 aliunde
696 1252 846 1293 stipulari.
871 1253 1006 1294 proinde
1021 1252 1043 1285 fi

168 1303 212 1326 ex
235 1304 269 1325 re
291 1294 414 1326 domini
438 1294 642 1335 proprietatis
665 1292 827 1333 stipulatus
851 1294 889 1326 fit
909 1294 1042 1326 domino

168 1343 223 1366 aut
238 1335 430 1367 fructuario:
457 1336 640 1375 adquiretur
656 1335 786 1373 quidem
803 1336 936 1367 domino
954 1345 995 1367 ex
1005 1344 1050 1366 eav

165 1376 374 1417 stipulatione
398 1377 576 1418 obligatio:
600 1375 774 1411 fructuario
795 1384 900 1408 autem
925 1385 961 1407 ea
976 1376 1051 1414 noris
1085 1376 1125 1416 (q

167 1418 361 1458 adquiritur:
387 1424 512 1454 tantum
536 1416 582 1449 est
607 1417 633 1447 is
651 1426 710 1456 pro
733 1414 857 1458 adJesto
875 1417 1042 1448 solutionis

163 1460 283 1500 gratia:
305 1468 365 1490 nec
382 1459 410 1489 ei
429 1458 555 1490 exafflo
572 1458 750 1498 competit;
768 1458 820 1490 sed
838 1459 867 1489 ei
885 1457 964 1489 solvi
983 1467 1042 1498 po-

164 1500 244 1532 test:
270 1500 300 1531 &
327 1500 347 1530 fi
372 1498 509 1531 solutum
535 1498 563 1529 ei
590 1498 645 1537 fit3
668 1496 819 1530 liberatus
843 1498 1048 1540 obligatione

163 1541 227 1572 effe
245 1539 416 1580 promifl'or
429 1538 628 1580 intelligitur.
650 1547 749 1580 atque
766 1540 830 1571 huc
848 1541 931 1572 redit
946 1540 1039 1580 Julia-

163 1591 223 1614 nus
239 1583 268 1612 d.
287 1581 308 1612 l.
329 1590 355 1612 1.
371 1580 401 1621 §.
421 1591 451 1621 5.
470 1590 533 1612 nec
546 1580 599 1612 hic
618 1587 759 1612 tantum:
778 1580 830 1613 sed
847 1580 944 1622 Gajus
959 1588 1047 1621 quo-³

162 1631 226 1662 que
242 1622 262 1654 l.
278 1626 328 1656 28.
347 1621 391 1654 D.
418 1623 477 1654 eod.
500 1623 547 1654 tit.
570 1622 704 1663 amplius
719 1620 835 1655 Paul‘us
857 1623 876 1654 l.
893 1627 943 1659 98.
961 1622 989 1665 §.
1010 1625 1049 1665 7ss

536 1663 615 1696 illud
635 1663 762 1704 insuper
786 1663 1048 1698 observandum·:‘

158 1705 251 1746 q‘uod
269 1705 350 1753 alter
363 1704 524 1746 Julianum
540 1703 677 1746 allegat,
688 1712 861 1747 utrumque
877 1705 980 1738 casum
998 1707 1049 1739 ad'

159 1663 205 1697 D.
233 1664 267 1696 de
282 1663 489 1704 filiationibus.

159 1746 245 1780 hanc
255 1747 499 1788 concipientem
511 1744 651 1779 formam
660 1770 671 1786 ,
682 1746 716 1778 Si
734 1756 773 1779 ex
786 1757 818 1779 re
825 1748 935 1779 domini
950 1748 1039 1779 domi-

158 1798 197 1821 no
207 1786 717 1831 autfrustuarioservusftzpulatus
726 1789 833 1828 fuerit.
856 1798 928 1829 quae
942 1789 951 1820 i
978 1790 1040 1821 itur

157 1839 251 1863 mora
267 1829 331 1862 est:
355 1838 397 1862 ne
418 1831 535 1862 eodem
552 1830 653 1862 modo
670 1829 853 1862 restituatur
866 1831 898 1862 in
920 1799 986 1862 figi.
1009 1840 1037 1862 1.

155 1872 187 1914 §.
208 1882 238 1913 5.
255 1871 417 1912 Julianus:
433 1871 468 1904 Si
478 1871 671 1910 frubtuart'us
677 1871 786 1912 servus
791 1869 955 1912 stipulatus
972 1871 1037 1913 effet

152 1914 342 1955 proprietario
367 1918 422 1945 aut
434 1913 625 1954 frut'tuario:
647 1912 725 1944 licet
747 1913 861 1945 cuncta
877 1914 1038 1954 exempla-

157 1955 204 1987 ria
215 1954 410 1996 transpositis
428 1956 534 1987 verbis
546 1979 555 1993 ,
566 1955 704 1986 habeant
713 1978 722 1993 ,
735 1953 769 1985 Si
777 1954 1038 1995 frutiuarz'usser-

158 2006 218 2028 vus
226 1994 388 2038 stipulatus
402 1995 467 2037 effet
478 1996 647 2035 frustuario
663 2001 717 2027 aut
731 1997 929 2036 proprietario.
974 1996 1039 2028 Sed

160 2037 246 2069 hanc
268 2038 530 2071 emendationem
553 2045 659 2069 tuetur
681 2036 762 2076 Juris
786 2035 891 2068 forma
909 2049 917 2070 :
942 2047 1038 2078 quam

158 2087 277 2120 magno
301 2079 453 2121 ingenio,
477 2088 539 2111 nec
562 2079 687 2111 minore
712 2077 894 2119 diligentia,
918 2078 1037 2110 dudum

161 2120 392 2152 demonstravit
409 2119 469 2152 Vir
485 2121 653 2158 Summus,
669 2128 764 2159 quem
775 2142 784 2158 ,
801 2127 836 2151 ut
852 2118 953 2160 saepe,
978 2120 1044 2160 ho·-

162 2162 252 2193 noris
277 2162 371 2193 causa·
392 2162 521 2203 appello
535 2186 546 2203 ,
576 2161 715 2203 jacobus
744 2160 892 2201 Cujacius
913 2161 963 2193 lib.
986 2169 1036 2193 21.

162 2203 285 2239 Observ.
303 2213 328 2234 c.
349 2212 397 2241 14.
800 2226 802 2229 .

200 2243 280 2277 Dixi
296 2243 372 2284 quid
387 2243 465 2283 juris
480 2241 566 2275 fit:fi
582 2253 661 2275 unus
671 2244 789 2275 habeat
801 2243 1036 2276 usumfructum

161 2284 254 2317 servi.
279 2283 413 2326 sequens
436 2284 474 2316 lis
498 2283 621 2317 eritrfi
645 2285 711 2317 duo
735 2286 982 2328 eum'liabeant,
1006 2286 1042 2317 δι’

160 2326 267 2359 servus
282 2324 319 2358 fit
337 2325 528 2358 nominatim
546 2325 600 2357 uni
617 2325 780 2366 stipulatus
800 2335 840 2359 ex
856 2334 892 2358 ea
910 2336 944 2358 re
963 2336 1035 2367 quae

160 2369 199 2400 ad
215 2374 367 2408 uti-'osque
385 2367 553 2406 pertineat.
578 2375 648 2398 eain
668 2367 759 2399 litem
784 2368 898 2399 definit
921 2368 1035 2400 Paulus

160 2410 180 2441 l.
196 2419 247 2450 32·
266 2408 307 2440 D.
325 2410 358 2440 de
365 2407 556 2451 stipulatione
570 2407 726 2444 sorvorum.
742 2417 836 2449 quam
852 2416 1034 2450 corruptam

160 2451 242 2489 esse,
267 2451 296 2482 ἂ
323 2459 418 2492 egere
445 2450 681 2482 emendationis
705 2451 898 2482 existimavit
915 2450 954 2482 V.
973 2451 1031 2483 CL.

159 2490 345 2523 Franciscus
369 2490 552 2523 Hormanus
568 2491 615 2522 lib.
636 2501 665 2532 5.
689 2491 811 2532 Obfhrv.
829 2494 854 2524 c.
874 2502 904 2534 3.
923 2491 974 2523 sed
989 2494 1033 2524 in-

160 2541 252 2574 teger
267 2532 312 2564 est
331 2532 417 2564 Pauli
433 2533 543 2573 locus,
559 2541 629 2564 mea
645 2532 821 2565 sententia:
838 2541 898 2565 nec
916 2533 1032 2566 deiide·

160 2582 208 2606 rat
225 2573 468 2606 correctionem.
495 2575 592 2605 verba
611 2573 708 2606 Pauli.
731 2574 764 2606 Si
778 2584 844 2606 cum
860 2576 984 2606 duorum
1000 2586 1033 2606 u-

152 2613 326 2656 susfrufflts
344 2613 409 2654 effer
424 2617 455 2646 in
471 2615 552 2654 firrvo
563 2639 573 2655 ,
598 2614 667 2657 [ἐξ]
684 2616 823 2656 isstrvus
837 2617 892 2647 um·
905 2619 1035 2648 nomina.

160 2659 212 2687 tim
230 2654 390 2696 stipulatus
399 2654 440 2692 fit
462 2666 499 2688 ex
522 2666 556 2688 ea
569 2666 599 2687 re
614 2666 677 2698 quae
692 2660 730 2689 ad
745 2655 878 2699 utrosque
888 2657 1036 2699 pertinet:

159 2697 289 2729 Sabinus
306 2697 367 2733 uit,
391 2699 526 2737 quoniam
535 2698 590 2736 soli
607 2699 751 2740 obligatus
764 2698 855 2741 effer,
874 2700 1032 2730 videndum

159 2738 229 2780 effe,
245 2738 484 2779 quemadmodum
501 2738 575 2769 alter
588 2738 851 2812 usuariuslpart'em
858 2741 948 2780 suam
962 2742 1032 2771 reci-

153 2784 222 2821 pere
238 2777 341 2821 poffit‚
366 2780 501 2819 quonium
523 2780 599 2811 inter
620 2790 663 2812 eos
685 2779 766 2813 nutu
781 2781 939 2823 communio
950 2783 1030 2824 juris

158 2820 241 2863 effet:
255 2818 303 2860 sed
319 2820 417 2850 verius
434 2817 492 2859 eft,
509 2820 578 2850 utile
592 2824 735 2854 communi
750 2822 908 2854 dividundo
918 2823 1037 2865 judicio-

158 2858 236 2893 int'er
251 2867 295 2892 eos·
309 2862 358 2902 agi
369 2857 453 2900 poffe.
479 2858 589 2906 Utitur
604 2861 717 2895 Paulus
734 2862 888 2896 sententia
905 2865 1027 2897 Sabini:

158 2900 314 2940 dicentis,
329 2901 386 2933 soli
405 2902 456 2932 cui
473 2900 635 2941 stipulatus
652 2903 687 2934 [it
705 2906 812 2936 servus
824 2929 834 2945 ‚
851 2904 1036 2947 obligatum·

155 2945 218 2982 effe
244 2941 476 2986 promissorem.
509 2942 679 2982 potestque
704 2955 744 2976 eo
770 2946 953 2978 confirmari
976 2948 1027 2978 illa

154 2986 328 3018 sententia:
353 2982 478 3025 quod‘fi
494 2984 600 3014 servus
622 2985 757 3018 duorum
774 2989 954 3027 communis
974 2989 1026 3020 urii

154 3027 192 3059 fit
211 3028 401 3061 nominatim
418 3025 600 3071 stipulatus3
624 3023 763 3058 similiter
779 3027 834 3059 soli
851 3030 987 3070 adquirit
1002 3031 1034 3062 l.·

152 3079 184 3108 5.
200 3068 243 3101 D.
264 3070 323 3101 eod.
340 3070 388 3100 tit.
414 3066 715 3099 verum'videndum
729 3068 791 3099 effe
806 3070 849 3100 ait
866 3071 978 3103 Paulus
995 3073 1025 3103 d.

150 3111 172 3141 l.
190 3119 240 3150 32.
263 3119 282 3150 q
309 3106 534 3142 emadmodum
551 3107 630 3149 alter
649 3107 880 3150 usuariusz'fid
897 3112 960 3152 est,
983 3114 1026 3144 al-

153 3157 204 3182 ter
224 3120 427 3182 fruczuarius:
451 3158 486 3181 ut
505 3150 589 3190 usum
610 3157 677 3195 pro.
688 3148 848 3180 usufructu
867 3152 947 3182 dixit
962 3153 1026 3186 Sal-

153 3192 266 3224 vianus
289 3192 337 3224 lib.
360 3201 392 3234 3.
416 3191 570 3232 Adversus
591 3191 770 3232 avariciam)
793 3191 854 3230 ait,
877 3192 1033 3234 inquam,

783 90 1095 128 Genium

1145 90 1377 127 Noonr

1096 178 1208 214 Paulus
1224 180 1398 214 videndum
1412 178 1494 220 effe,
1511 180 1779 221 quemadmodum
1794 182 1873 217 alter
1881 185 1968 219 usua-

1095 223 1296 264 riuspartem
1315 223 1552 263 suam'recipere
1567 223 1671 261 po‘ffic.
1689 223 1800 263 aliquis
1816 225 1903 258 forte
1917 229 1965 259 di-

1095 271 1165 295 cat:
1189 265 1275 307 quod
1300 263 1323 296 fi
1345 266 1479 296 duorum
1506 266 1686 296 communis
1701 263 1807 296 servus
1822 267 1967 299 nomina-¹

1096 304 1152 336 tim
1170 305 1224 336 uni
1237 304 1271 337 fit
1288 305 1468 347 stipulatus,
1484 306 1535 336 uni
1553 305 1683 346 quidem
1700 306 1837 347 adquirit
1852 309 1882 338 d.
1899 308 1968 349 l.5.·

1096 345 1149 377 sed
1168 347 1243 386 J'uris
1261 347 1446 379 communio
1462 346 1557 379 facit:
1582 354 1616 378 ut
1632 347 1711 378 alter
1730 347 1825 388 poffit
1841 356 1968 388 partem

1095 388 1241 428 recipere
1259 389 1419 421 communi
1436 389 1611 420 dividundo
1627 389 1747 428 judicio
1763 389 1781 419 l.
1795 398 1846 429 45.
1865 389 1967 428 D.,de'

1095 429 1272 469 adquirendo
1288 439 1385 461 rerum
1399 430 1533 462 dominio.
1575 429 1638 460 Sed
1657 430 1721 460 hoc
1737 430 1766 461 in
1782 429 1971 463 fructuariis·

1095 476 1160 501 non
1178 471 1343 509 procedit:
1368 471 1519 513 quoniam,
1544 471 1587 502 ait
1606 470 1736 509 Paulus,
1753 473 1829 502 inter
1842 481 1886 502 eos
1900 473 1968 504 nub-

1095 511 1124 542 la
1139 513 1294 542 communio
1305 513 1383 553 juris
1391 510 1446 553 eft,
1465 513 1496 544 id
1512 511 1575 551 est,
1591 519 1626 543 ut
1641 521 1704 552 ego
1719 521 1869 553 expono,
1885 522 1968 554 quo-

1095 552 1180 583 niam
1211 553 1294 584 inter
1323 563 1385 584 eos
1411 554 1494 585 nulla
1519 554 1652 585 dominii
1674 553 1737 585 sive
1758 555 1966 594 proprietatis

1095 594 1284 624 communio
1302 594 1357 626 est.
1380 595 1440 635 Jus
1456 596 1541 626 enim
1558 594 1603 626 est
1622 595 1799 627 dominium
1816 595 1879 627 five
1891 602 1968 636 pros

1095 634 1212 674 prietas
1229 633 1372 666 distincta
1385 636 1423 667 ab
1439 636 1617 668 usufructu:
1633 644 1670 668 ut
1683 637 1766 675 apud
1782 636 1966 670 Salvianum

1094 677 1124 707 ci.
1141 677 1191 706 loc.
1213 675 1242 706 &
1259 674 1339 716 saepe
1357 677 1441 708 alias.
1465 678 1563 709 Addit
1579 686 1684 709 tamen
1697 678 1810 709 Paulus
1827 680 1854 709 d.
1872 678 1891 709 l.
1909 689 1962 719 32.

1093 716 1150 747 Sed
1164 717 1264 747 verius
1282 715 1337 757 est,
1353 719 1419 749 utili
1433 719 1576 749 communi
1590 720 1749 750 dividundo
1761 720 1872 760 judicio
1886 721 1966 750 inter

1093 767 1137 788 eos
1151 757 1295 798 agi-poffe.
1327 767 1392 798 quo
1415 759 1552 791 colore?
1574 769 1644 792 nam
1664 759 1685 791 fi
1704 760 1787 792 nulla
1810 761 1855 792 est
1880 762 1964 793 inter

1093 809 1150 830 eos
1169 800 1245 839 juris
1272 801 1478 839 communio;
1502 809 1537 831 ut
1558 800 1673 833 Paulus
1698 804 1758 833 ait:
1782 802 1835 841 qui
1853 801 1962 842 potest

1091 840 1174 871 inter
1191 850 1247 871 eos
1266 841 1317 872 vel
1335 841 1413 873 utile
1429 844 1592 873 communi
1611 843 1789 873 dividundo
1805 844 1966 882 judicium>

1090 882 1154 913 dari
1166 881 1183 913 ἱ)
1199 881 1260 913 Sed
1277 882 1391 914 Paulus
1405 883 1480 923 ⁸iuris
1498 884 1761 915 communionem
1780 884 1860 915 dixit
1875 893 1967 916 com-¹

1088 923 1275 955 munionem
1299 924 1431 955 dominii
1450 925 1494 955 rei
1510 924 1707 956 fructuariaex
1731 933 1800 964 quae
1816 925 1899 956 nulla
1915 925 1961 958 est

1087 964 1170 995 inter
1194 965 1275 996 duos
1298 964 1497 997 fructuarios.
1528 966 1655 1005 quando
1677 964 1870 998 ususfructus
1897 975 1964 1000 non*

1088 1004 1133 1037 est
1157 1006 1202 1037 rei
1229 1006 1425 1039 dominium:
1452 1005 1503 1037 sed
1518 1007 1566 1047 jus
1583 1016 1599 1037 a
1615 1008 1761 1038 dominio
1777 1009 1822 1039 rei
1841 1007 1963 1047 separa-

1088 1055 1166 1079 tum.
1192 1046 1238 1078 est
1255 1048 1338 1078 enim
1353 1049 1401 1087 jus
1419 1049 1529 1079 utendi
1548 1048 1673 1080 fruendi
1692 1049 1784 1080 rebus
1800 1049 1921 1080 alienis.
1937 1047 1961 1083 fi

1086 1096 1193 1120 tamen
1210 1089 1247 1119 ad
1264 1089 1439 1120 dominium
1456 1099 1521 1120 non
1540 1090 1582 1120 rei
1594 1088 1792 1128 fructuariae,
1809 1090 1861 1121 sed
1879 1090 1962 1124 usus-

1085 1128 1207 1160 fruCtus
1233 1128 1371 1169 spectes:
1397 1130 1451 1162 etsi
1477 1129 1669 1163 ususfructus
1694 1139 1758 1163 non
1783 1132 1829 1162 est
1851 1141 1966 1165 verum.

1088 1172 1264 1202 dominium
1275 1194 1285 1207 ,
1302 1180 1407 1203 tamen
1420 1171 1644 1212 habeturquali
1659 1172 1835 1204 dominium
1847 1173 1866 1204 l.
1877 1183 1907 1215 3.
1919 1174 1964 1207 D.

1088 1211 1122 1242 Si
1138 1212 1322 1251 ususfrutius
1330 1218 1462 1253 petetur,
1481 1214 1569 1253 &jus
1584 1215 1614 1245 in
1633 1224 1667 1244 re
1683 1214 1860 1255 appellatur
1877 1217 1897 1247 l.
1911 1224 1961 1251 19.

1087 1252 1130 1284 D.
1153 1254 1186 1284 de
1201 1254 1303 1284 danmo
1320 1253 1436 1293 infesto.
1461 1255 1504 1285 ita
1520 1264 1592 1286 cum
1609 1254 1705 1286 cess'at
1721 1257 1804 1287 inter
1820 1256 1960 1288 fructua-

1085 1294 1151 1325 rios
1174 1294 1291 1326 dii·e&a
1316 1297 1478 1326 communi
1497 1296 1673 1327 dividundo
1696 1297 1798 1335 actio,
1822 1296 1900 1328 ficut
1915 1298 1961 1329 in-

1086 1342 1136 1366 ter
1156 1345 1214 1366 eos
1234 1335 1331 1367 cess'at
1354 1337 1400 1367 rei
1424 1335 1602 1368 fructuaria*
1629 1338 1830 1369 dominium:
1852 1346 1962 1373 tamen

1129 1376 1193 1407 uod
1211 1376 1320 1408 Paulus
1335 1379 1377 1408 ait
1392 1378 1420 1408 d.
1438 1377 1458 1408 b.
1479 1377 1549 1418 32.)
1573 1378 1677 1410 vei-ius
1694 1378 1758 1417 est,
1782 1380 1849 1411 utili
1867 1387 1959 1413 com-'

1084 1418 1172 1450 muni
1187 1418 1363 1450 dividundo
1378 1418 1498 1459 judicio
1516 1420 1597 1450 iuter
1618 1430 1673 1452 eos
1692 1421 1741 1460 agi
1759 1420 1958 1461 pOffesslql-lia

1084 1458 1233 1489 intereos
1245 1458 1290 1490 est
1303 1459 1351 1499 J'us
1367 1460 1511 1492 dominio
1522 1460 1628 1492 simile.
1653 1460 1793 1501 Exposui
1811 1463 1958 1496 Paulum.

1083 1497 1202 1545 Neque
1218 1500 1322 1531 obstat
1339 1500 1489 1533 Neratius
1508 1502 1526 1533 l.
1540 1511 1588 1540 24.
1605 1502 1646 1533 D.
1657 1504 1689 1533 cie
1697 1502 1884 1543 stipulatione
1892 1507 1960 1544 Jer-

1085 1549 1207 1577 vorum3
1230 1539 1295 1579 Etsi
1310 1564 1320 1580 ,
1352 1543 1498 1583 inquiens
1512 1566 1522 1581 ‚
1545 1545 1667 1574 duorum
1691 1544 1879 1584 ufirsfrzfflus
1893 1545 1958 1585 fit,

1083 1582 1159 1622 quod
1174 1591 1210 1613 ex
1226 1583 1391 1623 operissuir
1406 1584 1491 1615 alteri
1507 1593 1601 1615 eorum
1611 1583 1773 1625 stipulatus
1783 1585 1842 1625 fit,
1854 1593 1907 1627 pro
1924 1593 1962 1619 ea*

1083 1624 1233 1655 duntaxat
1243 1630 1379 1664 parte'ex
1395 1634 1455 1667 qua
1470 1625 1657 1666 ufuffruftus
1675 1627 1738 1668 ejus
1746 1626 1804 1666 fit,
1829 1630 1959 1670 adquiris

1080 1662 1264 1703 Nonenim
1279 1664 1406 1706 respicit
1421 1665 1573 1698 Neratius
1589 1667 1627 1698 ad
1644 1667 1767 1700 initium
1785 1669 1960 1711 obligatio·
2004 1681 2006 1684 ·

1081 1705 1150 1745 riis,
1168 1706 1225 1747 jsed
1248 1707 1288 1738 ad
1310 1708 1355 1738 rei
1373 1707 1513 1739 exitum:
1537 1707 1677 1740 instituta
1692 1712 1855 1743 communi
1875 1712 1957 1744 divi·

1082 1747 1192 1779 dundo
1208 1747 1346 1780 actione.
1954 1754 1960 1757 “

1124 1788 1288 1830 Superiori
1313 1788 1479 1831 quaestioni
1506 1788 1552 1822 est
1576 1790 1675 1824 affinis
1699 1791 1831 1833 sequens
1847 1793 1960 1826 nadad

1082 1837 1133 1861 tus
1151 1831 1235 1871 apud
1260 1829 1453 1871 Ulpianum,
1477 1832 1499 1864 l.
1517 1842 1565 1873 25.
1583 1832 1611 1874 §.
1628 1838 1657 1865 6.
1677 1833 1719 1864 D.
1736 1836 1769 1865 αἰ)
1787 1835 1960 1876 usufrubtu.

1083 1872 1117 1902 Si
1139 1872 1210 1903 duos
1225 1872 1412 1915 fruftuarz’os
1421 1879 1583 1914 proponas,
1607 1874 1644 1909 &⁹
1667 1884 1704 1907 ex
1719 1875 1837 1907 alterius
1853 1878 1959 1917 reser—

1081 1922 1138 1943 vus
1154 1912 1197 1951 fit
1209 1911 1387 1954 stipulatus,
1411 1916 1569 1956 qzraerz'tur,
1593 1922 1694 1948 utrum
1715 1922 1826 1958 totum,
1848 1928 1886 1949 an
1900 1925 1955 1959 pro

1080 1960 1162 1995 parte
1179 1965 1237 1996 qua
1251 1956 1333 1986 habet
1350 1955 1584 1996 usumfrufbum,
1600 1959 1626 1988 ei
1640 1964 1798 1999 quaeratur.
1830 1969 1898 1990 nam
1914 1958 1954 1994 δ’

1081 1998 1114 2027 in
1127 1996 1236 2027 duobus
1251 1995 1408 2036 boncefidez'
1421 1996 1613 2038 poffqfforz'bus
1627 1999 1677 2030 hoc
1692 1998 1732 2035 esi}
1749 2002 1826 2040 apud
1842 2001 1958 2032 Scoevm

1081 2036 1139 2068 lam
1165 2039 1311 2078 agitatum
1335 2038 1403 2068 libro
1418 2038 1546 2078 stcundo
1570 2038 1769 2082 ‚Quaestionum
1785 2041 1802 2072 ,9
1824 2041 1861 2075 {5⁹
1888 2044 1952 2081 ait,

1081 2078 1169 2119 vulgo
1182 2080 1338 2117 creditum,
1353 2080 1548 2120 rationemque
1563 2080 1734 2120 hoc-facere,
1754 2081 1818 2124 [ut]
1828 2081 1858 2121 fi
1867 2093 1903 2114 ex
1919 2093 1951 2114 τε

1079 2119 1201 2150 alterius
1207 2118 1386 2160 stipuletur,
1406 2126 1519 2160 partem
1540 2121 1566 2151 ei
1589 2122 1738 2154 duntaxat
1752 2124 1860 2164 qzcaerz',
1878 2131 1952 2164 par-

1079 2166 1137 2191 tem*
1159 2162 1289 2192 domino:
1311 2162 1385 2202 quod
1400 2160 1430 2198 fi
1451 2163 1620 2193 nominatim
1640 2162 1678 2200 fit
1694 2161 1874 2204 stipulatus,
1896 2173 1950 2196 nec

1078 2202 1208 2233 dubitari
1220 2203 1332 2241 dehere,
1346 2203 1418 2243 quin
1433 2202 1540 2244 adjefto
1556 2205 1685 2244 nomine,
1703 2206 1821 2238 solidum
1830 2208 1855 2237 ei
1870 2216 1949 2248 quee-

1078 2249 1175 2282 rutur.
1197 2245 1324 2285 idemque
1347 2244 1408 2281 ait,
1435 2243 1598 2285 &fijuffn
1613 2246 1674 2286 ejus
1683 2244 1857 2287 stipuletur:
1880 2257 1950 2288 quo-

1077 2286 1156 2315 niam
1174 2284 1286 2326 juffum
1298 2291 1350 2325 pro
1367 2286 1479 2316 nomine
1496 2288 1663 2326 accipimus.
1694 2289 1766 2318 idem
1785 2286 1821 2322 ἐξ
1836 2290 1868 2320 in
1876 2290 1948 2329 sru-

1077 2324 1197 2357 &uariis
1211 2327 1266 2356 erit
1279 2326 1449 2357 dicendum.-
1460 2331 1498 2357 ut
1510 2337 1564 2368 quo
1579 2328 1646 2367 casu
1662 2336 1719 2359 non
1738 2334 1830 2360 totum
1844 2331 1948 2372 adqui-

1076 2370 1160 2398 r't'tur
1167 2367 1356 2408 fruCtuarz'o,
1377 2369 1560 2408 proprietatis
1581 2370 1691 2400 domino
1707 2371 1761 2401 erit
1776 2369 1945 2412 marsinam,-

1076 2410 1213 2450 quonium
1234 2418 1270 2440 ex
1292 2418 1323 2439 re
1340 2407 1511 2448 fruti‘uarii
1548 2411 1618 2441 uoeri
1639 2412 1664 2441 ei
1674 2411 1750 2452 poffe
1765 2411 1946 2452 ostendimus.

1078 2449 1204 2492 Quaerit
1222 2449 1395 2490 Ulpianus,
1414 2450 1436 2482 fi
1453 2452 1516 2482 duo
1544 2451 1688 2483 ruftuarii
1704 2453 1780 2491 fint,
1797 2454 1827 2485 &
1843 2454 1950 2486 servus

1075 2491 1112 2524 fit
1129 2501 1170 2523 ex
1185 2501 1219 2523 re
1234 2491 1360 2523 alterius
1378 2491 1562 2533 stipulatus.
1578 2501 1683 2525 utrum
1700 2495 1728 2525 ei
1746 2502 1850 2527 totum
1863 2505 1948 2537 qua:-

1075 2540 1180 2569 ratur,
1197 2542 1235 2564 an
1250 2542 1309 2574 pro
1326 2541 1418 2574 parte
1434 2542 1495 2574 qua
1512 2533 1608 2565 habet
1623 2535 1861 2569 usumfructum.
1883 2537 1948 2568 Ad-

1077 2575 1124 2606 dit
1142 2573 1314 2615 Ulpianus,
1339 2573 1401 2605 effe
1418 2574 1480 2605 hoe
1495 2575 1580 2606 idem
1598 2579 1681 2616 apud
1697 2576 1873 2610 Scaevoiam
1897 2578 1946 2609 lib.

1078 2624 1109 2653 2.
1128 2614 1529 2659 Quaefiz'onumagitammin
1548 2617 1672 2648 duobus
1687 2618 1781 2649 bonae
1789 2619 1865 2651 fidei
1875 2628 1947 2660 pos-

1076 2656 1258 2688 sessoribus:
1276 2658 1417 2697 quorum
1428 2656 1526 2689 simile
1532 2658 1580 2697 jus
1597 2658 1659 2690 esse
1675 2661 1703 2690 ei
1721 2661 1808 2700 quod
1819 2660 1855 2692 fit
1872 2662 1948 2692 duo-

1073 2707 1143 2730 rum
1165 2697 1428 2737 fmduariomm,
1452 2699 1530 2729 certi
1545 2700 1621 2738 iuris
1637 2700 1682 2732 est
1700 2701 1719 2732 l.
1739 2711 1785 2733 ιο,
1807 2703 1836 2744 §.
1852 2711 1882 2738 4,
1900 2701 1946 2733 D.

1073 2740 1106 2770 de
1128 2739 1304 2780 adquirendo
1329 2747 1423 2770 rerum
1446 2741 1580 2780 dominio.
1619 2741 1674 2772 Ait
1698 2749 1803 2774 autem
1835 2742 1943 2783 Ulpia-

1072 2789 1155 2820 nus,
1174 2780 1351 2812 Scaevolam
1369 2779 1495 2820 dicere,
1522 2783 1620 2823 vulgo
1636 2783 1794 2815 creditum
1811 2784 1890 2822 effe,
1913 2783 1945 2814 dc

1071 2824 1229 2856 rationem
1255 2820 1407 2853 efficere:
1431 2829 1466 2853 ut
1488 2822 1595 2854 servus
1612 2846 1622 2864 ,
1653 2823 1674 2856 fi
1699 2833 1739 2856 ex
1759 2834 1794 2856 re
1817 2825 1944 2857 alterius

1072 2860 1175 2905 botrie*
1198 2862 1273 2894 fidei
1304 2858 1480 2903 poll'ess'oris
1511 2864 1677 2905 stipuletur
1694 2889 1705 2904 ‚
1735 2875 1799 2897 non
1823 2864 1944 2906 ei‘solif

1073 2905 1149 2944 dum
1165 2911 1312 2946 quaerat:
1340 2904 1396 2936 vsed
1421 2912 1544 2945 partem
1568 2907 1625 2944 ei,
1654 2914 1775 2946 partem
1799 2906 1941 2938 domino.

1071 2947 1206 2986 opinor,
1230 2946 1302 2986 quia
1328 2945 1420 2977 bonae
1443 2945 1517 2978 fidei
1542 2946 1713 2988 poffeffor,
1736 2957 1777 2979 ex
1801 2947 1887 2985 quus
1904 2953 1940 2975 re

1070 2986 1232 3033 stipulatus
1255 2987 1300 3018 cst
1324 2986 1430 3019 servus
1442 3011 1456 3025 „
1487 2988 1554 3028 ejus
1585 2998 1650 3021 non
1681 2990 1711 3020 in
1736 2987 1866 3019 solidum
1885 2985 1939 3016 ‘est

1069 3028 1240 3069 poffessor,
1265 3028 1317 3059 sed
1342 3032 1383 3071 ex
1406 3035 1516 3069 parte:
1540 3039 1645 3069 neque
1668 3029 1761 3070 igitur
1785 3026 1889 3067 potest
1904 3025 1938 3065 ei

1068 3070 1176 3102 servus
1202 3071 1232 3101 in
1259 3068 1391 3110 solidum
1414 3071 1600 3111 adquirere,
1624 3070 1674 3101 sed
1690 3078 1747 3109 pro
1762 3074 1850 3108 parte
1874 3075 1939 3107 qua

1071 3106 1118 3143 est
1131 3106 1305 3153 possessbr3
1328 3112 1457 3143 aiteram
1483 3119 1587 3144 autem
1606 3117 1725 3151 partem
1746 3117 1810 3139 non
1828 3107 1937 3154 potest

1070 3153 1160 3185 alteri
1181 3153 1277 3185 bonae
1300 3152 1374 3185 fidei
1403 3152 1564 3193 possessori
1579 3151 1758 3192 adquirere:
1782 3158 1852 3194 quia
1870 3157 1938 3181 non

1068 3197 1110 3226 ex
1131 3205 1165 3227 re
1189 3194 1255 3234 ejus
1282 3193 1447 3235 adquisivit
1462 3193 1589 3233 servus,
1610 3199 1714 3231 neque
1729 3199 1769 3222 ex
1784 3191 1844 3222 luis
1861 3200 1938 3236 ope-

1873 3240 1934 3269 ris,
