2036 3495
159 121 203 167 58
553 152 555 154 .
604 117 638 152 G
669 127 689 151 ε
724 124 746 148 n
780 122 802 147 Λ
835 117 858 146 ri
890 122 914 147 n
945 122 958 148 1

160 223 178 244 a
196 210 376 246 Callistrato,
391 209 409 240 l.
426 217 455 248 5.
472 199 501 248 5
524 214 547 236 1.
567 204 610 235 D.
621 205 654 234 de
664 203 811 233 extraord.
829 211 909 242 cogn.
928 200 1038 232 defini·

161 263 212 287 tur
223 277 233 293 ,
260 251 413 293 diguitatis
437 247 525 286 iliaefle
535 243 635 286 status
655 244 763 284 legibus
778 253 812 274 ac
827 243 952 274 moribus
966 252 1038 273 com-

155 297 303 337 probatas.
346 288 542 321 Callistratus
568 285 757 326 dignitatern
780 284 900 324 accipit
927 284 1040 321 latius,

162 344 256 377 quam
268 341 335 364 eam
348 333 496 370 accipere
507 328 609 359 solent
621 325 768 357 Veteres.
795 326 838 357 illi
850 326 1038 366 dignitatem

159 383 278 407 vocant
298 373 410 404 statum
427 372 620 411 optimatum
645 368 674 399 &
696 367 916 399 honestiorum
936 366 1037 398 homi-

159 427 235 449 num
252 417 474 454 intemperata
491 410 665 452 republica.
696 409 732 441 Id
749 409 874 440 erudite
890 407 1039 440 observat

161 457 384 494 Caiaubonus,
408 454 449 486 V.
469 453 529 485 CL.
545 452 585 483 ad
601 451 808 489 Suetonium,
833 450 928 495 Julio
945 460 969 480 c.
990 453 1036 481 16.

160 508 266 540 eoque
282 496 369 528 sensu
385 495 504 528 Cicero
519 495 566 525 lib.
585 503 613 525 2.
627 493 674 523 De
687 497 801 523 invent.
819 502 843 522 c.
861 502 913 531 55.
929 491 1037 531 Digni-

161 548 206 572 tcis
217 563 224 577 ‚
242 539 365 580 inquit,
388 538 516 578 alicujus
529 533 644 576 honesta
655 558 664 572 ,
681 533 718 568 ὃ)
734 534 814 564 cultu
830 532 866 566 &5²
882 534 984 564 bonore
1003 532 1038 567 &³

159 582 335 614 verecundia
353 581 444 621 (ligna
457 577 626 610 ιιιιὲἶονίῑας.
650 576 714 607 Sed
730 575 926 606 Callistratus
942 573 1039 615 digni-

160 619 235 655 tatis
251 624 381 654 nornine
393 621 540 661 indigitat
550 618 648 649 etiam
660 616 772 648 statum
790 616 990 657 plebeiorum
1009 615 1039 647 ὅ(

157 667 269 697 vilium
288 664 472 695 hominum:
488 662 541 701 qui
559 660 654 691 status
668 659 741 689 alias
758 659 887 689 libertas
904 657 1039 697 appella-

160 716 221 739 tur.
256 706 308 737 Eo
327 704 414 736 sensu
431 702 538 744 potest
556 700 747 733 existimatio
766 700 828 731 dici
848 699 941 730 status
958 698 1040 738 aequi

157 749 235 790 juris
260 748 410 779 omnibus
431 744 574 785 ejusdem
599 743 663 774 loci
683 743 714 773 in
730 741 894 781 republica
909 749 1040 781 compe·

161 791 269 821 tentis.
296 788 435 821 Proinde
452 787 473 818 11
490 785 558 826 quis
570 785 600 815 in
619 784 751 814 civitate
768 783 892 823 legibus
908 791 962 813 aut
972 791 1041 813 mo·

159 832 246 864 ribus
263 841 326 863 non
344 830 498 861 habeatur
513 827 659 867 indignus
676 824 724 856 his
740 833 810 864 quae
820 824 943 855 caeteris
961 824 1039 863 ejus—

162 877 236 905 dem
255 873 375 903 ordinis
392 871 421 901 in
439 879 473 900 ea
489 874 702 908 competunt3
720 867 784 906 ejus
796 865 1040 907 dignitasaCal-

160 914 281 946 listi-ato
298 915 325 945 d.
342 913 362 945 l.
380 910 493 949 illaesa3
512 911 589 941 item
608 910 730 950 integra
748 918 764 938 a
785 907 992 938 Diocletiano
1010 907 1040 937 δι

159 956 362 988 Maximiano
378 954 397 984 i.
416 954 496 984 unic.
516 951 549 982 C.
566 953 598 982 cie
615 950 776 990 infamibus
792 950 838 980 lib.
859 958 906 980 10.
921 950 968 979 tiz.
988 957 1039 988 57.

160 998 192 1029 id
211 997 273 1035 eit,
290 998 356 1035 eius
374 994 457 1026 fama
475 995 560 1024 bona
576 993 762 1033 appellatur.
791 991 913 1023 Contra
931 989 952 1021 fi
971 990 1040 1030 quis

161 1049 203 1071 ex
223 1039 342 1070 delicto
360 1037 415 1068 suo
433 1036 509 1076 juris
526 1034 715 1065 auftoritate
734 1032 797 1064 istis
814 1033 845 1063 in
864 1040 969 1063 totum
988 1038 1042 1062 aut

159 1091 201 1112 ex
220 1088 310 1121 parte
328 1079 538 1119 prohibetur,
563 1076 628 1115 ejus
652 1073 846 1106 existimatio
862 1073 925 1105 five
941 1073 1040 1114 digni-

161 1131 208 1154 tas
233 1123 401 1154 imminuta
424 1127 477 1150 aut
500 1117 708 1157 consumpta,
733 1117 765 1147 id
782 1116 845 1153 est,
868 1116 893 1146 is
911 1115 1039 1145 infamis

161 1164 224 1195 css'e
236 1163 433 1202 intelligitur.
458 1159 622 1199 Exemplis
638 1158 761 1198 aliquot
772 1157 912 1197 pulchris
924 1155 988 1186 hoc
1004 1166 1037 1186 o-

158 1205 277 1238 stendit
294 1204 491 1237 Callistratus
508 1203 535 1232 cl.
554 1201 573 1232 i.
590 1211 620 1240 5.
639 1199 657 1240 §
690 1208 715 1230 1.
737 1209 764 1230 2.
784 1199 820 1233 {9⁹
844 1208 873 1239 3.
903 1198 972 1228 Alia
988 1197 1040 1228 ad·

158 1246 224 1278 fert
246 1246 419 1279 Petronius
443 1244 568 1284 satyrio.
593 1252 619 1272 c.
648 1243 715 1272 116.
741 1250 811 1272 nam
830 1240 894 1271 huc
912 1239 1040 1270 alludit:

159 1289 203 1321 fic
228 1288 377 1319 scribens.
421 1286 457 1317 In
475 1286 528 1316 hac
553 1284 627 1314 urbe.
639 1291 717 1313 nemo
738 1283 838 1312 liberos
858 1280 947 1312 roim.-
971 1282 1041 1322 quia

161 1331 293 1371 quisquis
307 1338 378 1370 flios
401 1328 512 1358 heredes
536 1326 634 1361 habet,
660 1333 713 1354 nec
739 1324 776 1354 ad
793 1325 916 1365 scenas,
937 1332 988 1352 uec
1003 1323 1041 1352 ad

151 1371 323 1412 spehiucula
337 1371 523 1405 admittitur,
533 1367 586 1407 sini
602 1367 733 1396 mnnzbus
744 1366 908 1405 prohibetur
923 1373 1040 1394 commo-

160 1416 223 1452 ciis,
240 1415 316 1444 inter
331 1411 529 1454 ignominiosus
545 1409 657 1439 luricae.
683 1406 800 1438 Similia
821 1415 910 1437 certe
925 1405 954 1435 in
973 1405 992 1436 l.
1014 1413 1040 1435 1.

160 1456 205 1486 D.
225 1456 275 1486 Aa
292 1455 364 1494 Leg.
383 1452 452 1493 Jzil.
471 1453 503 1482 de
521 1451 554 1480 vi
567 1449 698 1489 privata.
732 1448 801 1479 sunt
819 1449 887 1478 haec
906 1446 1039 1478 Marcia·

160 1497 215 1529 ni:
239 1496 286 1527 De
311 1498 344 1526 vi
365 1495 488 1534 privata
507 1491 638 1522 damnati
656 1496 728 1530 pars
749 1490 835 1520 teriia
853 1491 990 1520 bonorum
1005 1497 1041 1518 err:

160 1538 239 1578 Lege
272 1537 360 1581 J'tili'cz
374 1535 560 1575 publicatur:
583 1531 619 1565 ὅ)
642 1538 762 1562 cazanum
781 1529 838 1572 eft,
862 1540 897 1561 ne
919 1530 1041 1561 Senator

154 1578 212 1618 fit,
237 1573 272 1609 ηὲ
290 1577 439 1614 Decurio,
462 1574 623 1607 antulium
639 1573 768 1603 bonorem
786 1575 881 1613 capiat
893 1595 901 1610 ,
923 1580 994 1602 neve
1009 1572 1040 1601 in

158 1630 223 1652 eum
239 1620 367 1651 ordinem
381 1618 492 1655 sedeat,
515 1625 586 1647 neve
597 1615 692 1655 judex
704 1612 763 1651 fit,
783 1614 818 1648 &³
835 1613 967 1644 videlicet
985 1623 1041 1642 om-

159 1664 192 1693 m'
209 1662 331 1700 honore,
347 1659 429 1702 quasi
444 1658 586 1699 infamis,
602 1665 638 1687 ex
655 1655 907 1696 Senatusconsiilto
923 1654 1040 1685 carebit,

158 1703 216 1736 Est
232 1704 264 1735 in
282 1703 330 1734 his
346 1702 461 1734 menda
477 1709 573 1741 quarn
593 1697 740 1737 Culacius
758 1697 806 1729 lib.
825 1706 854 1734 9.
877 1697 999 1737 Observ.
1016 1705 1041 1727 c.

160 1749 210 1778 16.
229 1744 272 1777 fic
295 1744 451 1776 veriffirne
469 1742 572 1774 tollit:
595 1748 667 1770 neve
686 1739 718 1770 in
733 1740 948 1780 quatuordecim
964 1738 1039 1768 ordi-

157 1788 244 1819 m'bus
257 1787 376 1827 sedeat:
398 1786 568 1816 arbitratus
586 1805 597 1820 ,
627 1790 644 1812 a
670 1780 840 1812 Marciano
862 1779 974 1820 respici
1000 1779 1039 1809 ad

157 1828 405 1870 quatuordecim
422 1826 569 1863 ordines,
586 1824 619 1855 in
637 1822 764 1854 theatro
779 1823 884 1854 ordini
903 1819 1039 1860 equestri

157 1880 275 1902 vacare
293 1869 415 1901 solitos.
440 1868 547 1908 AEque
565 1865 691 1906 probo,
707 1866 795 1903 quod
815 1874 873 1905 pro
889 1864 1038 1903 adjuvan-

159 1913 198 1944 da
215 1922 253 1943 ea
270 1911 358 1952 Lege
374 1918 529 1951 praeterea
546 1907 680 1947 conjicit
693 1906 749 1938 Vir
767 1907 821 1938 ille
839 1907 973 1937 eximius
989 1905 1038 1935 lib.

161 1964 190 1986 1.
210 1953 332 1993 Observ.
350 1962 372 1982 c.
384 1956 433 1993 38.
456 1951 518 1982 Sed
537 1949 622 1981 malo
638 1947 836 1986 adscribere,
853 1949 907 1988 (ut
926 1946 970 1977 est
986 1946 1039 1976 hu-

158 1997 207 2035 jus
226 1995 309 2035 loci)
331 1995 419 2033 quod
436 2002 453 2023 a
470 1990 650 2024 Callistrato
665 1990 697 2020 in
713 1991 741 2021 d.
759 1990 788 2031 §.
813 1998 837 2020 1.
856 2000 883 2020 2.
902 1988 938 2023 ἃ)
951 1998 979 2030 3.
997 1986 1040 2018 fa-

158 2046 219 2069 mae
238 2037 389 2076 cujusque
407 2034 572 2074 integritas
590 2031 816 2062 imminutiove
835 2031 949 2062 dicitur
966 2039 982 2059 a
998 2030 1040 2068 Ju—

159 2088 196 2109 re
213 2078 243 2109 &
262 2075 384 2118 legibus
403 2078 554 2116 pendere.
581 2073 643 2104 Etsi
664 2082 723 2103 nec
741 2073 854 2110 finam,
880 2072 923 2102 ob
938 2071 970 2101 id
990 2080 1041 2100 ne-

159 2119 239 2160 gligi
262 2119 450 2159 opinionem
474 2117 636 2148 bonorum
662 2114 691 2145 &
715 2115 856 2155 gravium
878 2113 1041 2144 virorum:

161 2161 292 2201 quando
309 2159 448 2198 Julianus
466 2159 487 2189 i.
505 2168 533 2189 2.
551 2157 591 2188 D.
615 2158 647 2187 cte
664 2157 877 2196 oblcq.parent.
901 2155 964 2192 ait,
989 2153 1041 2184 vel

161 2202 218 2233 ista
236 2201 397 2243 sugillatos
413 2210 477 2231 non
489 2196 779 2239 effugereinfamiae
796 2205 922 2228 notam:
942 2202 1042 2236 pum,

159 2253 234 2274 curn
259 2243 323 2274 hoc
341 2241 541 2279 discrimine;
565 2241 653 2280 quod
673 2239 742 2279 jure
764 2236 1042 2270 subnixainfamia

157 2284 204 2317 est
214 2282 446 2322 verainfamia;
461 2289 574 2314 notato
589 2289 697 2322 portas
714 2280 874 2321 dignitatis
890 2279 1042 2310 claudens

161 2327 182 2357 l.
195 2337 222 2358 2.
235 2327 268 2357 C.
290 2328 323 2358 de
339 2326 506 2366 dignitatib.
527 2323 575 2354 111).
599 2331 645 2353 12.
666 2323 711 2352 ziz.
734 2331 759 2352 1,
780 2323 808 2353 ὅ(
821 2346 829 2359 ,
846 2328 880 2352 ut
898 2331 914 2351 a
930 2320 1042 2352 Petro·

158 2369 216 2400 nio
243 2367 288 2399 est
313 2369 411 2399 modo
437 2365 660 2400 observatum,
684 2364 780 2394 etiam
799 2363 949 2394 omnibus
969 2371 1043 2393 cum

158 2409 336 2450 prohibens
352 2408 543 2440 commodis.
561 2415 633 2436 cuin
647 2406 715 2445 jure
732 2403 1020 2436 destitutainfamia
1031 2426 1040 2441 ,

160 2451 312 2490 exemplo
341 2459 427 2482 notae
455 2447 617 2480 Censoriae
649 2447 732 2485 apud
761 2447 958 2478 Ciceronem
982 2445 1042 2476 Pro

162 2492 293 2523 Cluentio
312 2503 335 2523 c.
352 2502 413 2533 34,
438 2499 543 2531 neque
559 2499 632 2520 vera
650 2488 805 2519 habeatur
820 2487 969 2525 infamia,
987 2496 1040 2517 ne-

161 2543 225 2573 que
243 2535 353 2565 eadem
370 2542 520 2573 peraeque
545 2539 697 2571 operetur
714 2530 941 2561 incommoda:
965 2529 1041 2568 quin

161 2582 275 2605 contra
290 2575 412 2606 dicatur
429 2575 528 2614 magis
546 2574 702 2613 pudorem
719 2573 748 2603 ὅ(
766 2571 989 2602 verecundiam
1006 2579 1042 2601 o-

161 2624 274 2647 nerare
291 2638 301 2653 ‚
333 2625 428 2655 quam
451 2617 545 2647 ullam
571 2613 796 2645 existimationi
816 2612 972 2644 maculam
991 2611 1043 2642 ad-

160 2657 310 2698 spergere
327 2656 345 2687 i.
367 2666 410 2696 13.
426 2658 446 2688 l.
472 2666 516 2696 17.
537 2656 570 2687 C.
588 2656 616 2687 h.
637 2661 658 2686 t.
695 2663 792 2695 atque
810 2662 845 2685 ut
864 2654 903 2686 de
921 2660 1042 2685 caetero

161 2698 325 2730 neminem
347 2706 453 2729 arceat
478 2699 516 2729 ab
536 2697 735 2735 honoribus,
760 2696 792 2727 id
807 2695 874 2734 est,
899 2704 964 2727 non
983 2694 1041 2725 ob-

161 2741 264 2772 tineat
279 2748 409 2769 omnem
428 2738 566 2771 infumiae
578 2738 748 2770 effectum:
766 2745 798 2768 at
808 2746 868 2769 nec
886 2736 974 2768 omni
991 2745 1041 2766 ca-

161 2789 242 2813 reat.
277 2779 340 2811 Res
364 2780 527 2811 manifesta
545 2790 584 2811 ex
602 2782 627 2811 ci.
647 2781 666 2811 l.
684 2790 712 2811 2.
731 2779 773 2810 1).
791 2781 824 2810 de
839 2780 924 2819 obleq.
941 2784 1043 2818 paren-

162 2824 212 2854 tib.
228 2822 250 2853 l.
262 2831 310 2862 27.
330 2821 364 2852 C.
382 2822 415 2851 (ie
430 2820 533 2860 invffic.
553 2820 663 2861 testam.
675 2821 693 2852 l.
705 2832 732 2860 3.
746 2821 777 2862 5.
794 2831 822 2852 2.
840 2820 877 2854 &²
892 2820 910 2850 l.
932 2828 979 2851 12.
998 2818 1041 2850 D.

166 2868 202 2896 de
218 2863 408 2895 Decurionib.
420 2861 528 2903 juncia
541 2862 620 2894 l.22.
639 2862 680 2893 D.
697 2863 733 2897 ὃ)
750 2865 767 2894 ι,
781 2872 826 2902 14.
845 2861 878 2894 C.
895 2862 923 2892 b.
941 2867 963 2893 t.
981 2869 1043 2892 nee

159 2906 305 2947 pluribus
321 2913 413 2945 opus.
430 2904 506 2935 illud
522 2902 602 2933 sileri
617 2914 682 2935 non
693 2911 827 2944 oportet
838 2927 849 2942 ,
867 2902 965 2943 (ficut
981 2911 1042 2934 nec

160 2947 301 2989 ignorari
317 2946 491 2977 voluerunt
507 2942 729 2976 Diocletianus
746 2946 775 2977 ὅτ.
791 2944 1007 2976 Maximianus
1022 2943 1040 2973 l.

162 2990 243 3020 unic.
255 2989 286 3019 C.
302 2989 335 3019 de
343 2987 476 3026 infmnib.
496 2986 543 3016 lib.
566 2994 611 3015 10.
628 2986 674 3015 tit.
695 2996 743 3026 57.
761 2986 871 3025 estque
887 2987 984 3017 etiam
1000 2994 1041 3016 ex

160 3039 255 3071 parte
270 3029 474 3061 observatum
497 3027 554 3058 sub
576 3025 692 3057 Titulo
719 3025 765 3057 De
777 3027 946 3068 postulando
963 3036 1003 3058 ex
1019 3027 1039 3057 ι.

164 3075 195 3102 6.
217 3072 246 3103 ὅ(
265 3071 284 3103 l.
298 3081 323 3103 1.
341 3070 371 3112 §.
388 3074 418 3101 6.
435 3070 467 3100 in
479 3067 535 3108 fin.
548 3067 668 3107 ibidem)
682 3070 769 3106 quod
786 3068 919 3101 infames
935 3067 1040 3109 perso-

164 3121 235 3151 nae,
258 3113 335 3144 licet
352 3112 446 3144 nullis
467 3109 643 3142 honoribus
660 3109 712 3148 qui
730 3108 860 3148 integrae
879 3110 1041 3149 dignitatis

164 3154 352 3185 hominibus
370 3153 488 3185 deferri
508 3151 626 3188 solent,
646 3149 691 3180 uti
708 3149 841 3188 possint:
866 3150 1041 3182 Curialium

163 3203 274 3227 tamen
300 3196 351 3227 vel
379 3195 520 3226 civilium
553 3199 720 3236 munerun}
745 3191 947 3221 vacationem
974 3201 1040 3223 non

166 3237 288 3270 habent
298 3259 309 3276 ,
332 3236 386 3270 sed
400 3235 593 3274 solemnibus
606 3231 835 3272 indictionibus
851 3231 894 3269 ob
910 3232 1043 3269 tutelam

1007 111 1265 147 No‘oDT

1324 110 1538 145 COMMt

1083 200 1242 241 publicam
1258 209 1315 231 eos
1334 199 1533 238 satisfacere,
1558 198 1683 230 necesse
1702 198 1757 230 est.

1123 241 1243 282 Igitur,
1266 250 1301 272 ut
1326 251 1366 272 co
1395 245 1543 276 redeam,
1570 241 1710 279 l’raetor,
1735 240 1787 271 ubi
1812 242 1957 283 infamia,

1083 283 1204 322 inquit,
1226 288 1363 321 nutritur,
1390 293 1455 314 non
1474 283 1585 319 aliam,
1609 291 1704 322 quam
1722 292 1827 313 veram
1846 283 1958 324 11811111-

1084 331 1135 354 cat
1150 326 1177 355 ci.
1194 325 1212 355 l.
1228 335 1258 363 5.
1276 325 1304 364 5.
1325 335 1354 356 2.
1372 324 1413 355 I).
1430 327 1462 355 cle
1479 325 1624 355 extrriorti.
1640 324 1746 364 cognic.
1780 323 1958 365 infligitque

1084 374 1152 396 cam
1171 366 1360 405 dupliciter:
1377 367 1408 397 id
1425 365 1488 404 est,
1505 365 1555 395 vel
1574 363 1640 405 ipso
1657 365 1745 405 jure,
1762 366 1812 396 vel
1829 367 1959 399 demum

1083 406 1238 438 sententia
1253 406 1385 445 judicis.
1403 417 1468 439 non
1486 415 1591 438 tamen
1608 407 1718 445 aliter,
1733 415 1826 445 quam
1846 409 1889 438 ob
1907 409 1960 439 de-

1083 447 1209 486 litium,
1227 447 1277 479 seu
1295 448 1417 480 causam
1435 458 1529 490 quain
1543 457 1633 488 putat
1649 457 1776 488 turpem
1794 450 1822 479 d.
1842 449 1861 480 l.
1880 461 1908 490 5.
1927 450 1958 491 5.

1088 499 1114 536 t.
1138 489 1203 521 sine
1219 489 1277 520 hac
1293 498 1381 520 certe
1399 491 1441 522 ob
1459 499 1604 531 poenam,
1622 490 1640 521 11
1661 499 1720 529 qua
1737 489 1869 522 affectus
1889 501 1960 532 quis

1083 530 1139 569 111,
1162 530 1314 562 infamem
1337 541 1410 562 eum
1436 542 1499 563 non
1525 532 1604 563 facit
1629 533 1656 562 d.
1674 532 1693 562 i.
1709 541 1757 564 22.
1774 531 1817 564 D.
1836 531 1872 566 &j'
1887 533 1907 565 i.
1929 538 1959 567 85

1085 573 1117 603 C.
1135 573 1162 603 h.
1180 578 1204 602 t.
1227 571 1289 602 Sed
1306 572 1410 605 causas
1428 574 1602 605 videamus.

1128 613 1289 652 Principio
1306 614 1366 651 ait,
1387 615 1516 653 Infamia
1526 620 1644 646 notatur
1658 616 1708 656 qui
1723 616 1757 646 ab
1773 611 1905 646 exercitu
1918 617 1961 646 cli-

1083 654 1183 703 mifflis
1200 660 1263 684 eric.
1285 653 1426 699 *Dimitti
1446 657 1561 688 dicitur
1580 657 1671 688 miles
1688 657 1860 697 caligatus:
1886 658 1961 696 qui,

1084 706 1119 727 ut
1141 695 1330 727 [orrentius
1347 697 1507 736 explicat,
1531 700 1569 729 ad
1586 698 1774 730 Suetonium
1795 698 1920 729 Oftavio
1938 709 1961 730 c.

1084 749 1142 784 25,
1166 736 1211 768 est
1225 737 1403 783 gregarius:
1426 737 1468 769 fic
1494 740 1669 780 appellatus
1689 749 1706 770 a
1725 740 1842 780 caliga,
1867 749 1962 779 quam

1084 782 1169 811 idem
1196 778 1388 824 Suetonius,
1410 779 1503 820 Calig.
1518 790 1541 811 c.
1561 790 1589 816 9·
1614 789 1711 812 vocat
1734 782 1963 821 manipularem

1085 821 1239 852 habitum.
1266 819 1396 865 Dicitur
1412 823 1508 852 etiam
1525 823 1628 860 mitti,
1645 822 1665 853 11
1678 823 1747 862 quis
1765 824 1843 854 alius
1859 823 1894 854 iit
1915 833 1962 855 us-

1085 872 1148 902 que
1162 863 1202 893 ad
1217 869 1452 894 centurionem.
1476 864 1583 893 coeteri
1601 864 1768 899 dicuntur,
1785 864 1964 896 successore

1083 911 1242 944 acceptO,
1266 903 1306 934 de
1329 903 1439 934 militia
1467 904 1626 936 decedere
1643 905 1662 935 i.
1679 914 1727 936 21.
1745 905 1787 937 D.
1803 908 1836 936 de
1851 905 1962 943 testum.

1083 946 1170 977 milit.
1191 944 1245 976 sed
1263 946 1292 975 in
1311 944 1478 985 proposito
1497 945 1587 976 latius
1605 954 1693 985 patet
1705 947 1791 978 verbi
1809 942 1963 988 fignifica-

1085 988 1131 1018 tio
1155 996 1196 1018 ex
1221 994 1330 1017 mente
1355 985 1556 1018 &sententia
1574 986 1738 1020 Praetoris:
1763 988 1912 1020 suadente
1930 989 1965 1020 11-

1084 1028 1265 1060 militudine
1283 1028 1433 1066 rationu,
1451 1038 1543 1068 aeque
1562 1028 1621 1060 hos
1632 1038 1728 1070 atque
1745 1030 1817 1061 illos
1834 1030 1964 1062 infamia

1083 1071 1198 1102 notari.
1223 1069 1265 1100 ita
1283 1067 1439 1110 Ulpianus
1456 1071 1473 1101 l.
1492 1080 1521 1101 2.
1540 1069 1580 1100 D.
1601 1071 1629 1101 h.
1648 1077 1669 1102 t.

1126 1113 1179 1143 Ait
1196 1111 1337 1148 Praetor,
1355 1111 1402 1142 Ab
1417 1113 1556 1142 exercitii.
1580 1111 1662 1154 Quis
1677 1112 1711 1144 sit
1728 1113 1908 1151 exercitus,
1925 1114 1964 1146 ab

1083 1153 1224 1193 Ulpiano
1251 1154 1426 1192 exponitur
1446 1153 1465 1184 l.
1488 1163 1515 1184 2.
1534 1154 1562 1194 5.
1583 1163 1607 1184 1.
1627 1154 1668 1184 D.
1689 1155 1716 1184 h.
1735 1161 1756 1185 t.
1781 1155 1827 1186 bis
1848 1156 1963 1187 verbis.

1083 1196 1257 1227 Exercitum
1281 1204 1339 1225 non
1363 1205 1454 1226 unam
1474 1196 1633 1233 cohortem,
1658 1205 1747 1237 neque
1773 1206 1862 1228 timim
1886 1197 1963 1228 [ilum

1084 1239 1225 1273 dicimus,
1241 1238 1293 1274 jeci
1310 1245 1444 1266 munieras
1459 1237 1563 1267 multos
1581 1238 1705 1268 militum
1738 1248 1807 1269 mim
1821 1240 1963 1269 exercitui·

1082 1278 1193 1320 proeeffe
1204 1279 1325 1308 (licinius
1335 1287 1398 1308 eum
1409 1279 1458 1318 qui
1469 1278 1607 1319 legionem
1624 1280 1670 1308 vel
1687 1281 1808 1320 legiones
1825 1290 1888 1310 cnm
1905 1281 1964 1314 luis

1083 1321 1204 1351 auxiliis
1219 1320 1255 1350 cib
1272 1318 1444 1359 Imperatore
1466 1319 1622 1359 commilllis
1638 1320 1832 1361 administrat.
1856 1323 1900 1352 leti
1918 1323 1965 1352 hic

1083 1363 1169 1393 etiam
1185 1371 1249 1392 eum
1267 1363 1318 1401 qui
1343 1362 1378 1391 cib
1394 1362 1489 1401 aliquo
1512 1372 1630 1392 innuero
1647 1363 1772 1392 militum
1790 1363 1889 1402 mzffi-is
1904 1362 1962 1401 esi,

1084 1402 1167 1444 quasi
1182 1404 1217 1434 ab
1232 1403 1362 1433 exercitu
1380 1402 1492 1442 miffum
1504 1401 1547 1439 fic
1564 1404 1735 1443 <termimum
1770 1405 1820 1435 Aa
1841 1399 1963 1436 intelle-

1085 1447 1168 1476 ctum
1188 1446 1253 1483 ejus
1272 1445 1333 1474 loci
1353 1443 1457 1483 potest
1469 1453 1629 1483 pertinere
1647 1446 1710 1475 hoc
1727 1445 1894 1483 A.Gc11u,
1911 1447 1960 1477 111).

1086 1491 1133 1518 16.
1154 1485 1244 1517 Not‘i‘.
1261 1486 1354 1516 Aure.
1369 1496 1396 1515 c.
1416 1496 1445 1523 4.
1489 1486 1554 1516 Aiae
1578 1486 1659 1516 (licite
1673 1488 1815 1517 exercitus
1830 1489 1962 1526 equitum

1083 1529 1196 1558 ordines
1213 1551 1223 1564 ‚
1253 1528 1327 1567 quod
1359 1529 1467 1558 cirrum
1501 1527 1622 1568 legiones
1645 1530 1747 1559 (lextra
1765 1527 1962 1570 sinistraque,

1083 1575 1232 1610 tamquam
1255 1570 1306 1599 ulte
1327 1570 1358 1598 iti
1381 1571 1483 1599 civium
1499 1570 1659 1609 corporibus
1676 1570 1856 1600 locabuntur.
1880 1573 1910 1600 in
1927 1572 1963 1600 le-

1081 1613 1242 1653 giomjum
1259 1610 1394 1640 centuriae
1408 1611 1579 1649 sexaginta,
1599 1611 1742 1650 „ramipali
1757 1613 1900 1652 triginta,
1917 1622 1963 1643 co-

1084 1659 1176 1684 hortes
1190 1654 1291 1683 decem.
1324 1650 1422 1691 igitur
1440 1653 1524 1682 recte
1541 1655 1582 1682 ait
1600 1650 1773 1692 Ulpianus,
1798 1654 1962 1695 legionem

1084 1704 1180 1726 unam
1198 1694 1249 1724 vel
1268 1693 1410 1733 legiones
1427 1703 1499 1725 cum
1527 1695 1585 1725 luis
1605 1695 1729 1725 auxiliis
1746 1694 1853 1726 fact-re
1870 1706 1962 1727 exer·

1084 1737 1194 1767 citum.
1221 1738 1295 1775 quin
1315 1734 1454 1774 constat,
1481 1735 1678 1767 consularem
1697 1745 1877 1768 exercitum
1896 1738 1962 1774 ple-

1083 1787 1218 1818 rumque
1244 1775 1384 1807 nzzbuiss'e
1402 1777 1478 1808 duas
1498 1778 1642 1818 legiones
1659 1787 1732 1809 cum
1752 1778 1810 1809 suis
1829 1779 1962 1812 auxiliis.

1083 1830 1121 1851 ea
1139 1829 1243 1861 *pori-o
1268 1819 1385 1850 auxilia
1408 1820 1552 1860 intellige
1578 1818 1748 1851 sociorum.
1781 1828 1912 1861 cratque
1930 1822 1962 1853 in

1084 1862 1132 1908 1113
1151 1872 1206 1903 par
1223 1870 1371 1891 numerus
1388 1861 1534 1901 peditum
1553 1862 1605 1902 qui
1622 1870 1689 1893 erat
1705 1862 1736 1893 in
1755 1861 1894 1902 legione.
1919 1863 1963 1894 ita

1083 1904 1104 1935 11
1121 1906 1151 1941 in
1170 1904 1297 1943 legione
1313 1910 1450 1942 quatuor
1467 1903 1566 1934 ess'ent
1584 1904 1727 1942 peditum
1745 1904 1858 1937 millia:
1874 1912 1964 1936 erant

1086 1953 1136 1976 tot
1162 1945 1306 1986 peditum
1324 1945 1419 1975 mulia
1437 1947 1468 1975 in
1493 1945 1635 1977 auxiliis:
1659 1945 1803 1985 equitum
1823 1955 1890 1976 erat
1907 1947 1964 1977 du-

1085 1988 1161 2028 plex
1186 1995 1344 2018 numerus.
1368 1986 1509 2030 ideoque
1533 1986 1554 2017 fi
1578 1987 1609 2017 in
1636 1987 1764 2026 legione
1782 1986 1881 2018 ess'cnt
1899 1996 1962 2019 tre-

1085 2029 1171 2059 centi
1191 2030 1334 2068 equite53
1357 2029 1500 2058 icxcenti
1517 2036 1606 2058 erant
1625 2028 1655 2059 in
1673 2028 1804 2059 auxiliis.
1831 2029 1895 2060 vid.
1913 2028 1963 2067 Ju-

1086 2070 1165 2101 stuin
1182 2068 1320 2109 Lipsium
1339 2091 1349 2106 ,
1381 2068 1421 2101 V.
1438 2069 1498 2100 CL.
1519 2069 1565 2099 De
1583 2069 1668 2101 milit.
1686 2069 1771 2100 Rom.
1791 2069 1839 2100 lib.
1857 2080 1887 2102 2.
1907 2069 1965 2102 Ul-

1085 2112 1195 2151 pianus
1221 2113 1250 2141 a.
1269 2111 1298 2152 5.
1322 2119 1346 2140 1.
1364 2110 1384 2141 l.
1403 2121 1431 2142 2.
1459 2111 1554 2141 etiam
1578 2111 1725 2142 meminit
1751 2111 1962 2144 Nmnerorzim.

1085 2153 1145 2184 hos
1165 2161 1271 2183 autem
1295 2151 1376 2183 dixit
1393 2161 1452 2193 pro
1477 2152 1687 2184 cohortibus:
1713 2160 1746 2182 ut
1762 2153 1887 2193 optime
1906 2153 1964 2184 ob-

1086 2195 1188 2225 servat
1207 2192 1394 2232 Briisonius,
1421 2194 1468 2225 De
1486 2194 1528 2226 V.
1546 2194 1578 2225 S.
1602 2194 1632 2225 ὅ(
1649 2192 1810 2234 Vaiefius,
1833 2196 1872 2226 ad
1888 2197 1965 2228 Ain·

1087 2238 1228 2267 mianum
1244 2235 1293 2265 lib.
1313 2244 1361 2266 20.
1381 2245 1405 2266 c.
1428 2245 1452 2266 1.

1132 2278 1185 2309 Ait
1203 2276 1341 2314 Praetor,
1366 2276 1537 2317 Jgrzomz'm‘ae
1556 2277 1655 2317 causa.
1693 2276 1769 2309 Hoc
1787 2277 1861 2309 ideo
1879 2279 1962 2318 adje-

1086 2320 1169 2351 Ctum
1187 2317 1253 2357 est,
1270 2319 1422 2358 quoniam
1439 2320 1617 2351 suntmulta
1634 2328 1750 2360 genera
1769 2319 1963 2353 miffionum.

1084 2371 1145 2392 una
1163 2360 1207 2392 est
1223 2358 1356 2391 honesta
1379 2369 1448 2400 quae
1472 2361 1528 2401 (ut
1544 2359 1701 2400 Ulpianus
1719 2359 1831 2391 definit
1846 2363 1873 2392 ci.
1893 2364 1913 2392 l.
1931 2372 1961 2392 2.

1084 2403 1114 2445 §.
1134 2402 1184 2443 2.)
1200 2402 1238 2433 ab
1255 2401 1455 2442 Imperatore
1467 2401 1667 2442 indulgetur,
1684 2402 1827 2432 emeritis
1844 2401 1963 2443 ssipen-

1085 2445 1156 2476 diis.
1181 2451 1271 2475 erant
1287 2452 1324 2474 ea
1342 2443 1453 2484 viginti
1469 2444 1696 2483 expeditiones
1712 2443 1743 2473 in
1762 2443 1890 2482 pedite;
1909 2445 1963 2475 de-

1085 2495 1156 2517 cem
1174 2486 1205 2516 in
1222 2485 1349 2525 equite:
1373 2485 1502 2515 auctore
1519 2483 1625 2524 Lipfio
1645 2483 1693 2514 De
1706 2483 1791 2514 milit.
1810 2484 1893 2516 Rom.
1912 2485 1962 2516 lib.

1088 2538 1112 2559 1.
1130 2527 1248 2566 Dia-tog.
1262 2535 1291 2556 2.
1304 2526 1390 2557 addit
1407 2525 1580 2566 Ulpianus,
1592 2525 1681 2565 quod
1698 2534 1735 2557 ea
1751 2525 1850 2557 mimo
1865 2527 1963 2559 etiarn

1084 2577 1159 2600 ante
1175 2568 1366 2609 indulgetur.
1390 2574 1457 2598 tum
1474 2576 1553 2598 vero
1572 2575 1706 2598 vocatur
1723 2566 1858 2607 gratiosa
1870 2591 1878 2606 ,
1898 2568 1962 2608 ipsa

1085 2611 1179 2642 etiam
1198 2609 1251 2640 sub
1269 2610 1367 2641 libera
1383 2609 1546 2650 republica
1566 2607 1696 2647 usitata,
1714 2608 1770 2640 etsi
1788 2610 1961 2649 aliquando

1083 2651 1204 2684 rescissa
1219 2660 1235 2681 a
1255 2649 1459 2682 Censoribus.
1485 2648 1594 2682 Livius
1613 2650 1660 2681 lib.
1679 2660 1728 2691 43.
1746 2661 1770 2681 c.
1790 2659 1836 2688 14.
1856 2650 1963 2692 ilfzffo-

1083 2704 1149 2725 rum
1160 2702 1269 2734 quoque
1284 2691 1384 2731 caustis
1386 2692 1446 2731 sese
1461 2693 1628 2734 cognituros
1641 2691 1708 2731 effe,
1726 2691 1894 2732 &quorum
1909 2702 1962 2724 an-

1086 2741 1113 2766 te
1128 2732 1400 2773 emerirastipendia
1413 2735 1543 2776 gratiosa
1560 2731 1647 2772 mzffio
1660 2732 1717 2771 fibi
1734 2735 1799 2768 vila
1816 2733 1898 2774 effert,
1915 2743 1960 2765 eos

1085 2777 1189 2808 milites
1200 2774 1418 2818 fierijuffuros.
1455 2775 1563 2816 Pergit
1584 2774 1738 2815 Ulpianus
1754 2776 1782 2806 cl.
1802 2775 1830 2816 §.
1852 2786 1880 2807 2.
1897 2775 1916 2806 l.
1933 2785 1962 2807 2.

1087 2818 1142 2849 Est
1160 2817 1294 2849 causaria
1320 2826 1392 2857 quae
1411 2825 1544 2857 propter
1559 2817 1777 2849 valetudinem
1801 2817 1964 2848 laboribus

1086 2860 1205 2893 militiae
1223 2858 1327 2890 solvit.
1352 2857 1429 2890 Hoc
1446 2859 1598 2898 exemplo
1615 2861 1658 2889 ait
1674 2858 1846 2899 Apulejus,
1869 2859 1916 2889 lib.
1930 2868 1962 2897 4.

1086 2902 1211 2934 Metam.
1251 2900 1349 2932 Rebar
1365 2902 1440 2931 enim
1451 2901 1515 2942 jam
1529 2910 1571 2931 me
1585 2900 1697 2940 prorsus
1713 2901 1912 2931 exanimatum
1928 2908 1964 2930 ac

1085 2943 1200 2975 debilem
1216 2943 1318 2973 mereri
1335 2943 1496 2981 causariam
1513 2940 1674 2983 miffionem.
1700 2941 1846 2973 nimirum
1863 2939 1962 2972 causa-

1084 2986 1128 3017 ria
1146 2984 1246 3016 miffio
1259 2983 1374 3015 dicitur
1390 2993 1405 3014 a
1417 2985 1524 3015 causa:
1540 2993 1609 3024 quae
1628 2983 1673 3015 est
1685 2984 1796 3014 vitium
1808 2990 1861 3013 aut
1877 2990 1962 3013 mor-

1085 3027 1245 3065 bus‚cum
1265 3026 1349 3065 apud
1366 3025 1537 3064 Medicus,
1555 3034 1622 3056 tum
1640 3025 1670 3055 in
1687 3025 1707 3055 l.
1718 3034 1768 3063 54.
1785 3023 1828 3053 D.
1848 3024 1881 3053 cie
1895 3030 1960 3052 con·

1085 3069 1225 3100 trahenda
1239 3068 1379 3108 emptione
1395 3078 1404 3098 .·
1429 3077 1462 3098 ut
1480 3067 1603 3098 ostendi
1620 3066 1669 3097 lib.
1685 3076 1712 3097 2.
1733 3065 1848 3101 Observ.
1866 3073 1889 3093 c.
1907 3070 1961 3093 xt.

1085 3110 1215 3143 Deinde
1231 3110 1335 3150 inquit
1347 3107 1501 3148 Ulpianus
1520 3108 1612 3149 d.§.2
1624 3131 1633 3146 ,
1657 3106 1729 3137 Effe
1745 3104 1919 3135 missionem
1937 3106 1962 3134 1-

1084 3151 1317 3193 gnominiosam
1327 3160 1333 3181 ;
1344 3159 1480 3191 eamque
1491 3151 1610 3180 totiens
1621 3147 1682 3179 elle
1691 3169 1700 3184 ,
1712 3145 1860 3184 quociens
1871 3145 1895 3176 is
1905 3145 1961 3185 qui

1085 3194 1184 3225 mittit
1195 3217 1204 3229 .,
1222 3192 1309 3224 addit
1319 3191 1508 3223 nominatim
1520 3214 1528 3228 ,
1544 3187 1729 3231 ignominiae
1739 3188 1829 3216 caula
1846 3186 1875 3217 se
1889 3187 1961 3218 init-

1086 3243 1163 3269 tere.
1182 3234 1212 3269 &
1223 3233 1364 3271 causatur
1377 3231 1551 3275 Uipianus,
1568 3231 1699 3269 Semper
1716 3227 1834 3260 debere
1844 3228 1963 3301 adden-se}-

1926 3278 1933 3299 ι
1957 3287 1960 3289 ,
