2036 3495
161 128 205 162 14
576 112 933 150 GERARDI

820 197 1178 234 T1TuLus

990 100 1255 145 Nooxir

1316 109 1532 146 CoitM.

1237 198 1308 236 LV.

786 271 837 311 De
856 272 1133 320 Constitutionihus
1155 274 1344 322 Principum.

203 368 276 401 'Un
301 367 364 398 hoc
390 365 507 398 Tit-ulo
531 365 582 405 qui
602 362 667 401 est,
692 362 733 394 de
753 361 1045 395 Constitutionibus

164 374 211 445 S
230 409 432 449 Principum,
457 416 521 438 non
545 405 590 437 est
613 405 703 446 quod
728 403 885 435 desideres
914 414 1046 444 operam

162 461 284 483 meam:
303 450 447 490 exposita
457 449 508 480 illa
523 446 724 487 materiajam
743 444 834 486 supra
844 444 898 477 sub
908 444 1045 486 Titulo,

839 530 1189 565 T1TULUs

1087 361 1276 435 ΓΒονῇὲἐρβιέία
1291 364 1328 400 {3⁹
1349 364 1445 406 Jure,
1468 363 1501 396 in
1519 362 1720 395 enarratione
1739 361 1874 403 partium
1889 363 1964 404 juris

1102 413 1206 444 cripti.

1249 530 1298 566 V.

880 605 932 640 De
947 605 1040 641 Statu
1057 606 1237 641 Hominum.

205 699 357 734 NvENTo
378 700 460 740 Juris
474 697 568 730 fonte
582 703 680 736 atque
699 695 844 737 origine,
860 703 936 735 age,
960 703 1046 725 nunc

219 744 258 775 de
278 743 345 784 ipso
361 743 429 783 jure
447 741 650 781 disputemus.
667 737 764 768 habet
783 737 814 768 id
833 745 890 768 tria
909 736 1043 776 objecta.

163 785 262 826 Gajus
285 786 304 816 ί.
337 794 362 816 1.
388 784 416 814 b.
441 790 462 814 t.
487 791 550 819 ait,
574 789 671 810 omne
694 780 742 819 jus
769 779 822 809 vel
841 779 879 810 ad
897 778 1045 817 perituras

162 829 346 868 pertinere,
366 825 417 856 vel
433 825 471 855 ad
488 833 554 860 res,
574 822 626 852 vel
644 822 682 851 ad
700 820 851 852 actiones.
876 818 965 860 Quas
983 818 1046 850 Ga-

158 870 208 910 jus
234 875 330 899 vocat
354 866 524 907 personas,
550 862 689 894 Rub‘rica
714 862 861 893 homines
880 861 1045 901 indigitat,

162 909 305 942 traducta
323 908 556 950 significatione
574 915 591 935 a
609 904 796 935 comoeuiis:
813 904 844 934 in
864 903 977 942 quibus
989 902 1044 933 ho-

163 963 219 985 mo
238 952 290 983 hic
306 960 359 981 aut
376 950 429 981 ille
455 957 546 980 certo
571 947 634 978 oris
655 947 848 976 indumento
865 943 1044 985 designaba-

163 1004 226 1026 tur.
250 995 348 1033 idque
367 1001 383 1022 a
400 989 601 1032 personando
618 986 752 1028 persona
772 986 967 1017 vocabatur:
991 995 1042 1016 au-

164 1037 254 1068 Ctore
279 1037 317 1065 Λ.
347 1033 479 1071 Gellio,
502 1032 550 1062 lib.
568 1042 597 1070 5.
625 1028 716 1060 Asici.
744 1028 840 1059 Aine.
860 1037 883 1058 c.
904 1037 942 1067 7,
966 1027 995 1058 &
1013 1028 1044 1058 in

163 1078 276 1119 primis
295 1075 438 1107 Boethio
455 1075 503 1105 lib.
527 1073 574 1104 De
584 1074 697 1112 person.
716 1069 751 1104 ὃ)
768 1076 831 1114 nuc.
856 1069 955 1109 Igitur
972 1078 1044 1100 eum

163 1122 332 1152 hominum
355 1116 446 1148 causa·
473 1124 570 1147 omne
599 1114 648 1153 jus
673 1110 880 1143 constitutum
906 1110 941 1141 sit
958 1133 967 1150 ,
1004 1120 1044 1141 ex

162 1169 332 1203 praecepto
352 1157 606 1198 Hermogenianr
623 1154 642 1186 l.
661 1164 688 1185 2.
701 1154 730 1184 h.
743 1159 763 1185 ι.
791 1154 896 1192 primo
915 1153 954 1183 tle
972 1162 1043 1193 per-

165 1204 313 1235 sonarum
330 1200 428 1238 statu,
445 1197 548 1237 idest,
565 1196 773 1232 conditione,
790 1202 826 1224 ac
843 1192 914 1234 post
930 1194 970 1225 de
986 1203 1044 1224 cae-

165 1246 261 1283 teris,
287 1252 322 1275 ut
339 1251 387 1273 res
405 1241 542 1282 patitur,
567 1239 710 1269 dicemus
744 1235 799 1266 Est
815 1243 922 1280 autem
941 1234 1045 1275 perso-

163 1296 275 1319 narum
296 1286 409 1322 statu5‚
428 1283 456 1314 ὅ(
474 1289 608 1322 propter
623 1278 736 1310 statum
751 1277 798 1317 jus
818 1278 1044 1318 perlonarum,

164 1327 346 1368 multiplex.

205 1371 347 1403 Primum
364 1367 432 1398 sunt
447 1365 544 1406 aliqui
561 1362 729 1401 nascituri,
747 1361 798 1393 alii
817 1360 891 1392 nati.
909 1359 1043 1391 nascitu·
1066 1397 1069 1400 .

162 1412 188 1443 ri
206 1421 279 1443 cum
297 1418 397 1442 matre
414 1407 589 1447 comparati
601 1428 610 1443 ,
632 1413 706 1434 cum
723 1412 785 1444 qua
800 1404 966 1434 coliaerent
982 1411 1042 1433 ma-

163 1455 219 1485 tris
237 1453 286 1484 vel
303 1451 458 1482 viscerum
477 1449 585 1489 portio
606 1446 824 1483 habebantur,
848 1446 993 1475 nondum
1012 1453 1041 1474 a·

155 1496 285 1527 ’nimalia
298 1516 307 1531 ,
323 1501 384 1523 nec
400 1491 559 1521 homines.
581 1487 731 1526 idemque
748 1494 814 1516 erat
830 1487 913 1517 circa
930 1494 1041 1524 natos,

162 1536 312 1575 quamdiu
331 1542 395 1564 non
413 1531 514 1562 essent
533 1527 684 1568 suscepti,
709 1528 814 1567 alique
835 1527 921 1567 jussi:
944 1536 1041 1566 atque

162 1579 236 1609 inde
254 1585 319 1607 non
338 1575 442 1606 dicam
461 1570 610 1603 honestus
629 1577 682 1599 aut
697 1568 881 1608 laudabilis,
906 1569 958 1600 sed
974 1569 1040 1599 lici-

161 1627 233 1658 tus,
258 1618 290 1649 id
313 1615 375 1654 est,
401 1616 431 1646 in
458 1614 533 1645 foro
558 1611 706 1649 Romano
732 1611 924 1651 impunitus,
949 1610 1041 1654 matri

160 1662 193 1693 in
212 1661 262 1691 sua
279 1658 399 1690 viscera
416 1654 556 1688 saevienti
575 1653 725 1690 abortuS,
751 1653 855 1683 donec
883 1653 991 1683 Severi
1009 1653 1038 1683 ὁ(

157 1701 316 1736 Antonini
340 1698 580 1730 Constitutione
607 1694 774 1734 temporali
794 1694 891 1725 exilio
911 1697 1040 1733 coerce-

153 1753 245 1778 retur
262 1743 280 1774 l.
299 1751 329 1781 4.
351 1741 392 1772 D.
419 1742 452 1772 cie
478 1737 624 1770 extraord.
651 1737 764 1767 crimin.
785 1734 820 1769 ὅ)
836 1736 853 1766 t.
873 1746 922 1777 39.
945 1735 987 1766 D.
1005 1736 1037 1765 cie

152 1788 255 1829 poenis.
300 1784 407 1824 AEque
432 1782 516 1814 licita
541 1781 570 1810 ὅ(
596 1778 751 1817 impunita
775 1780 959 1818 parentibus
976 1776 1037 1808 fuit

157 1825 392 1869 sanguinolenti
415 1831 523 1864 partus
540 1819 715 1860 expolitio,
733 1819 888 1858 abjectio,
905 1818 1037 1850 suffoca-

158 1879 246 1902 catio
270 1876 367 1908 atque
385 1865 490 1904 elifio,
515 1870 617 1901 usque
633 1862 675 1905 ‘ad
694 1860 820 1901 lmppp.
842 1860 1037 1893 Valentinia-

157 1921 255 1949 num,
279 1909 451 1941 Valentem
467 1929 475 1945 ,
501 1905 530 1936 ἃ
548 1903 747 1934 Gratianum.
780 1912 828 1934 res
846 1902 1038 1934 detestabilis

161 1962 260 1994 atque
283 1949 462 1983 incredrlis:
486 1946 539 1978 sed
565 1952 639 1976 vera
656 1952 752 1984 atque
774 1944 813 1974 ab
832 1944 889 1976 illis
909 1947 1039 1975 deinum

159 1993 327 2035 prohibita
345 1993 363 2023 l.
381 1993 409 2023 8.
429 1991 461 2022 C.
489 1989 539 2020 Aa
563 1987 619 2028 leg.
642 1985 752 2017 cornel.
770 1986 802 2015 cie
814 1983 899 2024 ficar.
917 1986 952 2020 ἐξ
967 1985 986 2016 l.
1010 1995 1037 2018 2.

160 2033 195 2067 C.
224 2039 256 2066 cie
279 2035 391 2075 infant.
418 2033 509 2073 expos.
537 2026 803 2060 ut·uem0nss1·avi
819 2027 905 2068 Julio
924 2026 1038 2066 Paulo,

154 2076 220 2117 five
238 2077 284 2108 De
298 2083 403 2117 parius
418 2073 510 2115 expoJL
530 2071 566 2105 ὅ)
581 2078 657 2101 nece.
704 2068 755 2099 Sic
771 2070 801 2100 in
821 2079 909 2111 patre
927 2070 956 2100 ἃ
975 2078 1037 2100 ma-

154 2128 221 2151 tre.
253 2119 338 2150 Alias
356 2117 529 2148 noluerunt
550 2111 687 2144 Veteres
705 2110 823 2154 negligi
839 2110 925 2152 spem
942 2109 1038 2142 nasci-

160 2160 221 2192 turi
243 2158 398 2190 hominis:
424 2155 584 2194 arbitrati,
608 2153 639 2185 id
664 2152 845 2185 non1inere
865 2153 963 2184 finem
985 2152 1039 2182 hu-

159 2210 262 2235 manae
288 2199 544 2240 conjunCtionis:
569 2195 608 2227 ad
632 2195 720 2234 cujus
743 2196 874 2227 tutelam
899 2195 1040 2236 pertinet

161 2244 215 2286 qui
235 2242 263 2274 se
282 2251 363 2274 tueri
382 2241 493 2281 nequit
510 2239 622 2270 homo.
667 2237 718 2268 Ab
743 2236 802 2267 'nac
820 2237 909 2269 causa
926 2236 1038 2268 Paulus

160 2286 180 2317 l.
200 2295 229 2326 7.
247 2285 275 2315 l).
294 2290 314 2315 t.
331 2284 421 2324 (quae
438 2281 482 2313 est
498 2290 537 2312 ex
557 2280 626 2310 libro
637 2276 786 2319 fingulczri
802 2279 849 2310 De
860 2279 1038 2320 portionibus

160 2337 223 2369 quae
239 2326 334 2357 liberis
348 2328 551 2356 damnatorum
566 2321 783 2360 conceduntur)
807 2321 889 2364 Qnt,
914 2319 1017 2360 inquit
1027 2342 1037 2358 ‚

160 2379 192 2399 in
208 2374 287 2399 utero
302 2365 340 2406 es}
351 2391 359 2405 ,
371 2367 491 2407 perinde
507 2362 579 2401 cicfi
595 2364 626 2393 in
641 2364 723 2392 rebus
739 2364 873 2394 humanis
889 2362 970 2403 effa,
988 2371 1037 2392 cu-

153 2408 282 2450 fiodnur
293 2433 301 2449 ‚
326 2409 436 2450 quoties
452 2408 485 2438 de
501 2405 649 2437 commodis
664 2402 754 2443 ipfins
768 2412 872 2446 parcns
888 2405 1037 2446 qziaericnr.

161 2450 240 2482 Non
271 2452 367 2491 longe
393 2458 500 2491 petam
534 2447 743 2486 exemplum:
775 2446 816 2478 fic
844 2455 917 2478 ante
941 2445 1039 2486 patris

161 2494 398 2524 damnationem
417 2489 610 2530 concepti&
622 2487 693 2528 post
710 2489 792 2527 nati,
804 2489 971 2529 portiones
988 2495 1039 2516 ac·

162 2534 287 2574 cipiunt
309 2543 349 2564 ex
373 2533 465 2564 bonis
483 2531 623 2563 damnati
642 2530 739 2569 patris
762 2531 781 2560 l.
804 2539 829 2561 1.
847 2529 875 2571 ᾗ.
898 2539 923 2561 1.
945 2528 988 2560 D.
1006 2529 1039 2558 de

160 2576 224 2607 bon.
242 2577 339 2606 damn.
363 2574 435 2606 Effe
452 2575 515 2605 linc
533 2572 717 2612 exemplum
735 2571 825 2612 liujus
846 2572 929 2608 loci,
945 2579 1038 2610 appa-

162 2624 212 2648 ret
230 2625 270 2646 ex
288 2616 307 2646 l.
319 2625 346 2655 7.
365 2616 406 2647 D.
426 2617 459 2646 de
474 2617 552 2646 bonis
569 2616 789 2645 damnatorum:
804 2622 876 2644 nam
892 2612 944 2643 hic
960 2620 1039 2652 quo-

162 2666 226 2698 que
240 2657 328 2688 iocus
340 2657 384 2688 est
401 2667 439 2688 ex
457 2658 574 2688 eodem
584 2656 671 2688 Pauli
689 2656 737 2687 lib.
748 2654 900 2696 singulari
915 2653 963 2684 De
972 2660 1039 2693 por-

161 2700 285 2730 tionibus
301 2707 362 2739 qziae
379 2699 472 2728 liberis
489 2701 694 2729 damnatorum
710 2700 928 2729 conceduntur:
946 2695 975 2726 δι
992 2694 1038 2725 vi-

160 2741 255 2772 detur
273 2740 350 2770 olim
368 2739 525 2770 cohaefiss'e
543 2749 616 2770 cum
633 2739 804 2780 superiore.
824 2739 911 2779 plura
930 2744 1038 2767 exem-

161 2782 215 2823 pla
232 2780 339 2813 attulit
354 2779 494 2818 Julianus
511 2781 528 2810 l.
548 2785 597 2812 26.
615 2781 643 2812 l).
662 2787 684 2812 ι.
710 2781 871 2812 Caeterum
883 2779 950 2810 aliis
966 2786 1038 2818 pro-

160 2822 248 2855 dess'e
271 2829 413 2863 partum,
437 2829 604 2861 antequam
626 2822 788 2860 nascatur,
811 2829 906 2863 negat
923 2820 1037 2852 Paulus

162 2866 191 2896 d.
208 2865 227 2895 l.
243 2874 272 2904 7.
290 2864 318 2895 h.
336 2868 358 2894 t.
384 2862 413 2893 &
441 2861 538 2893 fuerit
562 2865 744 2904 exemplum
767 2865 798 2895 in
821 2863 1035 2894 Senatuscon-

158 2906 242 2938 sulto
265 2904 487 2946 Tertylliano:
513 2904 552 2934 de
577 2914 641 2944 quo
664 2908 705 2936 ita
724 2906 836 2937 Paulus
854 2905 902 2936 lii).
921 2914 951 2942 4.
967 2903 1036 2933 Sen-

160 2953 232 2979 ient.
250 2949 294 2978 lit.
311 2955 340 2983 9.
359 2946 388 2987 §.
410 2954 436 2976 1.
472 2943 588 2975 Matres
605 2953 665 2976 tam
679 2948 812 2988 ingenuae
827 2955 915 2987 quirin
929 2944 1036 2975 liberti-

162 2999 207 3020 πω
231 2991 306 3020 cives
324 2987 479 3024 Romanae,
503 2991 537 3016 nt
550 2986 601 3027 jns
617 2987 767 3018 liberorum
785 2991 939 3025 consecutae
955 2987 1036 3017 virle-

162 3036 269 3067 cintnr,
293 3035 336 3061 ter
353 3028 390 3063 ὃ)
404 3026 784 3069 quaterpeperrjffesnfficiec
795 3052 804 3067 ‚
827 3029 976 3060 dummodo
992 3029 1037 3058 vi-

160 3082 213 3102 vos
226 3071 346 3112 &pleni
361 3071 489 3111 temporis
502 3069 633 3109 pariam.
660 3068 797 3100 Primum
816 3071 885 3101 vult
902 3069 1036 3107 Paulus,

161 3114 299 3151 liberos,
317 3121 350 3143 ut
368 3111 459 3144 matri
476 3109 595 3151 prosint
611 3111 640 3140 in
658 3109 940 3142 Senatusconsulto
955 3109 1038 3141 Ter-

160 3155 313 3195 tylliano,
330 3153 392 3184 esse
409 3160 501 3184 natos
520 3153 624 3183 vivos
649 3150 718 3181 sane
736 3151 800 3189 ipse
815 3150 857 3181 fic
873 3153 917 3182 ait
933 3152 951 3181 l.
967 3161 1034 3187 129.

162 3196 206 3227 D.
226 3197 258 3226 cle
275 3197 353 3226 verb.
364 3194 470 3235 signif.
503 3192 571 3237 Qui
586 3190 908 3229 mortuimascuntur,
931 3201 1035 3232 neque

161 3238 246 3274 nati,
270 3246 374 3277 neque
402 3236 563 3277 procreati
587 3234 750 3267 videntur:
775 3235 846 3273 quia
865 3241 1035 3273 numquam

1088 695 1179 727 liberi
1196 694 1344 736 appellari
1364 702 1549 736 potuerunt.
1574 697 1705 730 Deinde
1722 697 1791 728 vult
1806 695 1919 729 Paulus
1934 695 1964 727 ci,

1088 737 1117 778 §.
1142 746 1153 767 1
1166 760 1175 776 ‚
1200 738 1286 777 pleni
1305 738 1458 777 temporis
1477 737 1539 770 ess'e
1556 748 1673 780 partus.
1699 740 1728 770 <St
1745 739 1771 779 §.
1791 750 1819 778 5.
1838 739 1899 775 ait,
1917 744 1961 767 ta-

1088 783 1151 810 lem
1164 787 1286 819 partum
1307 778 1368 809 effe
1380 778 1514 819 septimo
1531 780 1637 812 mense
1655 781 1752 821 pleno
1769 790 1821 810 aut
1834 780 1962 809 decimo

1087 829 1216 852 natum:
1233 822 1272 850 de
1284 829 1354 864 ,quo
1368 819 1641 860 sequente'I'itulo
1657 822 1849 862 diligentius.
1868 820 1963 860 quid,

1087 862 1109 894 fi
1129 861 1323 894 monstrosus
1339 860 1374 892 fit
1392 870 1498 902 partus
1514 871 1567 893 aut
1585 863 1810 904 prodigiosus?
1827 863 1869 892 ait
1889 862 1965 892 Pau-

1087 904 1135 936 Ius
1155 906 1183 934 d.
1203 904 1248 934 tit.
1266 902 1340 948 §.st
1359 902 1394 937 ἃ
1412 914 1448 942 4,
1466 905 1569 943 (unde
1586 904 1750 944 desumpta
1767 904 1811 935 est
1826 904 1845 934 l.
1869 912 1903 941 14
1932 904 1960 934 s).

1088 946 1132 986 t.)
1162 944 1240 976 Non
1257 944 1318 975 elle
1336 944 1455 975 liberos
1478 946 1531 984 qui
1549 955 1660 977 contra
1676 946 1813 977 formam
1832 946 1962 975 humani

1087 986 1214 1028 generis
1229 985 1386 1017 converso
1397 995 1486 1018 more
1501 995 1727 1027 procreantur,
1745 987 1844 1019 veluti
1861 986 1881 1018 si
1898 996 1963 1017 mu-

1088 1031 1146 1060 lier
1165 1027 1376 1060 monstrosum
1400 1029 1519 1068 aliquid
1539 1037 1592 1059 aut
1609 1028 1827 1070 prodigiosum
1844 1028 1879 1059 sit
1900 1028 1965 1059 eni-

1087 1080 1138 1102 xa.
1168 1070 1258 1103 addit
1283 1078 1389 1101 tamen
1405 1092 1414 1107 ‚
1438 1078 1563 1109 partum
1592 1071 1642 1110 qui
1667 1072 1885 1101 membrorum
1911 1071 1966 1100 liu-

1087 1119 1253 1144 manoruni
1270 1110 1376 1142 officia
1392 1112 1573 1151 ampliavit,
1589 1114 1787 1149 aliquatenus
1806 1112 1905 1142 videri
1917 1111 1965 1143 tf-

1087 1153 1228 1185 fectum:
1246 1153 1276 1184 «St
1294 1153 1369 1183 ideo
1387 1154 1470 1184 inter
1486 1154 1603 1185 liberos
1621 1155 1853 1185 connumerari.
1871 1152 1912 1183 fic
1931 1155 1962 1185 in

1086 1194 1371 1227 Senatusconsulto
1388 1193 1611 1236 Tertyllianoz
1634 1197 1664 1226 in
1684 1205 1749 1235 qno
1767 1196 1806 1225 de
1825 1195 1915 1226 lucro
1933 1204 1965 1225 a·

1087 1238 1140 1278 gi,
1159 1237 1243 1267 bene
1260 1235 1441 1267 observavit
1457 1236 1595 1276 jacobus
1615 1237 1761 1277 Cujucius
1779 1238 1815 1266 aci
1831 1237 1857 1266 d.
1876 1237 1965 1267 Pauli

1087 1281 1139 1310 boc.
1164 1278 1254 1309 aliter
1280 1287 1358 1308 vero
1376 1278 1525 1309 obtinere
1542 1280 1572 1309 in
1597 1278 1684 1318 Lege
1700 1278 1779 1317 julia
1801 1277 1829 1308 ἀ
1849 1276 1962 1316 Papia:

1088 1321 1127 1351 ad
1143 1328 1237 1360 quam
1255 1319 1382 1359 respicit
1399 1319 1417 1350 l.
1440 1328 1507 1360 135.
1527 1319 1569 1351 D.
1588 1322 1620 1350 cle
1638 1322 1715 1350 reri).
1728 1318 1807 1360 sign.
1839 1329 1909 1351 nani
1929 1320 1960 1350 in

1088 1371 1124 1393 ea
1142 1360 1287 1402 prodess'e
1305 1361 1422 1391 liberos
1443 1371 1536 1392 etiam
1556 1360 1770 1399 monstrosos,
1788 1369 1822 1391 ut
1840 1362 1963 1392 eviten-

1087 1411 1138 1434 tur
1162 1412 1266 1443 poenae
1290 1403 1476 1433 caducitatis
1503 1412 1573 1442 quae
1599 1402 1669 1434 sunt
1693 1401 1830 1440 odiosae,
1855 1411 1963 1442 eoque

1084 1444 1154 1475 visae
1175 1445 1312 1484 benigne
1330 1444 1524 1482 accipiendae
1543 1444 1656 1475 favore
1669 1451 1832 1484 parentum
1846 1444 1962 1483 quibus

1084 1486 1162 1517 nihil
1179 1485 1285 1526 potest
1303 1487 1470 1526 imputari:
1495 1489 1584 1527 quod
1603 1495 1636 1517 ut
1652 1492 1848 1526 potuerunt,
1869 1485 1966 1516 ssatu-

1085 1529 1124 1559 tis
1145 1528 1418 1566 obtemperarunt.

1126 1569 1234 1600 Altera
1251 1568 1418 1600 hominum
1436 1568 1547 1600 divisio
1565 1567 1653 1600 venit
1673 1577 1689 1598 a
1709 1567 1793 1598 sexu.
1812 1566 1920 1607 estque
1938 1568 1963 1600 is

1086 1611 1203 1651 duplex
1227 1610 1247 1641 l.
1262 1619 1342 1650 >195.
1369 1610 1410 1640 D.
1435 1612 1467 1641 cle
1486 1612 1563 1641 verb.
1582 1609 1656 1651 fign.
1684 1610 1713 1640 ὅ(
1729 1610 1767 1639 ab
1785 1618 1825 1639 eo
1844 1609 1963 1649 duplex

1085 1652 1201 1683 homo:
1225 1661 1290 1682 mas
1307 1660 1359 1682 aut
1375 1650 1508 1683 foemina
1526 1652 1545 1682 l.
1568 1661 1634 1691 152.
1653 1650 1695 1682 D.
1714 1652 1741 1681 ci.
1758 1656 1779 1681 t.
1804 1649 1871 1681 Nifi
1890 1660 1966 1690 prae-

1085 1702 1173 1725 tcrea
1190 1693 1235 1724 est
1252 1693 1551 1733 hermaphroditus,
1577 1694 1660 1724 idem
1682 1693 1800 1724 mixtus
1819 1701 1860 1723 ex
1875 1701 1964 1723 utro-

1063 1735 1154 1776 que.
1200 1734 1262 1780 Sed
1284 1736 1346 1774 jiim
1372 1734 1539 1766 observavi
1566 1735 1615 1766 lib.
1642 1744 1668 1765 1.
1698 1732 1843 1765 Probabil.
1862 1744 1884 1764 c.
1909 1742 1963 1772 12,

1080 1779 1194 1810 mixtas
1220 1778 1360 1816 species,
1384 1775 1462 1808 licut
1482 1776 1627 1807 constant
1646 1785 1687 1807 ex
1709 1775 1830 1806 duabus
1848 1774 1962 1815 simpli-

1080 1819 1191 1857 cibus,
1214 1827 1251 1848 ae
1276 1819 1377 1849 inodo
1402 1819 1431 1849 in
1458 1819 1557 1856 nane,
1579 1818 1678 1849 modo
1695 1818 1725 1848 iii
1745 1817 1849 1855 illam,
1873 1817 1964 1848 incli-

1081 1869 1177 1899 nant,
1202 1860 1245 1890 ita
1271 1860 1356 1890 recte
1383 1858 1436 1890 sub
1460 1859 1519 1890 bac
1544 1867 1597 1890 aut
1614 1860 1682 1897 iila,
1710 1859 1963 1898 compreliendi3

1082 1911 1188 1942 coque
1207 1901 1367 1941 duplicem
1386 1900 1453 1932 fieri
1472 1901 1659 1932 divisionem
1671 1909 1738 1940 quae
1757 1901 1897 1940 alioquin
1915 1899 1962 1931 est

1083 1944 1216 1984 triplex:
1241 1944 1271 1973 ὄῑ.
1294 1942 1396 1974 rursus
1422 1944 1495 1982 quia
1522 1943 1614 1974 tertia
1637 1941 1687 1972 seu
1713 1942 1812 1973 mixta
1839 1940 1963 1981 species

1083 1984 1181 2016 habet
1197 1984 1316 2024 aliquid
1336 1984 1375 2014 ab
1391 1993 1523 2024 utraque
1540 1984 1680 2024 simplice
1699 1982 1894 2023 separatum,
1917 1992 1959 2012 eo

1085 2036 1154 2067 quae
1180 2026 1328 2066 bipartita
1350 2024 1412 2056 fuit
1430 2025 1560 2063 divisio,
1585 2034 1651 2056 non
1667 2024 1770 2056 minus
1788 2024 1873 2055 reete
1894 2022 1963 2055 fieri

1085 2068 1288 2109 tripartitam.
1311 2065 1357 2097 Ut
1374 2075 1408 2097 ut
1425 2070 1504 2104 crit,
1523 2067 1565 2097 ait
1585 2069 1614 2097 in
1633 2065 1800 2107 propofito
1820 2065 1963 2106 Papinia-

1083 2119 1141 2142 nus
1159 2109 1178 2140 l.
1196 2118 1225 2145 9.
1243 2110 1271 2139 h.
1293 2114 1314 2140 t.
1335 2109 1366 2139 in
1385 2108 1492 2140 multis
1510 2108 1585 2148 juris
1601 2107 1698 2138 nostri
1714 2107 1854 2138 articulis
1873 2107 1963 2138 dete-

1083 2152 1148 2183 rior
1165 2150 1209 2182 est
1225 2151 1371 2180 conditio
1388 2149 1591 2181 foeminarum
1604 2172 1613 2188 ,
1627 2158 1721 2190 quam
1736 2147 1960 2180 masculorum.

1081 2192 1171 2224 Bene
1195 2192 1256 2230 ait,
1279 2191 1310 2222 in
1336 2191 1459 2223 multis:
1484 2191 1513 2223 δι
1532 2191 1602 2222 sunt
1618 2190 1768 2230 exempla
1785 2189 1805 2222 l.
1825 2199 1854 2220 2.
1872 2189 1913 2220 D.
1928 2191 1961 2220 de

1082 2244 1140 2277 reg.
1155 2235 1219 2275 jur.
1245 2242 1310 2264 non
1337 2232 1449 2265 dosunt
1472 2241 1602 2272 quoque
1627 2242 1644 2262 e
1668 2231 1794 2263 diverso
1811 2231 1961 2272 exempla

1081 2278 1114 2308 in
1133 2276 1247 2317 quibus
1273 2273 1319 2311 est
1336 2274 1449 2306 melior
1466 2273 1689 2312 foeminarum,
1712 2282 1806 2313 quam
1826 2274 1961 2304 marium

1082 2317 1247 2348 conditio:
1271 2323 1307 2348 ut
1324 2317 1355 2347 in
1372 2317 1391 2347 l.
1413 2325 1458 2347 12.
1477 2316 1509 2346 C.
1531 2315 1594 2359 Qui
1607 2320 1666 2355 pot.
1685 2315 1716 2345 in
1728 2316 1812 2356 pigri.
1832 2315 1909 2345 item
1927 2315 1960 2346 in

1081 2358 1363 2390 Senatusconsulto
1386 2357 1574 2398 Vellejano,
1599 2359 1628 2388 ez
1652 2356 1735 2387 alibi.
1768 2364 1960 2395 quamquam

1082 2401 1134 2432 vel
1153 2401 1236 2438 hoc,
1258 2398 1280 2431 si
1298 2400 1464 2437 attendas,
1490 2400 1581 2430 datur
1599 2407 1704 2429 earum
1724 2397 1959 2435 imbecillitati,

1081 2443 1112 2474 id
1131 2442 1194 2481 est,
1219 2442 1371 2472 deteriori
1389 2440 1579 2472 conditioni.
1619 2438 1671 2470 De
1693 2438 1959 2478 hermaphrodito

1081 2485 1248 2525 quaeritur,
1266 2483 1316 2513 cui
1332 2491 1403 2513 eum
1420 2480 1670 2522 comparemus?
1695 2480 1726 2510 ἀ·
1744 2487 1832 2519 putat
1851 2478 1961 2519 Ulpia-

1081 2535 1139 2557 nus
1157 2525 1177 2556 l.
1199 2533 1246 2556 10.
1263 2524 1292 2556 b.
1308 2529 1330 2556 t.
1363 2524 1462 2564 magis
1480 2522 1695 2554 aestimandum
1713 2521 1779 2560 ejus
1795 2521 1886 2551 sexus
1904 2521 1960 2560 qui

1082 2568 1112 2599 in
1131 2576 1172 2598 eo
1188 2566 1349 2606 praevalet.
1376 2571 1441 2606 quo
1461 2564 1560 2596 modo
1578 2563 1695 2594 Cicero
1715 2562 1762 2594 lib.
1780 2572 1809 2602 5.
1828 2561 1875 2592 De
1885 2561 1959 2602 fini-

1081 2611 1133 2640 hus
1149 2618 1172 2639 c,
1187 2617 1236 2648 30.
1262 2606 1313 2638 Ex
1326 2616 1373 2644 eo,
1394 2607 1469 2647 qnod
1486 2606 1627 2636 maximas
1639 2610 1739 2645 partes
1754 2605 1899 2644 continet,
1917 2604 1959 2635 la·

1082 2649 1236 2691 ziffiineqne
1244 2648 1392 2688 funditur
1402 2671 1412 2687 ,
1437 2653 1496 2678 tota
1512 2656 1555 2677 res
1572 2646 1743 2687 appellatur.

1125 2692 1227 2723 Porro
1251 2698 1286 2721 ut
1308 2689 1418 2727 sexus,
1441 2688 1483 2721 fic
1497 2696 1589 2727 aetas,
1614 2687 1760 2720 homines
1785 2685 1959 2727 distinguit.

1080 2734 1152 2766 sunt
1168 2733 1254 2765 enim
1271 2732 1322 2763 alii
1341 2732 1475 2771 majores
1492 2738 1586 2768 natu,
1609 2729 1660 2760 alii
1677 2729 1828 2761 minores.
1860 2729 1958 2768 majo-

1080 2785 1131 2808 res
1149 2775 1297 2806 dicuntur
1312 2772 1421 2814 egreffi
1437 2782 1551 2804 annum
1568 2771 1712 2812 quintum
1724 2768 1957 2809 &vicefimum‚

1082 2817 1125 2849 ob
1144 2815 1344 2856 completum
1360 2815 1482 2845 virilem
1500 2816 1655 2854 vigorem.
1687 2812 1796 2843 caeteri
1815 2813 1956 2843 minores

1079 2859 1279 2900 appellantur
1292 2857 1312 2888 l.
1335 2866 1361 2888 1.
1381 2856 1424 2887 D.
1439 2857 1472 2887 de
1488 2856 1619 2886 nzinorib.
1645 2854 1676 2885 hi
1704 2863 1783 2885 vero
1810 2853 1880 2884 sunt
1904 2860 1957 2884 aui:

1078 2900 1279 2941 impuberes,
1303 2907 1357 2929 aut
1379 2898 1526 2939 puberes.
1551 2896 1734 2937 impuberes
1760 2895 1813 2927 alii
1831 2893 1898 2926 sunt
1914 2895 1958 2924 in-

1078 2942 1201 2979 fantes,
1222 2942 1296 2981 quia
1314 2939 1371 2971 fari
1389 2949 1453 2971 non
1472 2937 1599 2980 possunt
1615 2938 1635 2969 l.
1660 2947 1685 2969 1.
1701 2937 1731 2979 ἓ,
1749 2947 1778 2968 2.
1798 2935 1840 2967 D.
1858 2936 1892 2966 de
1906 2934 1956 2965 ad-

1077 2986 1148 3015 min.
1168 2988 1224 3014 tut.
1248 2982 1356 3022 quales
1381 2990 1493 3013 omnes
1518 2980 1587 3011 sunt
1612 2979 1692 3010 infra
1718 2978 1884 3017 septimum
1902 2984 1956 3020 an7

1079 3035 1153 3057 num
1170 3025 1189 3055 l.
1210 3028 1256 3057 18.
1282 3024 1315 3055 C.
1343 3025 1376 3053 de
1391 3023 1457 3064 jur.
1487 3022 1569 3052 delib.
1593 3030 1658 3060 quo
1686 3017 1841 3058 compleri
1866 3016 1956 3061 sanzlr.

1079 3066 1290 3108 potestatem,
1310 3064 1409 3096 refert
1426 3063 1560 3096 Isidorus
1578 3063 1624 3093 lib.
1647 3070 1693 3094 11.
1711 3060 1793 3098 Orig.
1813 3066 1835 3087 c.
1852 3066 1881 3088 2.
1902 3057 1954 3087 alii

1078 3108 1219 3150 proximi
1238 3107 1419 3147 pubertati:
1437 3106 1490 3146 qui
1510 3104 1578 3135 sunt
1596 3111 1696 3143 prope
1712 3099 1915 3143 pubertatem
1933 3098 1954 3143 l.

1079 3161 1108 3189 4.
1125 3149 1154 3191 §.
1174 3153 1222 3181 26.
1243 3148 1285 3180 D.
1305 3150 1338 3179 cle
1352 3148 1408 3179 doli
1424 3147 1494 3178 mali
1518 3146 1553 3180 ὅ)
1570 3149 1634 3174 met.
1656 3145 1762 3185 eir-cept.
1795 3147 1872 3170 item
1898 3148 1953 3179 qur

1078 3201 1143 3222 non
1169 3191 1305 3222 multum
1331 3199 1347 3219 a
1374 3189 1494 3229 pubere
1517 3194 1609 3217 aetate
1626 3182 1736 3213 absunt
1751 3180 1771 3211 l.
1793 3189 1837 3218 14.
1859 3178 1902 3211 D.
1919 3181 1953 3210 de

1078 3233 1230 3266 Senatum.
1247 3231 1341 3265 Silan.
1359 3230 1391 3262 id
1410 3228 1454 3261 est
1466 3251 1476 3268 ‚
1494 3228 1546 3268 qui
1561 3226 1623 3266 jain
1641 3222 1710 3257 sunt
1730 3222 1885 3254 tredecim
1899 3230 1953 3293 gg-
