2036 3495
467 109 538 146 Da
579 109 780 146 Pie-rxs
822 118 886 145 ΕΤ
929 108 1487 150 TRANSAcTIONrssus.

129 200 174 232 Sit
192 199 374 240 exemplum
391 209 431 231 ex
445 199 465 230 l.
483 208 532 239 25.
552 197 585 228 C.
603 197 637 228 de
646 194 752 237 patris.
784 195 890 228 Titius
908 207 959 228 va·

89 243 154 274 rios
172 242 269 273 habet
287 241 473 272 creditores.
502 240 528 270 is
544 237 650 270 Titius
666 237 820 276 moritur,
844 239 958 270 relistis

89 284 230 324 pluribus
248 282 426 314 heredibus.
451 280 483 312 hi
495 304 504 319 ,
521 278 624 325 diviso
639 279 723 325 inter
740 289 797 310 eos
809 279 875 318 ipso
890 281 959 320 jure

91 324 233 356 desunffl
255 333 315 354 aere
340 323 443 354 alieno
467 331 525 363 pro
540 319 742 361 portionibus
761 320 958 352 hereditariis

92 375 132 397 ex
150 367 218 406 lege
238 365 420 396 Duodecim
432 362 647 399 Tabularum,
663 361 745 392 inter
759 361 955 401 sepaciscun-

93 415 160 438 tur:
186 416 221 438 ut
238 415 315 437 unus
333 406 426 444 huic,
444 406 519 436 alius
537 403 587 434 alii
606 403 755 447 creditori
774 403 803 433 in
823 402 956 435 solidum

89 448 290 488 respondeat.
309 447 476 486 quaeritur,
492 454 529 476 nn
546 453 582 475 ea
599 443 702 484 paQio
721 452 839 474 noceat
856 445 956 476 credi-

91 489 230 521 toribus:
255 488 460 523 malentibus,
483 485 619 526 fingulos
646 493 705 525 pro
730 486 880 524 portione
902 486 956 517 he-

87 530 234 561 reditaria
258 529 431 560 convenire
450 528 467 558 ἱ)
489 527 550 558 Sed
575 535 638 557 non
664 527 770 566 placet
787 549 797 565 ,
827 536 956 558 nocere.

90 580 155 602 non
174 572 257 602 enim
275 570 388 609 patitur
406 568 505 600 Edisti
521 568 653 606 aequitas
665 590 674 606 ,
690 568 885 599 creditorum
905 578 955 608 pe·

88 613 235 643 titionem
253 612 433 643 debitorum
451 609 650 649 pastionibus
668 617 721 639 aut
736 609 805 640 tolli
819 618 871 640 aut
889 619 954 640 mu-

93 655 159 684 tari.
185 653 333 691 recteque
350 652 391 682 ait
410 650 506 690 Gajus
525 651 543 680 l.
562 660 591 690 3.
611 649 653 681 D.
674 649 799 680 Familiae
813 651 954 690 erciscun-

86 696 144 732 dre,
162 694 290 725 liberam
307 701 434 723 manere
450 691 662 723 creditoribus
672 690 863 731 potestatem
880 700 953 723 cum

84 734 210 774 fingulis
231 734 428 773 experiundi.

123 776 237 806 Similis
253 774 383 814 quaestio
397 774 507 812 est‚an
522 773 647 813 pastum
661 774 870 814 quorumdam
887 782 952 804 cre·

86 817 224 848 ditorum
243 826 313 847 cum
332 815 492 848 communi
511 816 658 846 debitore
675 815 790 846 faCtum
803 837 813 853 ‚
836 822 954 845 noceat

86 859 151 890 aliis
174 857 203 889 ei
229 867 291 889 non
310 856 607 889 consentientibus?
630 855 672 887 Et
689 855 709 887 fi
726 854 879 887 solvendo
899 856 952 885 de-

86 899 171 930 bitor
186 898 239 930 sit:
257 900 356 939 palam
373 898 434 937 est,
451 907 515 930 non
533 907 650 929 nocere
667 897 714 927 his
730 896 863 937 quinon
878 905 954 942 cqon-

84 939 245 972 senserint.
278 940 330 971 sed
355 939 457 980 finge,
481 948 545 970 non
573 937 634 970 esse
658 937 811 969 solvendo
828 937 952 982 debito-

85 991 171 1020 rem3
197 981 225 1012 δι
251 982 377 1012 interim
402 981 598 1012 creditorum
623 988 743 1019 partem
770 977 952 1024 consentire

85 1022 254 1054 rcmiffioni
273 1022 441 1062 aliquantae
466 1021 622 1061 portionis
637 1020 746 1051 debiti.
771 1020 846 1060 quid
865 1019 951 1065 dice-

83 1072 171 1101 mus,
196 1063 360 1101 nimirum,
383 1073 451 1094 earn
474 1063 654 1104 pactionem
671 1059 779 1106 obess‘e
795 1060 951 1105 consenti-

84 1105 227 1142 entibus;
249 1105 373 1135 caeteris
398 1114 462 1136 non
487 1103 625 1135 obstare:
650 1103 734 1133 nulla
751 1100 949 1147 differentia,

83 1154 187 1177 utrum
214 1145 250 1177 lit
274 1146 398 1185 pactum
421 1152 616 1176 conventum
641 1152 714 1174 cum
738 1152 862 1174 minore
878 1164 887 1179 ,
906 1150 948 1188 'an

83 1196 157 1217 cum
183 1187 302 1227 maJ‘ore
323 1187 517 1218 creditorum
543 1193 639 1224 parte.
672 1192 841 1228 numquam
863 1191 947 1229 enim

83 1227 184 1258 servat
210 1228 331 1259 Praetor
355 1227 442 1267 pacta
466 1235 627 1258 conventa
651 1234 720 1265 quae
736 1224 851 1264 regulis
867 1223 947 1263 Juris

81 1277 147 1300 rata
166 1278 229 1300 non
245 1268 412 1299 habentur.
763 1304 768 1310 Ι

121 1309 214 1341 Hoc:
237 1309 258 1340 fi
275 1310 315 1340 de
332 1309 421 1340 sortis
436 1307 615 1339 remiffione
631 1308 850 1337 conveniatur.
875 1314 946 1336 narn

80 1350 101 1382 fi
118 1359 224 1390 agatur
241 1351 281 1380 de
299 1350 432 1382 induciis
453 1347 759 1389 quinquennalibus3
784 1348 876 1393 aliter
901 1347 946 1378 di-

81 1393 217 1426 cendum
233 1391 295 1422 est:
317 1400 381 1423 non
407 1400 447 1422 ex
470 1389 573 1421 forma
590 1389 679 1429 hujus
694 1388 815 1427 Edist13
839 1387 889 1418 sed
906 1397 947 1419 ex

81 1429 318 1464 Constitutione
336 1432 416 1471 Imp.
434 1430 612 1472 Justiniani:
637 1430 824 1462 humanitati
842 1429 946 1460 dantis

80 1474 111 1505 in
130 1473 308 1514 propofito:
333 1482 366 1504 ut
381 1473 475 1511 sinat,
497 1481 514 1502 a
530 1472 610 1512 Juris
627 1472 741 1512 regulis
762 1470 886 1508 recedi,
910 1479 946 1501 ac

78 1515 232 1546 minorem
256 1515 450 1546 creditorum
474 1520 613 1551 partem,
638 1513 734 1557 quod·
749 1511 810 1543 sine
828 1520 944 1557 magno

76 1555 132 1587 suo
149 1557 263 1586 damno
281 1555 386 1587 facere
402 1554 513 1594 possit,
529 1553 614 1594 sequi
628 1553 752 1592 maioris
768 1560 863 1592 partis
879 1555 943 1584 len·

77 1596 209 1628 tentiam
228 1597 247 1628 l.
265 1597 319 1628 ult.
342 1596 374 1627 C.
401 1595 463 1640 Qui
480 1597 557 1626 bonis
573 1596 665 1625 cedere
680 1593 806 1635 poffunt.

119 1637 173 1669 Est
189 1637 217 1669 &
232 1638 282 1669 illa
298 1636 448 1678 quaestio:
464 1646 501 1667 an
518 1636 622 1667 valeat
638 1635 761 1676 pastum
777 1634 865 1674 quod
879 1643 946 1666 non

79 1678 144 1719 ipse
161 1679 305 1717 debitor,
323 1678 374 1710 sed
391 1679 455 1718 ejus
470 1677 561 1708 heres
576 1675 744 1717 suspectam
756 1675 875 1707 habens
891 1676 945 1707 he-

77 1721 244 1751 reditatem
261 1720 314 1751 sibi
330 1729 369 1750 ex
386 1718 594 1756 testamento,
609 1726 662 1748 aut
674 1718 712 1748 ab
727 1716 876 1761 intestato
891 1717 945 1748 de-

77 1760 173 1792 ]atam
185 1768 275 1798 ‚ante
285 1760 516 1792 immixtionem
534 1759 748 1795 aditionemve
763 1757 859 1789 faciat
873 1766 945 1790 cum

77 1801 288 1832 creditoribus
308 1801 504 1832 hereditariis
522 1801 553 1831 in
569 1807 691 1840 partem
713 1799 822 1831 debiti.
866 1798 945 1831 Non

77 1842 122 1873 est
142 1842 290 1880 dubium,
313 1843 388 1883 quin
413 1842 514 1873 valeat
533 1844 617 1873 inter
635 1851 690 1873 eos
707 1842 759 1882 qui
780 1839 944 1872 consense-

76 1885 140 1915 rint
156 1884 175 1915 l.
196 1893 224 1924 7.
243 1883 272 1925 §.
296 1893 340 1924 17.
358 1883 399 1914 D.
423 1885 456 1914 de
467 1882 571 1923 patris.
604 1881 657 1914 sed
682 1881 861 1923 quaestionis
879 1882 942 1921 est,

76 1933 114 1956 an
140 1925 323 1964 praejudicet
347 1925 468 1957 caeteris
493 1924 629 1965 quinon
648 1922 887 1970 consenserint?
911 1923 943 1954 Si

75 1966 114 1997 ad
127 1965 270 2006 Edictum
285 1965 502 2006 respiciamus:
518 1974 583 1997 non
597 1965 852 1996 oberitcaeteris:
871 1965 944 2004 quia

76 2006 122 2039 est
137 2006 283 2039 adversus
300 2008 422 2048 regulas
437 2006 536 2046 Juris,
561 2006 674 2046 quibus
691 2006 816 2046 placet,
839 2007 944 2046 priva-

75 2055 178 2079 torum
197 2048 294 2087 pactis
311 2058 374 2079 non
394 2048 462 2080 laedi
478 2048 525 2087 jus
542 2055 742 2078 caeterorum.
766 2047 829 2078 Sed
848 2046 942 2078 subti-

74 2089 155 2120 litati
167 2089 268 2121 Editti
285 2089 412 2129 praelata
429 2089 473 2120 est
489 2089 570 2120 ratio
587 2088 754 2128 adjuvandi
771 2088 941 2127 heredem,

76 2129 296 2163 conservandae
315 2130 408 2162 famae
424 2129 564 2162 defuncti
581 2131 681 2170 gratia
695 2138 857 2169 paratum,
881 2128 941 2161 sus-

73 2171 194 2210 pectam
209 2172 417 2204 hereditatem
434 2172 536 2202 adire:
553 2179 589 2202 ea
601 2171 808 2210 conditione,
826 2177 860 2200 ut
875 2179 941 2201 cre-

76 2211 230 2244 ditoribus
245 2213 407 2244 dumtaxat
423 2220 543 2252 partem
557 2211 682 2251 praestet
697 2212 716 2243 l.
737 2221 784 2252 23.
805 2211 846 2242 D.
867 2210 941 2256 Qgice

74 2253 107 2282 in
125 2253 264 2291 fraudem
287 2254 467 2285 creditorum.
499 2252 580 2284 hanc
595 2253 825 2294 benignitatem
844 2260 939 2284 etiarn

75 2294 318 2325 commendabat
344 2294 460 2325 utilitas
483 2294 617 2332 plurium
636 2295 851 2325 creditorum:
875 2295 940 2325 exi·

72 2333 282 2373 stimantium,
306 2334 355 2366 sua
372 2334 536 2374 interesse,
558 2335 693 2375 aliquem
712 2334 773 2366 esse
788 2334 940 2366 heredem

75 2384 169 2414 quem
196 2377 400 2407 conveniant.
433 2383 585 2416 praeterea
608 2385 733 2416 aequum
752 2376 939 2416 putabatur:

74 2425 115 2446 ne
138 2425 309 2456 paucorum
333 2416 462 2449 stultitia
485 2424 538 2448 aut
554 2416 683 2448 avaritia
699 2417 833 2457 plurium
851 2426 939 2448 corn-

74 2459 168 2487 moda
191 2466 376 2490 moraretur.
422 2458 569 2490 Debetur
586 2467 691 2489 tamen
705 2468 742 2489 ea
758 2459 938 2490 moderatio

74 2495 255 2536 Principum
279 2499 582 2531 Constitutionibus.
614 2500 758 2531 meminit
783 2498 938 2540 Ulpianus

76 2536 96 2566 l.
116 2545 158 2569 10.
176 2538 216 2569 D.
232 2542 264 2570 de
275 2540 366 2581 pastis
382 2539 535 2581 Rescripti
552 2540 593 2570 D.
605 2541 652 2572 Pii
664 2564 673 2579 ,
688 2541 781 2572 etiarn
798 2540 840 2572 D.
850 2540 937 2572 Mar-

77 2577 126 2614 ci,
151 2577 324 2620 formaeque
352 2582 392 2613 ab
408 2591 448 2612 eo
466 2591 554 2613 novo
572 2581 646 2612 huic
662 2582 720 2621 juri
740 2583 829 2613 datae.
862 2582 938 2622 quid

78 2625 181 2649 autem
196 2621 273 2652 velit
287 2631 322 2652 ea
337 2620 439 2652 forma
450 2645 459 2660 ‚
475 2621 568 2654 facile
584 2623 684 2663 liquet
701 2633 741 2654 ex
756 2623 774 2654 l.
791 2633 819 2664 7.
836 2623 864 2664 §.
882 2623 938 2654 ult.

76 2657 119 2703 D.
136 2659 193 2688 eod.
209 2661 254 2690 tit.
272 2662 323 2692 ubi
339 2663 380 2693 ait
397 2661 548 2701 Ulpianus
559 2687 570 2702 ,
586 2664 666 2695 hanc
682 2664 862 2704 pactionem
881 2665 936 2695 ho-

77 2699 128 2743 die
140 2722 147 2735 ,
161 2699 192 2730 id
210 2700 269 2738 est,
285 2701 379 2733 hodie
395 2702 465 2742 post
479 2701 519 2735 D.
533 2704 633 2735 Marci
646 2705 916 2736 Constitutionem
928 2728 937 2743 ,

76 2746 116 2770 ita
131 2740 258 2786 demum
272 2742 378 2773 obesse
393 2745 619 2777 creditoribus:
635 2745 655 2776 si
671 2755 782 2778 omnes
797 2747 826 2778 in
842 2755 937 2777 unum

75 2789 302 2825 convenerint,
327 2783 356 2814 δι
381 2787 541 2816 communi
558 2786 788 2819 declaraverint
804 2787 936 2819 consen-

74 2823 126 2858 iu,
151 2830 247 2861 quota
274 2823 370 2854 debiti
398 2832 484 2863 parte
499 2826 606 2858 ⁴velint
624 2831 768 2860 contenti
785 2828 861 2860 effe:
885 2829 935 2860 vel

73 2862 214 2902 Praetor,
238 2864 298 2894 illis
322 2863 590 2904 dissentientibus,
613 2868 775 2901 decretum
794 2871 935 2910 interpo-

75 2903 168 2934 suerit
183 2913 222 2935 ex
241 2905 404 2936 voluntate
422 2906 543 2944 majoris
559 2909 666 2946 partis.
689 2917 757 2949 quae
775 2918 881 2942 autern
901 2910 936 2941 fit

73 2945 171 2984 major
187 2955 276 2984 pars,
299 2944 409 2976 definit
430 2945 615 2986 Papinianus
639 2949 657 2979 l.
676 2953 712 2987 8,
736 2950 766 2981 &
783 2951 896 2983 Paulus
915 2951 936 2982 l.

72 2995 101 3021 9.
126 2985 166 3017 D.
183 2987 239 3017 eod.
256 2987 303 3017 tit.
331 2996 391 3017 nec
410 2987 497 3026 plura
514 2988 553 3018 ad
569 2987 649 3019 hanc
671 2998 791 3029 partem
816 2991 935 3023 defide-

72 3036 132 3058 res.
161 3026 241 3059 Illud
261 3027 312 3068 qui
329 3027 538 3059 dislimulem‘?
561 3030 645 3068 quod
661 3029 701 3061 fic
717 3031 855 3070 loquitur
875 3032 934 3063 Re-

72 3066 221 3108 scriptum
245 3067 286 3099 D.
306 3067 429 3101 Marci:
453 3068 537 3108 quasi
560 3079 708 3109 oporteat
731 3080 842 3103 omnes
858 3082 934 3104 con-

72 3110 181 3141 venire
212 3110 398 3141 creditores.
449 3109 511 3141 Sed
541 3110 623 3150 finge
640 3133 650 3150 ,
681 3111 742 3144 esse
773 3112 934 3146 absentes:

72 3150 147 3188 quid
163 3150 328 3183 dicemus?
353 3150 410 3182 hos
428 3150 511 3191 sequi
528 3152 726 3190 praesentium
742 3156 934 3195 exemplum.

72 3190 195 3232 Aliquis
220 3199 329 3233 putet,
352 3201 476 3235 aequum
503 3192 581 3233 effe,
605 3194 702 3227 audiri
726 3204 838 3233 omnes
853 3206 934 3238 quos

1801 129 1870 164 447

1004 197 1093 229 causa
1107 200 1293 240 contingat:
1317 201 1450 241 potuiss'e
1473 201 1567 234 etiarn
1584 203 1757 237 absentium
1776 206 1872 238 ratio-

1004 248 1096 278 nem,
1112 239 1134 272 fi
1149 239 1334 281 adfuiffent,
1352 251 1487 275 caeteros
1501 243 1630 276 trahere
1646 245 1677 277 in
1695 246 1785 278 aliam
1804 246 1871 280 sen-

1003 282 1144 312 tentiam.
1162 283 1314 321 proinde,
1332 291 1365 315 ut
1383 293 1446 316 non
1463 283 1561 317 fuerit
1578 285 1720 325 necesse,
1737 297 1870 329 omnes,

1001 321 1022 352 fi
1040 322 1279 362 convenissent,
1298 325 1496 358 consentire:
1519 333 1550 357 at
1567 328 1741 367 oportuisse
1756 338 1869 362 omnes

1001 365 1186 394 convenire.
1203 365 1265 396 Sed
1283 365 1365 397 hane
1380 365 1565 399 sententiam
1584 371 1682 408 prima
1701 369 1784 402 facie
1802 380 1868 403 non

999 404 1260 444 improbabilem,
1286 407 1405 439 refellit
1430 407 1582 448 Ulpianus
1608 411 1635 441 cl.
1654 411 1673 442 l.
1694 420 1740 442 10.
1767 411 1810 443 D.
1835 414 1870 443 de

997 444 1106 482 paffls:
1129 446 1329 487 Rescriptum,
1353 449 1518 487 inquiens,
1540 450 1584 481 D.
1603 450 1704 482 Marci
1720 451 1763 490 fic
1779 453 1869 494 loqui-

999 491 1067 525 tur,
1112 487 1172 524 anfi
1186 498 1278 519 omnes
1293 490 1444 522 creditores
1458 491 1577 522 debeam
1592 494 1751 524 convenire.
1780 494 1864 537 Q‘id

998 536 1062 568 ergo
1073 496 1108 565 J?
1116 529 1232 568 quidam
1246 531 1370 569 absentes
1381 530 1468 568 fine?
1485 540 1557 562 num
1571 534 1730 572 exemplum
1744 541 1865 574 praeserz-

998 569 1071 599 rium
1089 571 1215 608 absentes
1224 572 1311 612 sequi
1325 571 1466 603 debeam?
1490 571 1774 613 interrogationem
1787 599 1797 614 ‚
1819 577 1865 608 in-

998 610 1086 650 quis.
1110 611 1224 642 video:
1248 612 1481 653 responsionem
1499 622 1563 646 non
1583 614 1689 646 video.
1725 615 1786 647 Sed
1805 626 1867 649 ma·

997 650 1120 682 nifestae
1144 653 1387 694 interrogationi
1413 656 1508 685 tacita
1534 655 1668 687 inhaeret
1684 657 1865 698 responfi03

997 691 1053 722 etsi
1074 702 1137 723 non
1153 702 1301 733 appareat
1319 695 1439 734 palam:
1465 695 1572 727 usitata
1589 696 1741 736 loquendi
1760 698 1865 731 forma

996 732 1069 763 alibi
1082 732 1190 773 saepius
1208 743 1287 766 ame
1303 743 1462 768 annotata.
1489 736 1565 768 Vult
1581 738 1674 778 igitur
1692 737 1864 779 Ulpianus,

997 782 1108 818 omnes
1124 775 1299 807 creditores
1316 779 1500 809 convocari.
1524 777 1575 810 sed
1591 787 1705 820 negat,
1729 781 1866 812 necessa-

998 823 1072 845 riam
1097 816 1239 847 omnium
1267 817 1462 854 praesentiam
1488 818 1566 852 effe:
1590 829 1630 851 ne
1654 823 1864 861 quorumdam

996 864 1085 886 mora
1094 853 1166 894 fiat,
1178 864 1211 886 ut
1229 858 1294 888 aliis
1305 859 1455 898 depereat
1464 860 1588 892 occasio
1600 859 1740 894 servandi
1751 863 1863 895 debiti.

1037 895 1169 942 Certum
1198 898 1333 943 (35]ῑᾴςωὶ
1351 900 1415 930 hoc
1439 900 1582 941 respectu
1598 912 1708 935 eorum
1727 904 1780 942 qui
1796 914 1863 937 non

995 935 1063 966 sunt
1080 937 1294 977 prlvssegial'll.
1315 938 1366 970 sed
1386 941 1479 979 quid,
1495 941 1516 973 si
1536 944 1613 975 tales
1633 943 1717 976 sint?
1732 944 1800 977 filet
1817 945 1862 978 D.

994 977 1136 1009 Marcus.
1160 986 1191 1009 at
1207 977 1359 1016 Ulpianus
1375 982 1403 1011 d.
1419 981 1439 1012 l.
1460 991 1505 1014 10.
1524 992 1632 1022 purat,
1648 986 1742 1018 etiarn
1757 985 1805 1018 his
1816 1011 1825 1026 ,
1841 987 1863 1018 fi

993 1028 1058 1050 non
1082 1019 1219 1050 habeant
1246 1020 1467 1061 hypothecas,
1491 1023 1688 1063 praesentium
1711 1026 1864 1060 consensu

992 1060 1208 1100 praeJudicium
1230 1059 1310 1092 fieri.
1344 1064 1448 1094 movit
1467 1073 1538 1096 eum
1555 1065 1726 1105 praesertim
1743 1067 1865 1101 Rescri-

991 1108 1082 1140 ptum
1101 1100 1143 1132 D.
1163 1102 1229 1134 Pii:
1251 1101 1409 1142 jubentis,
1431 1102 1539 1137 fiscum
1557 1116 1686 1147 quoque
1701 1109 1732 1140 in
1748 1109 1795 1142 his
1811 1119 1864 1142 ca·

991 1141 1091 1180 fibus,
1114 1143 1145 1174 in
1168 1142 1281 1182 quibus
1307 1142 1510 1184 hypothecas
1527 1156 1591 1180 non
1610 1148 1726 1188 habet,
1751 1150 1781 1182 ὅς
1803 1161 1863 1182 cae-

992 1189 1079 1214 teros
1105 1183 1336 1225 privilegiarios
1352 1185 1437 1223 sequi
1454 1188 1637 1227 exemplum
1654 1191 1862 1225 creditorum.

989 1223 1088 1264 Atqui
1105 1224 1255 1256 vetustius
1269 1224 1314 1257 est
1324 1226 1388 1257 hoc
1398 1226 1598 1268 Rescriptum
1607 1228 1709 1261 forma
1720 1229 1764 1262 D.
1775 1232 1862 1265 Mar-

989 1264 1029 1295 ci.
1056 1263 1194 1305 Ulpiano
1209 1274 1313 1298 tamen
1331 1268 1370 1299 ad
1386 1267 1467 1300 hanc
1481 1270 1705 1303 retrahendum
1717 1272 1860 1307 videtur:

989 1307 1140 1346 exemplo
1155 1307 1260 1348 legum
1276 1309 1307 1340 in
1325 1309 1436 1349 quibus
1450 1309 1493 1341 fic
1506 1310 1682 1351 observari,
1703 1311 1814 1347 Paulus
1829 1315 1861 1347 ὅτ,

988 1346 1206 1380 Tertullianus
1223 1350 1350 1382 tradunt
1363 1350 1382 1382 l.
1399 1360 1448 1390 27.
1466 1350 1503 1386 ἐξ
1520 1356 1569 1386 23.
1589 1351 1630 1385 D.
1646 1354 1680 1384 de
1696 1354 1812 1395 legibus.

1014 1387 1131 1435 ‘Caute
1148 1397 1254 1422 tamen
1269 1391 1301 1423 in
1317 1392 1346 1423 d.
1363 1392 1384 1424 l.
1405 1401 1449 1424 10.
1473 1394 1657 1434 accipienda
1675 1394 1719 1426 est
1736 1396 1787 1428 illa
1803 1396 1860 1429 Ul-

990 1431 1072 1469 piani
1098 1430 1255 1464 definitio.
1284 1441 1349 1464 non
1371 1435 1456 1464 enim
1480 1434 1543 1472 ait,
1567 1434 1746 1468 absentibus
1774 1437 1860 1470 suum

990 1471 1191 1512 privilegium
1216 1482 1252 1504 ea
1276 1473 1472 1506 creditorum
1497 1475 1644 1514 pactione
1666 1477 1793 1511 auferri.
1826 1481 1858 1512 id

989 1521 1120 1553 quoque
1139 1523 1205 1545 non
1228 1514 1271 1545 ita
1287 1513 1368 1552 effe,
1391 1515 1579 1556 intelligitur
1600 1526 1642 1547 ex
1658 1517 1755 1550 Paulo
1773 1519 1792 1550 l.
1809 1526 1861 1561 58.

988 1552 1016 1594 §.
1036 1562 1062 1584 1.
1089 1553 1132 1586 D.
1150 1554 1302 1586 Mandaei.
1321 1563 1443 1587 tantum
1462 1556 1504 1587 ait
1520 1555 1694 1597 Ulpianus,
1716 1559 1800 1598 ipsos
1816 1561 1861 1595 se.

989 1595 1041 1634 qui
1053 1594 1252 1635 praesentium
1269 1597 1462 1629 creditorum
1479 1598 1682 1638 exemplum:
1697 1599 1730 1631 id
1745 1600 1808 1640 est,
1825 1612 1860 1634 o·

988 1644 1119 1676 portere
1144 1636 1206 1668 effe
1229 1637 1331 1668 debiti
1352 1645 1441 1678 parte
1465 1646 1648 1672 contentos.
1678 1642 1814 1680 proinde
1836 1642 1859 1676 fi

988 1676 1121 1709 univerfi
1139 1678 1316 1710 creditores
1331 1687 1492 1719 nequeant
1507 1680 1646 1713 debitam
1663 1680 1788 1723 singuiis
1804 1693 1859 1716 eo-

988 1727 1057 1749 rum
1081 1727 1222 1758 partem,
1246 1719 1318 1760 post
1341 1720 1521 1761 pactionem
1545 1722 1659 1754 deinde
1681 1723 1720 1754 ab
1738 1723 1856 1758 herede

987 1758 1159 1800 consequi,
1182 1761 1226 1791 ob
1242 1761 1306 1801 eius
1325 1761 1466 1802 inopiam
1483 1770 1536 1794 aut
1550 1772 1645 1804 quem
1662 1762 1791 1798 fatalem
1808 1776 1858 1799 ca-

986 1800 1053 1832 sum
1074 1800 1266 1834 insecutum:
1290 1802 1395 1833 adhuc
1418 1804 1525 1845 placet
1540 1828 1550 1843 ,
1576 1805 1802 1846 privilegiarios
1823 1809 1856 1841 in

987 1841 1088 1873 debiti
1104 1843 1256 1881 portione
1266 1842 1408 1883 praeferri
1425 1845 1553 1885 reliquis
1569 1846 1778 1881 creditoribus
1788 1849 1855 1882 chi-

986 1884 1207 1923 rographariis.
1232 1883 1309 1916 Hoc
1324 1894 1402 1917 vero
1417 1885 1439 1918 fi
1458 1886 1521 1919 est:
1546 1895 1584 1927 ap
1610 1895 1695 1927 aret,
1718 1899 1775 1922 eos
1791 1892 1853 1931 pri-

986 1924 1137 1965 vilegium
1161 1926 1248 1966 quod
1268 1926 1388 1958 habent
1409 1928 1492 1958 inter
1515 1937 1572 1968 per
1587 1929 1694 1961 onalcs
1720 1932 1859 1963 credito-

985 1974 1055 2004 res,
1079 1975 1189 1998 eorum
1214 1967 1361 2006 paCtione
1383 1977 1449 1999 non
1467 1969 1632 2002 amittere:
1655 1980 1719 2003 non
1735 1973 1855 2014 magis,

986 2015 1079 2046 quam
1094 2007 1316 2049 hypothecarii
1333 2009 1507 2042 creditores
1522 2019 1558 2042 ea
1574 2011 1722 2051 pactione
1733 2013 1782 2052 jus
1799 2014 1856 2055 hy-

985 2048 1135 2086 pothecae
1153 2050 1313 2081 amittunt.
1335 2051 1441 2090 Atque
1457 2051 1521 2082 hoc
1537 2051 1623 2084 sensu
1639 2053 1753 2086 Paulus
1771 2054 1790 2086 l.
1802 2061 1854 2096 58.

984 2088 1012 2130 §.
1034 2097 1059 2121 1.
1078 2089 1119 2121 D.
1136 2090 1279 2123 Mandarz'
1293 2091 1340 2121 vel
1356 2098 1456 2122 contra
1471 2093 1671 2134 privilegium
1688 2103 1853 2136 comparat

984 2139 1057 2162 curn
1079 2130 1276 2172 hypotheca.
1294 2132 1376 2163 inter
1394 2141 1464 2173 quae
1480 2134 1621 2175 alioquin
1639 2135 1708 2167 haec
1725 2138 1852 2169 notabi-

970 2171 1019 2202 lis
1034 2171 1080 2203 est
1096 2171 1292 2203 differentia:
1315 2174 1402 2212 quod
1425 2175 1636 2208 creditoribus
1653 2176 1853 2217 hypotheca-

980 2212 1034 2243 riis
1045 2222 1085 2243 ne
1100 2213 1130 2244 in
1147 2212 1246 2244 debiti
1257 2214 1385 2253 quidem
1402 2217 1553 2255 portione
1567 2225 1758 2252 caeterorum
1773 2229 1852 2252 con-

981 2254 1134 2285 ventione
1149 2254 1384 2294 praejudicatur:
1401 2256 1619 2298 privilegiariis
1634 2268 1731 2299 ver0,
1748 2260 1804 2292 etfi
1818 2262 1852 2294 in

982 2294 1151 2335 privilegio
1171 2304 1235 2326 non
1253 2305 1426 2336 noceatur;
1443 2305 1548 2330 tamen
1566 2300 1596 2331 in
1613 2300 1713 2332 debiti
1730 2302 1852 2342 portio-

982 2344 1023 2366 ne
1038 2343 1184 2367 nocetur.
1202 2344 1372 2377 utrumque
1386 2338 1490 2370 recte:
1506 2342 1641 2380 quippe,
1657 2350 1730 2372 cum
1747 2342 1851 2385 hypo-

982 2376 1114 2408 thecarii
1131 2385 1191 2417 pro
1207 2378 1395 2411 vindicanda
1418 2380 1603 2421 hypotheca
1625 2381 1763 2415 habeant
1784 2384 1850 2426 spe-

982 2418 1095 2449 cialem
1109 2419 1140 2449 in
1160 2428 1227 2450 rem
1242 2420 1416 2452 astionem:
1433 2428 1546 2452 contra
1563 2423 1764 2464 privilegiarii
1782 2435 1850 2459 non

981 2458 1099 2490 habent
1122 2459 1231 2498 aliam,
1254 2470 1348 2501 quam
1367 2471 1461 2493 unam
1478 2463 1510 2493 in
1528 2462 1692 2502 personam
1709 2466 1850 2500 defuncti

982 2499 1145 2531 debitoris.
1190 2501 1271 2534 Satis
1286 2502 1421 2535 diximus
1437 2503 1478 2534 de
1493 2504 1647 2536 debitoris
1663 2506 1792 2540 herede.

1022 2541 1169 2581 Superest
1181 2565 1191 2580 ,
1214 2550 1249 2573 ut
1270 2543 1310 2574 de
1326 2541 1503 2583 fidejussore
1520 2552 1573 2577 aut
1588 2547 1772 2581 mandatore
1788 2550 1849 2582 dis-

981 2590 1139 2622 putemus.
1165 2583 1211 2614 Sit
1229 2584 1335 2615 thema
1350 2594 1389 2615 ex
1407 2584 1506 2616 Paulo
1520 2587 1597 2626 l.58.
1614 2587 1642 2629 §.
1657 2597 1683 2619 1.
1696 2588 1739 2621 D.
1756 2590 1849 2624 Man-

979 2623 1042 2653 dati
1056 2623 1104 2654 vel
1118 2631 1228 2656 contra.
1274 2625 1393 2656 Lucius
1409 2624 1516 2658 Titius
1533 2629 1586 2659 uni
1603 2638 1642 2660 ex
1657 2631 1765 2663 multis
1782 2642 1848 2665 cre-

981 2664 1158 2703 ditoribus,
1180 2665 1270 2697 verbi
1285 2667 1405 2706 gratia,
1426 2667 1631 2710 Sempronio,
1657 2671 1746 2705 dedit
1761 2683 1849 2706 mau-

980 2706 1123 2738 datorem
1149 2707 1198 2737 vel
1213 2705 1433 2746 fidejufforem.
1464 2710 1578 2742 deinde
1595 2720 1724 2745 mortuo
1740 2713 1844 2748 Lucio

979 2745 1091 2785 Titio,
1112 2747 1141 2778 ὅ(
1159 2747 1378 2780 consentiente
1393 2750 1510 2790 maiore
1525 2752 1721 2786 creditorum
1736 2764 1844 2796 parte3

979 2795 996 2817 a
1012 2786 1152 2818 Praetore
1169 2789 1333 2821 decretum
1349 2789 1410 2829 est,
1426 2800 1460 2823 ut
1475 2793 1652 2826 creditores
1669 2796 1708 2827 ab
1724 2797 1842 2828 herede

978 2827 1083 2859 ferant
1111 2837 1229 2861 certam
1254 2830 1352 2862 debiti
1375 2833 1570 2872 portionem.
1615 2835 1795 2877 Quaeritur,
1819 2835 1841 2868 fi

978 2869 1144 2916 mandator
1165 2878 1219 2902 aut
1244 2870 1401 2912 fidejussor
1427 2883 1444 2905 a
1468 2874 1658 2916 Sempronio
1681 2878 1841 2909 creditore

978 2918 1187 2943 conveniatur
1203 2920 1276 2944 ante
1291 2913 1431 2946 defuncti
1447 2915 1616 2956 heredem,
1632 2919 1662 2950 id
1680 2918 1744 2955 est,
1766 2925 1840 2951 ante

978 2952 1183 2992 principalem
1193 2963 1299 2994 reum;
1315 2956 1420 2996 (quod
1437 2960 1541 2996 potuit
1555 2958 1662 2990 facere
1677 2958 1750 2997 Jure
1759 2958 1840 2990 Pan-

979 2992 1137 3025 denarum
1152 2994 1183 3026 &
1199 2994 1345 3036 Codicis,
1364 3000 1504 3031 nondum
1521 3001 1652 3030 invento
1668 3008 1684 3029 a
1700 2998 1840 3037 Justinia-

976 3042 1021 3064 no
1046 3035 1163 3066 ordinis
1188 3036 1346 3069 beneficio
1361 3038 1379 3069 l.
1397 3049 1426 3080 3.
1446 3040 1479 3071 C.
1503 3038 1776 3081 defidejufforibus)
1799 3050 1838 3073 :m

976 3076 1140 3109 mandator
1149 3075 1199 3108 seu
1209 3076 1366 3118 fidejussor
1381 3080 1412 3111 in
1431 3080 1562 3115 solidum
1579 3083 1840 3119 conventus‚ad-

978 3116 1081 3148 versus
1104 3119 1295 3152 creditorem
1315 3121 1458 3153 eamdem
1476 3122 1588 3152 habeat
1609 3122 1839 3162 exceptionem

977 3165 1068 3196 quam
1084 3158 1179 3192 habet
1199 3160 1291 3193 heres
1306 3162 1486 3194 debitoris?
1509 3160 1562 3193 Ait
1578 3161 1710 3202 Paulus,
1733 3163 1754 3196 fi
1770 3173 1838 3196 cre·

976 3199 1060 3234 ditor
1083 3200 1216 3241 praesens
1240 3203 1323 3242 apud
1345 3203 1517 3236 Praetorem
1533 3201 1598 3242 ipse
1615 3211 1745 3245 quoque
1761 3214 1840 3276 eson-

1784 3255 1838 3277 el]-
