2052 3487
193 133 237 167 32

803 111 1111 148 GERAent
1161 107 1390 143 Nouus

891 269 1102 303 CAPuT
1152 265 1256 300 111.

199 384 231 409 1.
270 370 404 408 Panium
428 370 447 406 l.
478 379 508 403 1.
538 367 580 402 D.
606 367 640 402 de
672 364 724 411 usu
739 363 780 405 ἐξ
799 363 958 411 usufructu
983 365 1083 410 legato
1100 365 1234 410 primum
1254 360 1577 410 Sabin-isententz'ctm,
1604 361 1830 411 ‘deindesuatm
1853 373 1958 412 propo-

400 418 465 453 Illa
485 415 575 461 quce?

403 477 436 509 4.
466 465 547 510 Ejus
571 463 659 498 Notae
678 461 768 506 causa
792 474 829 497 ac
852 463 941 496 ratio.

269 431 350 455 nere.

268 479 351 503 num.

201 583 228 606 a.
315 571 388 603 erba
411 569 495 602 Pauli
522 578 562 600 ex
577 569 658 601 libro
676 569 773 599 tertio
791 567 838 599 Ad
858 566 1007 599 Sabinum
1022 568 1054 599 in

328 613 349 644 l.
370 621 394 643 1.
413 610 454 643 D.
472 613 504 641 de
520 612 573 649 usit
591 609 627 644 &P
645 609 799 649 usufructu
816 609 917 650 legato.

237 654 304 688 Nec
327 656 415 694 usus,
437 662 488 684 nec
504 649 686 692 ususfructus
705 651 835 687 itineris,
859 649 959 688 acius,
981 650 1053 688 viae,

257 694 443 737 aquaeductus
463 694 552 734 legari
569 690 678 732 potesi3
702 695 770 732 quia
786 692 915 730 servitus
923 692 1053 730 servitu-

260 739 295 768 ta
315 736 365 776 effe
379 745 436 767 nou
446 733 544 776 potest.
581 733 646 764 Nec
661 734 713 763 erit
733 732 803 763 utile
818 742 854 763 ex
872 732 1058 763 Senatuscon—

249 774 348 818 fitho,
378 787 432 818 quo
456 782 592 812 cavetur,
616 780 650 803 ut
670 776 814 810 omnium,
838 783 900 814 quce
923 774 954 804 in
979 774 1058 804 bonis

251 818 334 857 fiat,
357 815 540 858 ususfructus
557 815 647 856 legari
663 813 762 855 poffit,
785 817 855 857 quia
872 815 903 845 id
918 824 1006 855 neque
1022 824 1058 846 ex

258 860 350 894 bonis,
376 867 464 898 neque
486 863 569 888 extra
594 858 665 886 bona
684 855 743 894 fit.-
763 856 810 894 sed
827 857 929 886 incerti
946 855 1016 886 aelio
1033 865 1058 886 e-

260 902 300 932 rit
322 909 386 930 cum
408 899 522 936 herede,
546 903 579 928 ut
595 897 752 938 legatario,
775 898 914 938 quamdiu
927 898 1056 935 vixerit,

258 941 364 977 eundi,
386 941 508 980 agendi,
537 939 657 969 ducendi
666 938 842 978 facultatem
854 936 984 978 praeftet‚
1007 943 1059 969 aut

258 991 291 1013 ea
305 982 434 1021 servitus
455 977 718 1020 constituaturjub
742 981 795 1010 bac
813 981 961 1017 cautione,
987 986 1020 1010 ut
1030 978 1059 1016 fi

257 1021 396 1062 ciectfferit
424 1022 606 1062 legatarius,
642 1021 688 1051 vel
718 1022 810 1061 capite
840 1021 999 1052 diminutus
1022 1030 1059 1052 ex

258 1073 365 1108 ngna
387 1070 473 1102 causa
489 1062 606 1102 fuerit,
628 1060 807 1102 restituatur.
933 1080 955 1087 κ

202 1104 344 1148 Quaestio
367 1104 437 1142 est,
471 1103 608 1144 poffitne
632 1104 773 1140 itineris,
798 1103 903 1142 anus,
926 1103 1005 1141 viae,
1029 1113 1057 1134 a·

201 1155 313 1187 quaeve
340 1145 471 1183 ductus,
495 1144 565 1175 usus
588 1145 637 1176 vel
667 1144 855 1177 ususfructus
879 1145 1000 1186 legari?
1024 1144 1057 1176 ln

200 1198 235 1219 ea
253 1187 364 1218 Paulus
385 1185 488 1219 Sabini
509 1185 693 1217 sententiam
709 1185 768 1222 (fic
784 1188 867 1217 enim
885 1187 1003 1228 colligo
1018 1195 1059 1217 ex

200 1227 429 1268 Inscriptione:
454 1236 524 1267 quae
550 1228 638 1258 Pauli
656 1229 757 1257 librum
778 1230 892 1258 tertium
912 1227 959 1258 Acl
976 1228 1058 1258 Sabi-

200 1280 270 1300 num
289 1268 438 1309 praefert)
452 1268 585 1308 primum
603 1268 632 1299 ὅ(
653 1267 1059 1309 p1·0p0nit&fulcit,dein-

201 1312 241 1342 de
265 1311 296 1341 in
316 1309 410 1342 Notis
427 1309 553 1341 refellit.
599 1309 643 1340 Ea
666 1310 818 1340 sententia
834 1309 897 1346 est,
920 1310 1060 1341 Servitu-

199 1355 238 1383 tis
262 1351 348 1382 usum
374 1359 427 1383 aut
451 1351 588 1382 fructum
618 1352 771 1382 inutiliter
799 1351 903 1392 legari.
934 1351 1060 1393 quoeso,

200 1392 438 1433 quamobrem?
468 1391 551 1433 Quin
577 1391 708 1423 servitus
731 1392 889 1423 sei-vrtutis
912 1392 973 1423 effe
995 1401 1058 1423 non

198 1434 330 1476 potest,
362 1434 554 1475 prohibente
580 1435 698 1474 regula.
744 1433 822 1464 Haec
849 1432 954 1465 causa:
985 1433 1060 1464 huic

200 1476 361 1516 subjicitur
379 1475 483 1506 Sabini
501 1475 660 1514 objecti0‚
676 1475 867 1515 solutioque.
886 1473 987 1506 sensus
1005 1475 1057 1506 ob-

197 1517 342 1557 jectionis
367 1515 432 1555 est,
455 1516 586 1548 Senatus
612 1516 713 1547 voluit
730 1540 738 1554 ,
770 1517 911 1547 omnium
936 1525 1005 1556 quae
1028 1517 1059 1548 in

202 1559 294 1590 bonis
312 1556 400 1596 sunt,
422 1557 648 1589 usumfrucrum
671 1558 788 1598 legari:
811 1557 949 1599 igitur&
969 1558 1060 1588 itine-

201 1601 241 1631 ris
260 1600 288 1630 ἃ
305 1598 390 1630 acius
405 1598 433 1629 ἃ
455 1599 512 1629 viae
529 1599 559 1630 ὁ(
584 1598 801 1639 aquaedonus:
826 1597 871 1629 est
890 1608 974 1630 enim
991 1599 1020 1630 ὅ(
1039 1599 1060 1629 i-

202 1647 250 1671 ter
269 1641 297 1671 ὰ
316 1639 403 1674 afrus,
418 1640 446 1670 δι
462 1640 510 1670 via
531 1639 558 1670 δι
583 1639 785 1680 aquaeductus
809 1640 840 1670 in
858 1640 962 1672 bonis.
1007 1640 1061 1671 llla

201 1681 348 1721 objectio.
380 1681 504 1712 Solutio
520 1681 588 1712 talis
603 1680 665 1718 est,
688 1681 820 1712 Senatus
837 1681 922 1711 cavit
938 1682 978 1712 de
994 1690 1061 1712 om-

200 1723 293 1755 nibus
322 1731 392 1763 quae
415 1723 445 1753 in
469 1722 562 1754 bonis
587 1721 672 1754 sunt:
696 1731 728 1753 at
746 1723 778 1754 id
796 1731 903 1762 neque
918 1723 949 1754 in
967 1723 1060 1754 bonis

200 1763 266 1799 est,
288 1773 394 1804 neque
410 1769 499 1794 extra
516 1763 610 1794 bona.
752 1787 755 1790 .

241 1815 269 1846 3.
293 1804 383 1849 Quid
398 1804 498 1843 istud3
521 1805 622 1836 dicam
642 1804 718 1844 tibi,
736 1804 756 1836 fi
776 1813 850 1837 ante
868 1803 1061 1837 demonstra-

201 1855 300 1885 vero,
323 1847 405 1886 apud
430 1845 565 1877 Veteres
588 1844 680 1877 fuisse
703 1846 823 1886 quires
845 1846 1061 1886 incorporales

202 1888 300 1928 magis
330 1887 377 1920 his
401 1896 472 1928 quae
494 1896 560 1918 non
586 1886 674 1924 sunt,
697 1897 789 1926 quam
814 1896 884 1928 quae
900 1887 987 1924 sunt,
1010 1895 1058 1917 ac-

202 1928 384 1967 censerent:
409 1938 474 1968 quo
501 1928 531 1958 in
551 1937 683 1959 numero
701 1928 891 1960 Ciceronem
910 1928 998 1959 suiss'e
1014 1937 1059 1958 ar-

203 1970 322 2007 bitror,
353 1979 426 2000 cum
448 1971 478 2000 in
501 1968 610 2010 Topicis
632 1968 673 2000 s1c
698 1969 814 2001 scribit.
848 1969 1060 2009 Definitionum

203 2012 257 2042 duo
273 2013 347 2050 sunt
362 2020 466 2051 genera
481 2013 584 2048 prima.
632 2010 734 2041 Unum
749 2020 849 2042 earum
863 2021 977 2048 rerum,
1001 2020 1061 2051 quoe

193 2052 288 2091 fitnt,
311 2051 431 2082 alterum
449 2061 546 2082 earum
562 2061 675 2088 rerum,
699 2062 759 2093 qztae
773 2053 984 2093 intelliguntur.
1007 2051 1061 2081 Es-

195 2096 229 2133 se
245 2102 278 2123 ea
295 2094 354 2123 dico
365 2115 374 2131 ,
397 2102 458 2133 quae
475 2094 567 2131 cerni,
592 2094 710 2134 tangive
722 2093 854 2134 poffunt,
867 2099 900 2124 ut
908 2093 1061 2133 fundum,

204 2135 290 2171 cedes,
313 2136 464 2171 parietem,
481 2131 681 2173 stillicidium,
704 2137 896 2174 mancipium,
915 2134 1060 2174 pecudem,

195 2174 416 2216 supelleiiilenz‚
444 2181 550 2214 penus,
575 2174 611 2209 ἐξ
634 2182 733 2206 caetera
786 2176 858 2208 Non
887 2175 936 2216 effe
962 2175 1061 2214 rursus

202 2226 237 2247 ea
254 2217 333 2253 dico,
355 2226 416 2257 quw
440 2217 541 2255 tangi,
564 2215 785 2255 demonstrarive
799 2227 856 2248 non
868 2216 1002 2258 poffzmt,
1026 2221 1059 2246 ut

196 2256 226 2296 fi
250 2257 466 2296 usucapionem,
488 2256 512 2292 fi
533 2257 668 2295 tutelam,
685 2256 713 2298 fi
733 2265 865 2299 gentem,
879 2258 908 2296 fi
930 2259 1058 2297 agnatio-

203 2308 268 2330 nem
289 2298 426 2338 definias,
457 2307 581 2339 quarum
603 2308 699 2329 rerum
727 2299 839 2331 nullum
864 2298 953 2340 subest
979 2296 1060 2340 quafi

201 2347 321 2379 corpus‚·
343 2338 381 2378 esi
395 2346 490 2369 tamen
503 2341 631 2381 quadam
648 2340 832 2380 conformatio
848 2339 1002 2381 insignita,
1023 2339 1060 2373 &1⁹

201 2380 330 2421 impressa
347 2380 553 2421 intelligentia,
576 2390 663 2421 quam
684 2382 824 2412 notionem
841 2391 918 2412 voco.
943 2380 1057 2412 Hauc-

203 2431 261 2453 nus
281 2421 414 2454 Cicero:
439 2431 469 2452 m
494 2431 559 2460 quo
575 2422 605 2453 id
624 2422 766 2453 monebo
783 2423 943 2461 eruditos,
968 2430 1001 2454 ut
1018 2422 1059 2453 vi-

201 2464 318 2501 deant,
342 2472 381 2494 ne
399 2472 464 2494 vox
479 2461 735 2502 illastilliciciz'urn,
752 2473 812 2503 qua
828 2474 911 2495 voce
927 2463 1059 2495 servitus

201 2504 311 2535 urbani
332 2504 440 2543 praedii
456 2504 610 2545 indignari
629 2503 726 2542 solet,
746 2506 852 2537 locum
870 2505 1059 2542 mutaverit,

203 2544 235 2576 δί
257 2545 295 2575 ad
319 2545 349 2576 id
366 2554 464 2584 genus
484 2555 583 2576 rerum
603 2553 672 2585 quae
688 2555 751 2576 non
771 2545 856 2579 sunt,
882 2555 974 2586 quam
992 2555 1062 2586 quae

201 2585 292 2624 sunt,
314 2585 470 2617 referatur
490 2586 617 2617 rectius.
657 2585 723 2618 Nisi
747 2586 875 2618 fortasse
891 2588 959 2628 quis
974 2586 1061 2627 stilli-

204 2627 313 2658 cidium
334 2626 423 2658 malit
445 2627 664 2667 interpretari,
687 2627 761 2660 tecti
780 2637 902 2668 partem
919 2638 989 2669 quin
1009 2637 1059 2659 an-

202 2669 300 2699 terius
317 2668 496 2707 prominet,
515 2668 544 2699 &
559 2676 665 2709 guttas
684 2678 773 2710 aquae
788 2670 902 2709 pluviae
920 2670 1062 2701 deducit.

204 2718 272 2748 quo
288 2707 374 2740 sensu
389 2718 406 2739 a
421 2708 571 2740 Vitruvio
593 2710 714 2750 accipi,
738 2711 802 2750 ejus
827 2710 985 2751 lnterpres
1005 2710 1062 2740 ob-

204 2749 362 2789 servavit,
386 2749 492 2781 Lexico
504 2749 699 2787 Vitruvium,
711 2754 742 2782 in
759 2752 860 2783 verbo
868 2750 1061 2791 stillicidium.

203 2790 363 2824 Boethius
395 2800 525 2831 quoque
549 2794 586 2822 ad
615 2791 717 2832 Topica
741 2792 883 2823 Ciceronis
908 2794 989 2824 inter
1014 2802 1062 2823 res

204 2832 388 2871 corporales
402 2831 582 2872 stillicidium
607 2841 780 2864 enumerat.
823 2833 884 2865 Sed
901 2834 931 2866 id
949 2834 998 2865 alii
1018 2834 1061 2864 vi-

205 2873 328 2905 derint:
346 2873 422 2904 mihi
441 2875 523 2904 enim
540 2872 670 2912 sufficit,
686 2873 877 2906 Ciceronem
894 2885 942 2907 res
958 2877 1060 2907 incor-

203 2915 331 2955 porales
347 2914 393 2946 his
411 2924 480 2955 quae
499 2924 563 2945 non
581 2915 668 2952 sunt,
692 2915 914 2947 annumerasse.
940 2915 1062 2956 Itaque,

204 2963 242 2987 ut
259 2957 296 2986 ad
315 2956 347 2987 id
366 2957 451 2995 quod
473 2955 620 2996 promifi,
642 2956 788 2993 redeam,
812 2958 888 2995 quid
910 2956 964 2988 fibi
988 2957 1063 2987 velit

205 2996 311 3028 Sabini
330 2996 424 3034 illud,
447 2997 640 3028 Servitutem
657 3006 760 3036 neque
776 2997 806 3028 in
825 2998 916 3028 bonis
929 3021 938 3036 ‚
961 3006 1065 3036 neque

207 3045 296 3068 extra
320 3037 406 3069 bona
427 3037 505 3078 ess‘e3
529 3046 657 3078 putem,
680 3038 812 3078 perinde
838 3039 938 3078 accipi
958 3038 1063 3078 posse,

208 3085 246 3107 ac
270 3077 290 3108 s1
312 3077 352 3109 fic
378 3080 516 3112 diceret:
540 3079 683 3110 Servitus
709 3079 755 3111 est
781 3089 820 3109 ex
837 3079 884 3111 his
908 3088 977 3119 quir:
999 3089 1062 3110 non

209 3116 279 3148 sunt
297 3141 305 3155 ‚
335 3119 365 3150 δι
388 3121 461 3151 ideo
484 3121 521 3152 ad
543 3119 854 3151 Senatusconsultum
879 3129 943 3150 non
969 3121 1063 3159 perti-

208 3165 283 3195 net,
307 3166 339 3189 ut
358 3160 438 3198 quasi
457 3162 486 3193 in
503 3161 594 3193 bonis
609 3161 662 3200 fit,
687 3161 728 3192 ita
747 3160 968 3192 usumfructum
985 3162 1062 3191 reci-

207 3199 284 3239 piat.
308 3198 383 3231 Hoc
398 3199 510 3242 Livio,
532 3203 629 3243 licet,
651 3203 778 3234 credas:
800 3211 896 3243 agens
911 3202 995 3233 enim
1011 3201 1059 3233 lib.

626 426 656 450 2.
685 414 807 456 Verba,
835 415 939 458 Aeque
963 425 1002 449 ex
1029 414 1132 456 bonis,
1157 423 1247 457 neque
1271 419 1360 447 extra
1386 412 1474 447 bona.

1527 423 1558 457 3.
1585 411 1680 448 Pauli
1703 415 1788 448 Nota
1812 414 1853 449 ad
1871 415 1961 450 Sabi-

1096 576 1146 608 30.
1164 576 1188 598 c.
1209 576 1257 608 37.
1282 567 1321 598 de
1340 568 1462 610 legibus
1481 567 1666 609 quibusdam
1682 578 1699 600 a
1714 568 1865 609 Scipione
1883 568 1963 601 datis

1097 608 1168 649 paci
1187 607 1434 650 Carthaginiensi
1445 632 1455 647 ,
1474 609 1590 648 refert,
1606 609 1695 642 fuiffe
1711 611 1742 642 in
1759 610 1807 644 his
1823 619 1966 641 conven-

1098 657 1165 680 tum
1188 648 1276 680 sensu
1298 650 1470 687 consimili,
1493 651 1610 682 bellum
1635 661 1704 682 neve
1720 653 1751 682 in
1768 651 1876 691 Africa
1893 660 1965 682 neve

1099 697 1183 722 extra
1201 691 1358 731 Africam,
1381 691 1491 732 injussu
1511 693 1622 733 populi
1640 692 1774 724 Romani
1797 700 1964 733 gererent,

1099 740 1160 772 pro
1185 741 1347 771 nusquam.
1392 734 1513 764 Contra
1539 733 1659 765 Seneca
1681 733 1728 764 lib.
1754 743 1781 765 1.
1806 731 1964 776 Qtaeftion.

1098 773 1228 804 natural.
1251 773 1381 812 Deum,
1405 774 1530 814 inquit,
1556 783 1636 814 opus
1661 774 1747 806 suum
1773 774 1803 806 ἃ
1827 782 1915 805 extra
1933 774 1963 806 &

1099 816 1183 845 intus
1202 822 1333 846 tenere:
1356 814 1550 856 significans,
1576 816 1681 847 Deum
1703 816 1757 855 (ut
1773 823 1841 846 utar
1856 815 1963 846 verbis

1099 855 1234 886 Minucii
1263 855 1375 888 Felicis
1399 858 1429 887 in
1447 856 1590 897 Octavio)
1615 857 1730 897 ubique
1750 857 1841 898 operi
1863 855 1916 887 suo
1935 856 1966 888 ὃς

1100 899 1282 937 proximum
1301 898 1330 929 ἃ,
1350 897 1483 929 infusum
1500 898 1571 929 effe.
1597 898 1702 929 Ve1ba
1719 898 1859 929 Senecae.
1884 897 1967 942 Quid

1101 936 1140 978 est
1161 937 1263 968 Deus?
1287 938 1374 982 Quod
1388 940 1466 970 vides
1485 945 1595 977 totum,
1613 939 1648 973 &²
1666 940 1739 980 quod
1754 949 1812 970 non
1826 940 1907 970 vides
1925 944 1967 969 to-

1103 985 1173 1010 tum.
1217 980 1267 1010 Sic
1280 982 1390 1011 aenium
1409 982 1577 1020 magnitudo
1585 983 1643 1021 sua
1660 981 1703 1011 illi
1719 981 1869 1019 redditur,
1894 981 1966 1021 quia

1101 1020 1175 1051 nibil
1200 1020 1296 1062 majus
1314 1022 1472 1061 excogitari
1488 1019 1599 1061 potest,
1615 1020 1644 1058 fi
1653 1022 1732 1061 solus
1746 1020 1785 1061 est
1801 1023 1914 1061 omnia,
1938 1030 1967 1052 ο-

1095 1068 1154 1102 pus
1170 1062 1262 1100 suum
1280 1060 1316 1096 ξεί)
1332 1068 1416 1093 extra
1436 1061 1471 1096 ἑὸ)
1489 1064 1570 1092 intus
1595 1068 1679 1092 tenet.
1701 1060 1796 1094 Unde
1813 1070 1965 1106 apparet,

1102 1103 1167 1143 ejus
1188 1102 1369 1143 solutionis,
1394 1104 1527 1134 Ser-vitus
1545 1112 1633 1144 neque
1648 1104 1679 1134 in
1695 1104 1790 1142 bonis,
1814 1113 1902 1145 neque
1918 1113 1967 1135 ex·

1102 1150 1149 1175 tra
1181 1145 1253 1175 bona
1284 1144 1340 1182 eli,
1375 1145 1444 1184 quis
1478 1144 1640 1185 qualisque
1670 1143 1772 1176 sensus
1807 1143 1854 1176 fit.
1890 1144 1966 1176 Pos-

1102 1185 1138 1217 fis
1162 1194 1230 1216 tam
1254 1186 1283 1216 ἀ
1309 1185 1350 1217 sic
1373 1185 1590 1226 interpretari:
1614 1185 1755 1216 Servitus
1778 1195 1842 1217 non
1870 1184 1965 1217 estin

1102 1226 1211 1264 bonis3
1236 1227 1367 1267 quiajos
1386 1226 1445 1265 est,
1470 1225 1667 1258 substantiam
1687 1236 1763 1257 vero
1783 1227 1968 1259 naturaliter

1103 1277 1167 1299 non
1186 1268 1303 1307 habet,
1328 1278 1432 1308 neque
1452 1268 1650 1299 accidentia:
1673 1276 1734 1299 nec
1752 1276 1843 1299 extra
1864 1269 1968 1307 bona;

1103 1310 1174 1348 quia
1197 1311 1303 1340 animo
1327 1309 1529 1349 concipitur,
1552 1317 1648 1349 atque
1664 1309 1702 1339 ab
1720 1318 1778 1347 eo,
1802 1309 1879 1340 licet
1898 1309 1968 1340 sub-

1103 1349 1246 1381 stantiam
1261 1360 1325 1382 non
1341 1351 1456 1389 habet,
1469 1357 1572 1381 tamen
1589 1350 1756 1391 imaginem
1777 1349 1876 1381 sumit.
1889 1350 1966 1391 quid

1103 1392 1227 1424 multa?
1252 1391 1383 1422 servitus
1410 1391 1453 1422 est
1477 1392 1632 1432 ambiguae
1650 1392 1828 1431 qualitati83
1852 1401 1965 1423 veren-

1103 1433 1243 1473 dumque
1262 1434 1354 1470 ideo,
1379 1441 1413 1464 ut
1432 1432 1483 1463 hic
1499 1433 1593 1463 bonis
1608 1432 1787 1472 accenseri,
1812 1433 1841 1463 ἀ
1855 1433 1968 1464 adver-

1103 1473 1151 1506 sus
1166 1475 1240 1514 juris
1263 1475 1402 1514 regulam
1429 1483 1469 1505 ex
1488 1473 1769 1505 Senatusconsulto
1794 1473 1910 1505 debeat
1932 1483 1967 1505 u-

1102 1514 1365 1547 sumefruuumve
1382 1516 1537 1555 recipere.
1582 1514 1658 1547 Hoc
1675 1522 1708 1546 ut
1723 1514 1887 1553 censeam,
1909 1515 1966 1547 im-

1103 1557 1193 1597 pellit
1217 1566 1267 1588 me
1287 1557 1407 1588 locutio
1426 1556 1456 1587 {x
1474 1557 1640 1597 elegantiae
1660 1555 1763 1588 similis
1780 1556 1809 1587 ἀ
1824 1556 1965 1597 potesta-

1104 1598 1142 1628 tis
1166 1599 1249 1638 apud
1272 1596 1424 1629 Tacitum
1447 1598 1494 1628 lib.
1516 1607 1540 1628 1.
1565 1595 1678 1635 Hllior.
1694 1607 1716 1628 c.
1732 1607 1780 1633 40.
1808 1598 1862 1628 ubi
1879 1607 1968 1629 enar-

1102 1648 1172 1670 rans
1190 1638 1284 1671 finem
1304 1638 1436 1678 Galbae,
1460 1641 1521 1677 ait,
1544 1637 1597 1670 sub
1616 1648 1687 1670 eum
1705 1637 1799 1670 finem
1817 1648 1906 1679 neque
1921 1645 1967 1669 tu-

1101 1680 1224 1711 multum
1241 1679 1351 1718 fuisse,
1362 1690 1452 1721 neque
1467 1682 1606 1721 quietem:
1622 1680 1652 1711 id
1669 1680 1731 1718 est,
1748 1681 1830 1711 inter
1850 1689 1969 1711 utrum·

1103 1731 1166 1762 que
1191 1723 1329 1753 medium
1355 1722 1430 1761 quid
1448 1721 1479 1752 ἃ
1503 1721 1640 1752 dubium.
1686 1721 1835 1752 Similiter
1859 1720 1966 1761 Ulpia·

1104 1772 1161 1794 nus
1178 1763 1197 1792 l.
1216 1773 1242 1803 7.
1261 1763 1289 1804 §.
1311 1772 1335 1794 1.
1362 1762 1401 1793 D.
1427 1764 1459 1793 ae
1474 1760 1719 1802 amministratione
1741 1768 1879 1793 tutorum.
1906 1761 1968 1793 De·

1103 1805 1164 1834 buit
1180 1810 1258 1834 tutor
1273 1804 1408 1844 partibus
1421 1805 1481 1841 suis
1498 1804 1587 1843 fungi
1597 1825 1605 1839 ,
1628 1812 1683 1833 non
1700 1805 1811 1844 quidem
1824 1803 1968 1844 praecipiti

1094 1843 1302 1884 festinatione,
1325 1846 1377 1884 sed
1399 1854 1450 1875 nec
1473 1845 1627 1875 moratoria
1649 1843 1840 1876 eunomiane.
1883 1842 1971 1878 Item

1104 1886 1233 1924 Livius,
1259 1883 1309 1916 sed
1329 1885 1471 1925 plenius,
1493 1885 1539 1916 lib.
1564 1889 1591 1919 8.
1611 1895 1635 1916 c.
1664 1894 1710 1926 13.
1735 1885 1808 1926 Jam
1830 1885 1918 1916 Latio
1942 1885 1968 1916 is

1095 1924 1196 1967 status
1219 1933 1280 1957 erat
1304 1936 1399 1957 reram
1422 1933 1455 1957 ur
1480 1934 1582 1966 neque
1609 1926 1727 1958 bellum
1745 1950 1755 1964 ,
1786 1936 1890 1967 neque
1914 1935 1967 1967 pa-

1104 1977 1194 2004 cem,
1216 1970 1279 2008 pati
1296 1967 1425 2007 poffent;
1448 1969 1486 1998 ad
1511 1967 1612 1998 bellum
1636 1974 1696 2007 opes
1712 1969 1845 2005 deerant,
1865 1974 1965 2008 pacem

1103 2010 1134 2039 ob
1151 2011 1215 2050 agri
1231 2010 1335 2039 ademit
1350 2009 1469 2038 dolorem
1485 2010 1734 2049 aspernabantur,
1755 2009 1866 2040 mediis
1886 2018 1965 2040 con·

1102 2050 1175 2082 siliis
1192 2048 1332 2089 standum
1355 2050 1517 2080 videbatur.
1542 2049 1691 2089 Apulejus
1714 2059 1844 2090 quoque
1865 2050 1914 2080 lib.
1937 2058 1965 2081 1.

1104 2090 1151 2122 De
1168 2091 1354 2131 Philosophia.
1380 2089 1485 2122 Verba
1497 2090 1631 2130 Apuleji.
1656 2089 1816 2122 Materiam
1832 2090 1966 2132 (Plato)

1104 2141 1192 2173 neque
1214 2139 1372 2172 corpoream
1388 2155 1397 2169 ‚
1420 2133 1473 2171 sed
1502 2141 1591 2173 neque
1605 2131 1680 2171 sane
1702 2133 1892 2173 incorpoream
1914 2131 1966 2172 effe

1104 2174 1235 2204 concedit.
1285 2172 1349 2204 Ideo
1364 2179 1459 2203 autem
1477 2182 1533 2203 non
1545 2178 1633 2213 putat
1651 2179 1772 2214 corpus,
1796 2175 1869 2215 quod
1884 2182 1965 2203 omne

1102 2223 1201 2254 corpus
1224 2215 1311 2254 (pecie
1334 2213 1535 2255 qualicumque
1558 2223 1613 2244 non
1636 2222 1749 2245 careat:
1767 2216 1831 2252 sine
1855 2221 1966 2254 corpore

1101 2266 1166 2287 vero
1186 2254 1236 2296 effe
1250 2263 1306 2286 non
1320 2253 1409 2295 potesi
1425 2256 1533 2293 dicere,
1543 2256 1613 2296 qaia
1629 2256 1703 2286 nibil
1717 2256 1891 2296 incorporale
1905 2265 1967 2287 cor·

1096 2305 1154 2338 pus
1177 2297 1325 2334 exhibeat,
1340 2298 1394 2337 sed
1415 2297 1447 2327 vi
1463 2295 1499 2331 δέ)
1516 2298 1625 2327 ratione
1647 2307 1707 2327 eam
1719 2295 1776 2334 fibi
1797 2298 1892 2328 videri
1906 2306 1966 2328 cor-

1101 2346 1221 2379 poream.
1243 2344 1328 2379 atque
1353 2339 1410 2369 ideo
1434 2347 1484 2368 nec
1510 2337 1576 2368 actu
1592 2337 1664 2376 solo,
1688 2347 1777 2379 neque
1794 2344 1889 2369 tamen
1905 2338 1965 2374 βία

1102 2381 1230 2417 animone
1246 2380 1424 2419 cogitationis
1441 2379 1582 2421 intelligi.-
1603 2388 1726 2420 nanque
1745 2386 1860 2420 corpora
1874 2386 1956 2419 prop-

1103 2428 1145 2452 ter
1170 2419 1308 2462 insignem
1329 2421 1503 2451 evidentiam
1522 2418 1675 2460 suifimili
1686 2421 1797 2462 judicio
1815 2421 1964 2461 cognosci:

1093 2463 1148 2503 sed
1168 2472 1230 2503 quce
1245 2459 1439 2502 substantiam
1458 2471 1515 2492 non
1532 2463 1635 2492 babent
1654 2469 1831 2502 corpoream,
1854 2463 1964 2502 cogita-

1104 2504 1228 2535 tionibus
1251 2513 1282 2533 ea
1307 2504 1420 2538 villeri,
1443 2503 1517 2533 unde
1541 2502 1704 2534 adulterata
1726 2503 1856 2542 opinione
1873 2504 1962 2533 ambi-

1101 2554 1192 2617 gussm
1210 2545 1332 2575 materiae
1353 2544 1441 2585 bajas
1459 2544 1583 2586 intelligi
1604 2544 1780 2584 qualitatem.
1824 2543 1905 2576 Haec
1921 2543 1964 2575 de

1105 2589 1143 2618 Sa
1169 2586 1231 2618 ino.

1146 2637 1173 2667 3.
1197 2627 1238 2659 At
1263 2626 1373 2658 Paulus
1389 2625 1406 2657 ²?
1438 2626 1477 2656 ab
1502 2635 1542 2657 eo
1565 2625 1631 2657 abit
1654 2626 1685 2657 in
1709 2633 1829 2666 partem
1852 2624 1964 2664 aliam3

1106 2678 1176 2699 curn
1194 2669 1224 2699 in
1243 2667 1341 2699 Notis
1360 2667 1400 2699 fic
1417 2666 1532 2699 scribit.
1556 2667 1611 2698 Sed
1623 2668 1726 2698 incerti
1742 2666 1813 2698 actio
1829 2668 1882 2697 erit
1896 2676 1964 2697 cum

1105 2711 1220 2748 herede,
1243 2716 1275 2740 at
1291 2709 1320 2740 ἀ
1335 2709 1465 2749 reliqua.
1496 2708 1607 2739 Sensus
1625 2709 1726 2746 enim,
1751 2707 1906 2748 Quamvis
1922 2717 1965 2739 ex

1104 2750 1211 2782 Sabini
1237 2750 1391 2781 sententia
1415 2759 1479 2781 non
1504 2749 1607 2781 valeat
1622 2749 1653 2781 id
1671 2750 1826 2789 legatum:
1851 2748 1965 2788 opiner

1106 2799 1231 2829 tamen,
1256 2792 1388 2823 dandam
1410 2791 1561 2832 legatario
1584 2790 1644 2822 effe
1668 2791 1825 2822 actionem
1849 2790 1964 2822 incerti

1106 2843 1146 2865 ex
1173 2833 1362 2865 testamento
1383 2831 1528 2864 adversus
1555 2832 1724 2871 heredem3
1755 2839 1790 2862 ut
1813 2831 1965 2872 quamdiu

1107 2875 1273 2916 legatarius
1296 2874 1431 2911 vixerit,
1456 2873 1547 2905 heres
1571 2874 1598 2904 ei
1615 2873 1726 2910 eundi,
1751 2873 1884 2913 agendi,
1908 2873 1965 2904 du-

1106 2916 1219 2954 cendi,
1244 2914 1428 2946 facultatem
1446 2914 1587 2955 praestet,
1605 2914 1634 2946 &
1650 2924 1687 2946 ea
1705 2913 1835 2946 servitus
1852 2911 1966 2944 consti-

1108 2965 1212 2988 tuatur
1237 2955 1290 2986 sub
1316 2957 1374 2986 hac
1397 2957 1566 2993 cautione3
1588 2963 1641 2994 ut,
1665 2955 1686 2987 fi
1703 2955 1887 2993 decesserit,
1911 2954 1964 2986 vel

1107 2999 1212 3038 capite
1229 2998 1365 3028 minutus
1383 2996 1481 3029 fuerit
1497 2997 1664 3037 legatarius
1676 3021 1685 3035 ,
1709 2997 1896 3028 restituatur.

1146 3051 1174 3076 4.
1201 3039 1247 3069 lta
1269 3038 1393 3070 Paulus.
1436 3037 1508 3080 Qua
1524 3037 1636 3069 causa?
1659 3047 1722 3069 non
1740 3037 1865 3076 adjicit3
1890 3035 1962 3074 sed,

1105 3088 1205 3120 puto,
1230 3079 1347 3120 duplex
1371 3083 1398 3110 ei
1417 3079 1504 3110 causa
1521 3078 1590 3110 fuit.
1620 3088 1701 3117 una,
1723 3077 1808 3118 quod
1829 3086 1897 3108 eam
1915 3087 1964 3108 re-

1128 3122 1209 3153 ulam
1231 3122 1285 3160 (ut
1305 3121 1446 3161 pluribus
1462 3120 1583 3152 ostendi
1602 3120 1649 3151 lib.
1673 3128 1696 3150 1.
1712 3128 1736 3149 c.
1752 3118 1802 3158 3.)
1824 3128 1888 3149 non
1905 3120 1963 3150 ob·

1118 3164 1216 3193 ervari
1240 3161 1335 3202 usque
1352 3171 1478 3203 quaque
1494 3162 1636 3193 moribus
1652 3160 1761 3200 populi
1781 3158 1915 3190 Romani
1932 3169 1962 3190 a·

1104 3203 1361 3236 nimadverteret.
1383 3204 1481 3235 altera
1503 3201 1593 3234 causa
1610 3201 1687 3240 fuit,
1712 3201 1800 3241 quod
1816 3200 1964 3246 servitus,

1890 3251 1963 3282 quia
