2036 3495
294 104 358 139 An
387 102 472 137 Ltn.
499 98 558 134 Xl.
595 97 692 134 Ttr.
721 95 803 133 VII.
839 96 889 133 De
908 96 1074 143 religion,
1101 93 1324 143 &sumptibus
1331 93 1503 141 fimorum,
1533 91 1600 133 &a

56 198 176 236 latione
192 194 336 236 corporis
353 199 407 224 aut
423 191 533 223 ossium
547 189 578 221 in
595 197 666 220 eum
678 186 777 218 fasta:
794 186 844 219 secl
858 186 926 228 plus

57 240 211 284 postulat,
228 245 296 268 eam
315 235 376 267 effe
393 233 507 265 factam
524 240 541 262 a
556 231 620 263 loci
639 230 784 261 domino.
811 238 871 260 nec
891 228 926 260 fi·

54 293 96 317 ne
111 281 214 314 causa:
231 278 276 310 est
293 277 375 308 enim
394 275 446 307 ille
463 273 521 305 suae
537 272 582 303 rei
600 272 785 303 moderator
801 271 830 302 δε
845 270 925 302 arbi-

55 333 124 363 ter,
140 323 234 355 etiam
252 320 281 351 in
300 316 470 349 abutendo.
500 314 539 345 ab
554 314 616 344 alio
631 314 725 355 igitur
742 314 771 344 in
788 313 926 344 alienum

52 367 180 402 locum,
203 360 305 396 invito
331 359 484 394 domino,
507 355 574 386 fieri
600 355 700 385 illatio
723 364 788 386 non
812 354 926 385 debet:

56 409 86 439 ἃ
104 407 125 439 fi
141 406 217 444 fiat,
238 411 304 435 non
330 400 374 432 est
392 396 553 438 religiosus
569 396 678 428 locus:
703 405 743 427 ne
761 396 851 427 alteri
871 404 926 435 per

55 450 188 480 alterum
212 445 265 477 fiat
286 441 403 481 injuria.
450 440 516 477 lta,
539 437 559 469 fi
577 445 721 470 mortuus
739 438 769 468 in
787 436 926 468 alienum

55 491 163 523 locum
178 487 287 521 ,invito
313 484 444 515 domino
470 479 633 511 inferatur.
656 480 750 520 quid,
774 478 793 510 ss
812 488 852 510 eo
870 488 926 509 vo-

54 533 143 565 lente
172 529 226 561 fiat
247 527 264 558 2
296 525 362 565 Jam
393 525 499 563 placet
515 544 525 559 ‚
560 530 633 552 eum
666 520 846 562 religiosum
870 518 924 550 fie-

53 574 98 605 ri:
124 571 208 603 nulla
230 563 425 602 differentia;
449 570 553 594 utrum
578 562 643 604 ipse
667 562 815 594 dominus
841 570 924 592 mor-

54 622 142 646 tuum
156 610 270 643 inferat
286 608 316 639 in
337 608 443 638 locum
462 604 566 643 suum3
583 613 619 634 an
637 604 714 634 alius
732 604 797 644 ejus
814 603 925 633 volun-

52 663 129 687 tate.
154 660 249 694 quare
273 649 301 680 &
324 647 343 679 fi
368 648 471 678 invito
499 645 632 677 domino
653 644 736 676 fasta
753 644 789 676 fit
805 644 926 682 illatiO,

52 698 144 736 isque
166 692 281 725 saetam
298 689 414 721 deinde
436 687 553 719 habeat
576 695 695 725 ratam,
717 685 822 717 adhuc
840 686 925 716 idem

52 736 221 770 dicendum
248 732 310 764 est:
334 731 407 770 quia
429 728 612 761 ratihabitio
632 728 871 765 retrotrahitur,
897 726 927 756 δι
962 727 987 767 f

53 787 124 810 cum
147 775 297 808 mandato
319 780 531 812 comparatur.
575 769 637 801 Sed
656 770 721 801 hoc
739 770 822 801 clare
838 767 928 808 Justi-

52 820 162 852 nianus
186 816 216 857 ἓ,
239 825 267 852 9.
297 812 368 855 Ivst.
390 815 422 844 cle
444 823 504 844 rer.
522 812 607 846 divis:
632 810 810 843 Dominum
828 818 926 854 porro

52 869 125 892 cum
143 859 216 890 dico
229 881 239 896 ,
260 865 324 887 non
345 854 437 886 alium
458 854 624 895 intelligo,
642 862 735 893 quam
752 852 837 892 cujus
854 850 924 882 soll-

53 902 128 934 dum
154 899 199 931 est
223 897 416 930 dominium:
439 896 472 927 id
492 894 557 934 est,
583 896 613 927 in
640 904 705 935 quo
728 894 805 926 alius
821 900 925 933 neque

52 951 177 985 partem
188 941 303 978 habet,
318 938 479 979 nequejus
495 937 634 977 aliquod.
657 945 730 968 nam
746 934 767 967 fi
784 944 841 975 pro
858 943 926 974 par—

53 994 88 1016 te
111 983 147 1016 sit
171 981 339 1019 dominus,
360 980 461 1010 socius
478 1001 488 1018 ,
511 978 599 1010 verbi
623 979 741 1019 gratia,
764 983 926 1007 mortuum

54 1025 158 1058 invito
175 1024 263 1055 socio
278 1023 308 1053 in
327 1030 533 1052 communem
550 1020 656 1051 locum
675 1028 789 1060 purum
807 1016 927 1049 inferre

54 1077 122 1100 non
139 1064 257 1108 potest:
280 1065 309 1095 in
330 1071 502 1094 commune
525 1071 603 1093 vero
621 1060 820 1102 sepulchrum
838 1059 865 1089 ei
883 1056 927 1088 in-

55 1109 143 1140 ferre
160 1107 236 1139 licet
249 1129 259 1144 ‚
276 1106 373 1136 etiam
390 1103 495 1135 invitis
513 1103 635 1134 caeteris
653 1104 680 1134 d.
700 1102 727 1144 §.
744 1110 772 1139 9.
795 1099 847 1132 De
863 1098 927 1130 fru-

57 1149 177 1182 Ctuario
206 1148 310 1180 minor
335 1146 493 1178 dubitatio
509 1144 570 1183 est,
596 1145 668 1185 quia
685 1153 749 1175 non
768 1142 813 1174 est
829 1141 929 1172 domi·

55 1201 115 1224 nus
132 1191 177 1222 rei
192 1187 387 1226 fructuariae,
406 1187 481 1218 licet
497 1186 527 1216 in
546 1195 582 1216 ea
600 1186 713 1216 habeat
726 1185 774 1225 jus
791 1182 929 1214 ususfru-

56 1233 134 1264 stus.
157 1232 242 1269 im0‚
264 1229 283 1261 fi
300 1229 420 1260 alienus
437 1228 482 1259 est
500 1225 707 1265 ususfructus,
730 1235 771 1257 ne
786 1224 928 1266 proprie·

57 1274 170 1306 tarium
186 1272 314 1313 quidem
326 1293 334 1308 ,
350 1270 452 1301 invito
468 1268 660 1306 fructuario,
677 1268 785 1299 locum
802 1264 927 1306 religio-

56 1314 123 1347 sum
146 1313 253 1345 facere
278 1312 407 1353 placet:
429 1309 651 1341 consentiente
675 1309 781 1348 placet
805 1308 833 1338 d.
852 1307 880 1349 §.
899 1315 928 1343 9.

57 1355 149 1389 Idem
174 1353 269 1386 tradit
297 1351 452 1392 Ulpianus
474 1351 493 1382 l.
518 1361 545 1382 2.
572 1350 600 1392 §.
619 1359 646 1390 7.
666 1350 707 1381 D.
726 1351 754 1381 h.
774 1356 795 1381 t.
820 1348 873 1380 ubi
888 1349 931 1379 ita

56 1399 268 1437 interpungo:
291 1394 347 1425 Sed
371 1393 408 1428 ὅ)
418 1392 448 1430 fi
463 1392 540 1423 alius
556 1392 780 1432 proprietatem,
804 1391 880 1421 alius
897 1400 931 1420 u-

48 1436 251 1480 sumfrustum
274 1436 376 1474 habet,
398 1444 455 1465 non
477 1434 566 1471 faciet
591 1434 683 1464 locum
699 1432 862 1474 religiosum
880 1440 931 1462 nec

51 1479 270 1522 proprietarius.
308 1476 404 1509 Plane
421 1474 508 1507 addit
523 1475 641 1506 ibidem
661 1473 833 1514 Ulpianus,
856 1482 930 1513 pro-

56 1520 262 1563 prietarium,
277 1518 298 1550 fi
314 1517 401 1549 forte
413 1516 512 1557 ipsum
531 1517 583 1557 qui
601 1515 828 1547 usumfructum
847 1515 930 1555 lega-

56 1564 163 1599 verit,
179 1559 337 1598 iutulerit,
354 1568 425 1590 curn
444 1559 475 1589 in
493 1557 588 1589 alium
606 1558 713 1588 locum
734 1566 797 1588 tarn
815 1565 933 1597 oppor-

58 1612 137 1635 tune
153 1601 262 1633 inferri
275 1609 338 1632 uon
356 1599 476 1641 posset,
487 1598 669 1640 religiosum
686 1598 794 1630 locum
811 1599 932 1636 facere,

62 1645 94 1677 &
112 1643 155 1675 ita
172 1642 327 1683 Julianum
345 1641 489 1673 scribere.
534 1641 651 1672 Similis
674 1640 804 1681 quaestio
831 1639 875 1671 est
892 1640 932 1671 de

60 1686 138 1718 loco
161 1684 214 1725 qui
233 1682 346 1721 servit,
362 1692 400 1714 an
412 1683 440 1714 ὅ(
452 1682 580 1722 quando
598 1691 670 1714 eum
689 1681 868 1722 religiosum
886 1680 932 1712 fa-

62 1736 138 1759 cere
154 1724 248 1766 poffit
265 1724 421 1756 dominus.
462 1723 542 1755 Item
563 1723 641 1762 alia,
666 1722 685 1755 fi
702 1722 932 1764 oppignoratus

61 1768 109 1802 fit.
153 1767 215 1799 Sed
240 1766 279 1797 de
302 1765 349 1796 his
374 1763 527 1804 Ulpianus
543 1766 571 1796 d.
588 1764 606 1795 l.
623 1775 652 1797 2.
671 1765 699 1807 §.
712 1769 739 1799 8.
757 1764 793 1799 ξεῖ)
809 1774 838 1801 9.
862 1763 933 1795 satis

63 1810 148 1842 clare
162 1817 199 1840 ac
215 1808 320 1847 plene.
346 1806 394 1838 Ex
413 1806 511 1839 Paulo
532 1816 611 1837 vero
630 1806 650 1838 l.
670 1817 698 1847 3.
716 1815 791 1837 mox
807 1806 848 1838 fic
866 1805 933 1836 sub-

63 1850 187 1892 jicitur:
202 1848 252 1881 Ex
270 1847 421 1880 consensu
433 1856 537 1880 tamen
548 1848 691 1880 omnium
702 1848 809 1880 utilius
829 1846 873 1879 est
889 1847 933 1879 di-

63 1902 138 1924 cere
155 1914 165 1930 ,
195 1889 375 1931 religiosum
395 1889 482 1931 posse
504 1889 583 1921 fieri.
613 1889 709 1930 idque
735 1889 933 1930 Pomponius

62 1932 180 1964 scribit.
204 1931 394 1972 Papinianus
414 1931 507 1972 plane
523 1931 541 1962 l.
557 1940 608 1972 43.
626 1931 652 1961 h.
669 1936 688 1962 t.
717 1929 882 1969 observat,
906 1939 935 1961 a-

60 1975 165 2014 liquas
183 1972 245 2004 ess'e
270 1971 419 2013 personas
445 1981 516 2012 quae
533 1981 724 2013 quamquam
742 1973 850 2004 locum
867 1971 936 2003 reli-

59 2014 182 2057 giosum
198 2013 306 2045 facere
330 2023 395 2045 non
412 2013 558 2055 poffunt,
581 2012 753 2045 interdicto
769 2022 874 2045 tamen
895 2014 935 2044 de

61 2064 191 2088 mortuo
207 2054 378 2087 inferendo
404 2055 524 2086 utiliter
539 2063 646 2097 agunt.
690 2055 752 2087 Sed
770 2056 810 2086 de
827 2055 874 2086 his
891 2055 935 2086 di-

62 2107 132 2130 cam
147 2097 301 2137 sequente
317 2095 434 2128 Titulo
451 2097 503 2127 De
521 2102 631 2127 mortuo
648 2095 807 2137 inferendo.

101 2137 243 2170 Effectus
253 2138 416 2178 religionis
426 2137 486 2169 est:
502 2145 536 2169 ut
550 2138 657 2169 locum
675 2137 854 2179 religiosum
872 2138 937 2168 exi-

62 2187 129 2212 mat
144 2180 283 2212 humano
300 2180 515 2217 commercio;
540 2180 648 2219 itaque
662 2179 687 2210 is
699 2202 708 2217 ‚
731 2188 803 2210 cum
821 2180 936 2211 nullius

62 2228 194 2263 putetur
209 2220 289 2259 esse,
306 2229 410 2260 neque
427 2221 591 2253 dominum
606 2220 741 2260 habeat,
756 2230 860 2262 neque
872 2221 938 2252 vin-

62 2264 180 2301 dicari,
204 2271 310 2303 neque
326 2261 452 2294 alienari
467 2262 569 2302 poffit.

102 2303 200 2342 Dixi,
224 2304 390 2344 quomodo
416 2303 506 2335 locus
525 2302 579 2335 fiat
603 2304 777 2344 religiosus.
802 2304 936 2343 addam,

62 2346 231 2386 quomodo
251 2345 319 2376 talis
337 2344 397 2376 effe
415 2344 542 2376 definat.
565 2345 702 2386 Egregie
721 2345 833 2377 Paulus
848 2346 868 2376 l.
886 2356 935 2384 44.

62 2387 91 2429 §.
110 2396 136 2418 1.
158 2386 199 2418 D.
218 2386 245 2417 h.
262 2392 282 2416 t.
314 2385 416 2425 Cum,
440 2386 559 2426 inquit,
584 2388 790 2427 impetratur,
815 2394 850 2418 ut
866 2388 936 2418 reli-

62 2427 142 2469 quiae
168 2426 420 2466 transferantur,
443 2426 555 2459 definit
577 2428 667 2459 locus
685 2427 848 2469 religiosus
866 2427 937 2459 esse.

62 2470 118 2502 Ait
136 2493 146 2510 ,
170 2479 235 2500 cum
259 2470 439 2508 impetratur.
484 2468 598 2501 Refert
623 2478 748 2508 tamen,
773 2478 878 2501 utrum
899 2470 938 2501 ad

64 2517 191 2551 tempus
207 2510 321 2541 alicubi
347 2511 591 2549 commendata,
614 2510 677 2542 sive
694 2511 855 2552 deposita,
879 2510 939 2542 sint

66 2551 150 2588 ossa,
166 2551 253 2582 verbi
269 2552 366 2591 gratia
377 2575 386 2591 ,
402 2552 507 2583 donec
523 2552 723 2592 sepulchrum
742 2552 937 2591 aedificetur;

64 2601 105 2624 an
127 2591 187 2623 fint
212 2594 324 2638 tradita
346 2601 509 2633 perpetuae
534 2594 712 2634 repulturae.
745 2594 842 2634 priori
868 2593 938 2624 casu

66 2640 195 2673 poterat
218 2634 346 2673 quidem
371 2635 424 2674 qui
449 2634 639 2675 deposuerat
656 2659 665 2675 ,
697 2635 938 2667 translationem

65 2677 256 2714 impetrare3
272 2682 307 2704 ut
324 2674 367 2705 est
384 2676 446 2707 tale
461 2677 643 2717 exemplum
660 2677 745 2717 apud
761 2675 936 2707 Gruterum

67 2715 189 2755 COVPOVe
205 2713 503 2760 Inscrzptionzinzpag.
521 2721 591 2758 607.
609 2728 637 2749 n.
659 2727 683 2749 1.
715 2718 767 2749 sed
787 2727 852 2749 non
870 2724 938 2748 erat

67 2755 192 2803 necesse
209 2764 395 2802 impetrare:
417 2766 488 2789 narn
506 2768 579 2790 eum
597 2758 659 2790 ossa
675 2758 848 2791 transferre
866 2767 939 2795 pro-

69 2806 142 2843 pria·
153 2796 341 2827 auctoritate
352 2820 360 2835 ‚
377 2807 441 2842 non
457 2800 639 2838 prohiberi,
659 2801 809 2832 traditum
827 2810 843 2831 a
859 2799 941 2831 Dio-

68 2839 208 2870 cletlano
226 2838 255 2868 Gt
273 2837 471 2869 Maximiano
489 2840 508 2871 l.
531 2850 574 2872 10.
592 2841 625 2872 C.
642 2842 670 2873 h.
689 2849 709 2872 t.
726 2843 755 2874 &
774 2843 881 2872 locum
899 2850 941 2872 eo

68 2878 141 2911 casu
160 2878 329 2925 profanum
352 2889 498 2919 manere,
522 2880 631 2913 Paulus
649 2884 691 2914 ait
708 2884 727 2914 l.
745 2892 793 2921 40.
812 2883 853 2913 D.
870 2883 898 2913 h.
917 2888 939 2914 t.

69 2920 106 2953 In
123 2919 299 2961 posteriore
317 2919 387 2951 casu
402 2921 492 2951 aliter
509 2921 571 2953 fuit
581 2922 801 2956 observatum:
818 2933 891 2955 nam
907 2931 942 2954 ut

68 2961 252 2993 Marcianus
272 2960 377 2992 scribit
395 2962 415 2992 l.
432 2971 481 3002 39.
497 2963 522 2994 d.
542 2970 561 2994 t.
585 2962 663 2997 Divi
688 2964 815 2997 Fratres
833 2966 942 2996 admo-

68 3011 226 3040 nuerunt,
250 3001 302 3048 Ne
324 3001 410 3042 justae
436 3002 600 3043 sepulturae
624 3006 773 3038 traditum
789 3031 799 3046 ,
822 3007 854 3037 id
878 3005 942 3044 est,

67 3052 150 3076 terra
159 3044 347 3082 conditum,
365 3053 481 3084 corpus
497 3044 701 3085 inquietetur.
725 3047 767 3078 Et
782 3056 855 3078 cum
872 3056 941 3087 pos·

68 3085 106 3119 fit
123 3086 238 3126 quaeri,
263 3086 391 3125 quando
418 3093 499 3117 terra
520 3085 686 3120 conditum
711 3089 856 3120 dicatur:
879 3089 942 3126 ait,

69 3127 169 3158 videri
195 3136 278 3157 terra
300 3127 487 3166 conditum,
512 3127 542 3158 ὅ(
562 3126 585 3159 ’Π
607 3127 637 3160 in
654 3130 758 3160 arcula
774 3129 941 3161 conditum

69 3167 106 3200 fit
123 3168 187 3199 hoc
203 3170 309 3200 animo
321 3191 331 3207 ,
355 3175 389 3199 ut
405 3177 472 3200 non
490 3168 564 3200 alibi
581 3169 798 3202 transferatur.
823 3170 940 3210 Addit,

67 3210 131 3243 Sed
147 3210 284 3244 arculam
300 3209 416 3252 ipsam,
436 3208 515 3243 sires
532 3210 658 3252 exigat,
672 3212 704 3244 in
720 3212 830 3245 locum
848 3220 938 3245 com·

1784 101 1853 135 205

970 187 1149 219 modiorem
1171 186 1269 218 licere
1295 184 1484 222 transferre,
1508 192 1574 216 non
1599 180 1661 214 effe
1686 182 1849 222 denegan-

969 229 1055 261 dum.
1080 226 1125 259 Ut
1137 227 1400 269 igitur-religione
1414 227 1567 258 liberetur
1585 225 1675 257 locus
1687 247 1696 262 ‚
1713 230 1849 265 oportet

970 271 1151 310 impetrari,
1168 269 1188 301 fi
1204 279 1252 301 res
1269 270 1389 310 exigat.
1415 270 1439 299 A
1457 267 1597 307 quibus?
1612 266 1651 297 ab
1668 266 1715 297 his
1732 264 1849 306 quibus

969 312 1177 353 permittendi
1194 312 1241 351 jus
1261 309 1315 341 est.
1338 309 1379 341 fic
1397 310 1439 341 ait
1456 308 1611 351 Ulpianus
1628 309 1646 338 l.
1665 318 1693 348 33.
1714 307 1741 349 §.
1758 317 1786 346 4.
1806 305 1848 336 D.

969 354 1002 384 de
1011 352 1138 393 sepult-h.
1156 352 1255 382 violat.
1279 350 1349 382 Effe
1360 360 1464 383 autem
1478 350 1576 382 hosin
1590 352 1754 390 provincia
1767 349 1848 379 l'rae-

969 394 1049 426 fides
1073 393 1261 434 intelligitur
1285 401 1324 423 ex
1349 392 1367 423 l.
1396 402 1420 424 1.
1451 393 1483 423 C.
1499 393 1526 423 b.
1547 397 1569 424 t.
1593 391 1709 423 Plinius
1726 391 1775 421 lio.
1798 398 1847 421 10.

970 432 1063 476 Epist.
1090 438 1141 470 69.
1174 433 1268 465 ctiam
1294 434 1439 464 meminit
1463 433 1710 465 Proconsulurn:
1736 432 1846 463 Romae

969 485 1075 509 autem
1088 476 1156 507 vult
1166 475 1242 506 adiri
1260 474 1441 514 Collegium
1461 473 1653 505 Pontificum
1665 498 1674 513 ‚
1690 483 1742 505 aut
1760 472 1848 504 Prin-

967 520 1093 558 cipem,
1111 524 1271 555 tamquam
1291 514 1483 546 Pontificem
1504 515 1699 547 Maximum:
1715 525 1796 556 quos
1814 524 1847 544 e-

968 561 1043 592 tiam
1060 560 1202 590 nominat
1217 556 1476 597 Ulpianusl.8.h.
1488 563 1507 587 t.
1525 557 1575 587 ubi
1595 558 1634 587 ab
1651 557 1732 594 alio,
1751 564 1848 597 quam

968 611 985 633 a
1002 601 1155 638 domino,
1180 599 1263 630 illata
1291 597 1361 629 sunt
1384 598 1467 636 ossa,
1492 607 1593 637 eaque
1611 599 1759 630 dominus
1779 597 1849 628 vult

969 652 1079 676 eruere
1099 650 1153 673 aut
1171 639 1325 671 effodere.
1349 639 1382 671 ln
1399 640 1419 670 l.
1439 648 1483 679 14.
1503 639 1535 669 C.
1548 640 1576 669 h.
1596 646 1615 669 t.
1632 640 1766 676 dicitur,
1785 639 1850 670 Ne-

969 695 1012 716 mo
1029 685 1189 715 humanum
1206 688 1308 722 corpus
1325 683 1363 712 ud
1378 679 1637 718 aliumlocumfine
1654 679 1785 722 Augusti
1800 678 1850 719 af-

986 727 1081 757 atibus
1104 723 1273 762 transferat.
1295 722 1434 762 jacobus
1459 721 1687 753 Gothofredus
1713 724 1750 753 ad
1777 722 1796 752 l.
1821 730 1849 761 7.

972 768 1039 799 Cod.
1057 765 1162 797 Theod.
1181 763 1374 805 desepuichro
1389 764 1498 796 violato
1515 771 1624 804 putat,
1649 763 1851 803 desumptam

970 819 1011 840 ex
1033 808 1092 839 hac
1114 807 1184 848 lege
1212 805 1274 837 esse
1298 808 1325 837 d.
1350 806 1368 836 l.
1400 815 1445 846 14.
1468 806 1577 846 ibique
1603 814 1662 845 pro
1689 805 1851 836 humanum

968 857 1069 891 corpus
1086 858 1125 881 ex
1143 853 1171 879 ιτ.
1188 848 1206 878 l.
1224 858 1254 888 7.
1279 847 1341 879 esse
1365 847 1536 888 legendum
1560 847 1713 878 humatum
1734 851 1847 886 corpus.

970 891 1090 923 Monui
1117 891 1236 925 mod0.
1259 888 1500 921 translationem
1520 889 1647 920 demum
1668 885 1851 928 impetrari,

969 933 989 966 fi
1007 943 1055 965 res
1071 932 1188 973 exigat.
1213 929 1366 971 Traianus
1383 932 1466 971 apud
1484 931 1621 962 Plinium
1640 931 1685 962 lib.
1707 939 1752 961 10.
1769 925 1849 969 epist-

969 985 1019 1016 70.
1043 973 1122 1006 dicit
1141 980 1274 1012 propter
1288 971 1382 1013 justas
1401 972 1520 1013 aliquas
1539 973 1654 1003 causas.
1684 971 1726 1002 Et
1744 979 1853 1002 exem·

970 1017 1058 1058 plum
1076 1016 1105 1046 in
1125 1014 1218 1055 Epist.
1236 1018 1286 1050 69.
1309 1023 1378 1054 quae
1397 1013 1441 1045 est
1460 1013 1569 1052 Plinii,
1594 1021 1728 1055 propter
1746 1011 1853 1052 injuri-

971 1068 1021 1090 am
1038 1055 1221 1093 vetustatis‚
1237 1063 1290 1087 aut
1307 1062 1440 1096 propter
1456 1054 1593 1088 fluminis
1611 1054 1779 1087 incursum.
1796 1053 1855 1084 hu-

968 1101 1017 1140 J'us
1036 1100 1131 1131 etiam
1149 1098 1270 1129 mentio
1289 1099 1320 1128 in
1338 1098 1356 1127 l.
1380 1106 1404 1128 1.
1424 1097 1456 1128 C.
1473 1097 1500 1129 h.
1521 1103 1542 1128 t.
1576 1097 1605 1128 ἃ
1623 1097 1706 1138 apud
1724 1095 1855 1127 Paulum

971 1142 1019 1174 lib.
1041 1149 1065 1172 1.
1082 1140 1211 1171 Sentent.
1231 1138 1361 1180 tz't.2t.§
1386 1148 1411 1170 1.
1437 1138 1529 1170 Dicit
1546 1147 1700 1180 praeterea
1718 1136 1853 1174 Paulus,

973 1183 1123 1222 reliquias
1136 1180 1327 1212 solemnibus
1344 1179 1475 1212 redditis
1486 1179 1645 1212 sacrificiis
1657 1189 1713 1221 per
1722 1178 1854 1210 noffitem

972 1225 1004 1256 in
1021 1224 1115 1255 alium
1133 1223 1241 1254 locum
1260 1220 1436 1253 transferri.
1480 1221 1542 1253 Sed
1563 1223 1602 1252 de
1621 1222 1669 1252 his
1692 1220 1770 1252 adiri
1787 1219 1856 1251 sua-

972 1266 1065 1297 deam
1091 1263 1195 1296 Notas
1217 1263 1395 1295 Dostiffimi
1421 1263 1484 1295 mei
1511 1263 1655 1303 Collegae
1674 1285 1683 1300 ,
1717 1261 1855 1293 Antonii

973 1306 1184 1347 Schustingii,
1209 1306 1238 1336 ὅ(
1262 1305 1303 1336 de
1331 1304 1480 1337 omnibus
1502 1303 1755 1336 Kirchmannum
1775 1311 1856 1344 quo-

974 1358 1038 1390 que
1054 1348 1101 1379 lib.
1119 1358 1148 1389 3.
1169 1346 1217 1378 De
1227 1347 1363 1387 sunerib.
1381 1346 1464 1377 Rom.
1481 1356 1507 1377 c.
1526 1356 1576 1385 25.

1015 1389 1187 1430 Postquam
1198 1388 1261 1420 dixi
1272 1397 1342 1428 quae
1353 1387 1411 1419 fint
1420 1387 1564 1430 religiosa
1575 1387 1662 1419 loca:
1676 1395 1733 1427 age
1742 1409 1752 1424 ,
1766 1393 1854 1416 nunc

974 1431 1210 1463 consideremus
1221 1453 1230 1468 ,
1245 1429 1356 1461 Edicta
1373 1430 1413 1462 de
1430 1429 1476 1461 his
1492 1440 1508 1460 a
1524 1429 1665 1462 Praetore
1682 1426 1856 1470 proposita.

974 1473 1045 1504 sunt
1069 1480 1175 1503 autem
1199 1471 1374 1511 complura.
1397 1471 1533 1512 primum
1558 1471 1588 1501 in
1614 1470 1634 1501 l.
1659 1480 1688 1501 2.
1713 1469 1742 1511 §.
1761 1479 1789 1500 2.
1814 1468 1854 1499 ab

976 1514 1117 1555 Ulpiano
1136 1513 1226 1545 hisce
1245 1513 1392 1553 proditur
1416 1513 1540 1544 verbis:
1565 1512 1635 1543 Sive
1650 1512 1729 1542 hoino
1744 1515 1857 1541 mortu-

976 1565 1030 1595 us,
1046 1555 1139 1596 offave
1154 1555 1276 1586 hominis
1293 1554 1415 1592 mortui,
1431 1555 1463 1585 in
1480 1554 1573 1584 locum
1586 1561 1697 1593 purum
1713 1552 1855 1590 alterius,

976 1603 1028 1629 aut
1044 1598 1076 1628 in
1095 1598 1124 1627 z'cl
1132 1596 1321 1637 sepulchrum
1336 1597 1366 1626 2⁴71
1386 1605 1440 1636 quo
1447 1595 1500 1637 jus
1515 1605 1570 1625 non
1581 1595 1696 1634 fuerit,
1712 1594 1794 1624 illota
1811 1602 1857 1623 es-

966 1640 1001 1680 se
1017 1640 1171 1671 dicentur.-
1186 1638 1238 1679 qui
1254 1637 1304 1668 hoc
1313 1637 1409 1677 fecit,
1425 1636 1586 1676 infastum
1602 1634 1728 1673 actione,
1747 1633 1784 1669 &²
1795 1640 1855 1674 pae-

975 1691 1019 1712 ⁷1ae
1032 1681 1207 1722 pecuniariae
1220 1679 1398 1720 subjicietur.
1431 1677 1465 1709 In
1483 1678 1545 1709 hoc
1564 1677 1680 1708 Edicto
1699 1676 1858 1718 proponi-

977 1730 1028 1754 tur
1044 1721 1125 1753 aetio
1143 1721 1172 1752 in
1189 1719 1319 1752 factum.
1344 1720 1500 1761 quando?
1523 1719 1542 1750 si
1569 1720 1668 1750 homo
1691 1725 1857 1758 mortuus,

976 1763 1084 1796 ossave
1102 1762 1241 1794 hominis
1261 1762 1399 1800 mortui,
1423 1761 1506 1793 illata
1525 1760 1583 1792 fint
1600 1761 1630 1792 in
1649 1760 1755 1792 locum
1779 1759 1859 1790 alte-

976 1805 1039 1838 rius
1054 1813 1184 1846 purum,
1201 1810 1255 1834 aut
1274 1803 1305 1834 in
1318 1803 1349 1834 id
1362 1802 1562 1843 sepulchrum
1574 1825 1583 1840 ,
1601 1802 1631 1833 in
1649 1810 1714 1842 quo
1729 1801 1777 1841 jus
1794 1808 1860 1832 non

976 1846 1085 1879 fuerit.
1131 1846 1215 1878 Cum
1239 1844 1361 1876 Praetor
1389 1846 1448 1883 ait,
1472 1844 1585 1881 Homo,·
1610 1852 1670 1875 nec
1694 1841 1859 1883 distinguit

977 1889 1167 1920 hominem:
1191 1886 1342 1918 observat
1367 1884 1520 1926 Ulpianus
1538 1909 1547 1923 ,
1579 1894 1614 1915 ca
1640 1883 1860 1926 appellatione

977 1940 1051 1962 cum
1070 1929 1224 1966 liberum,
1242 1936 1309 1959 tum
1327 1927 1470 1967 servum3
1486 1926 1668 1967 complecti.
1691 1927 1719 1957 d.
1737 1925 1757 1956 l.
1770 1934 1797 1955 2.
1810 1931 1858 1965 pr.

979 1971 1061 2004 Cum
1087 1980 1166 2002 vero
1193 1968 1316 2001 homini
1340 1977 1471 2000 mortuo
1494 1967 1633 2009 adjungit
1654 1966 1710 2008 offa
1736 1967 1860 1997 hominis

978 2015 1102 2049 mortui3
1127 2019 1207 2054 puto
1225 2034 1235 2049 ,
1259 2020 1315 2051 per
1339 2010 1503 2042 hominem
1528 2018 1691 2042 mortuum
1718 2007 1860 2049 designat

977 2056 1114 2086 cadaver
1139 2053 1319 2095 integrum,
1344 2053 1374 2083 &
1401 2061 1459 2092 per
1483 2051 1547 2083 oss'a
1572 2049 1711 2083 hominis
1738 2050 1861 2082 mortui

979 2096 1043 2128 oss'a
1062 2096 1092 2127 ὅ(
1111 2094 1252 2132 cineres,
1275 2092 1326 2124 seu
1344 2094 1512 2134 reliquias,
1530 2094 1562 2124 in
1579 2101 1689 2124 urnam
1706 2090 1860 2122 comestas

980 2137 1149 2169 combusto
1173 2144 1331 2176 corpore,
1355 2135 1511 2167 Veterum
1530 2144 1632 2166 more.
1656 2134 1714 2164 hac
1732 2133 1861 2164 ratione

979 2181 1011 2211 in
1028 2180 1046 2210 l.
1065 2188 1112 2218 42.
1127 2179 1155 2209 h.
1173 2184 1193 2208 t.
1218 2177 1372 2218 legimUS,
1403 2183 1502 2217 corpus
1517 2176 1564 2207 vel
1582 2176 1726 2217 reliquie:
1752 2181 1787 2204 ut
1802 2173 1859 2205 hic

981 2222 1011 2252 δι
1026 2220 1054 2262 §.
1071 2230 1100 2260 5.
1118 2221 1146 2250 d.
1161 2219 1180 2250 l.
1197 2229 1225 2250 2.
1254 2224 1355 2259 corpus
1379 2218 1416 2253 ὅ)
1439 2217 1505 2258 offa.
1529 2219 1615 2258 quod
1635 2214 1860 2248 animadvertit

980 2259 1316 2341 Jacobgstutherius
1332 2259 1379 2291 lib.
1398 2270 1427 2303 3.
1444 2259 1492 2291 De
1501 2261 1567 2301 jur.
1583 2268 1663 2291 mem.
1679 2268 1705 2290 c,
1724 2267 1773 2298 23.
1786 2263 1860 2299 pag.

1022 2307 1051 2334 6.
1138 2312 1150 2333 e
1172 2327 1178 2333 .

980 2314 1133 2376 53Locum
1152 2312 1258 2384 ἕποντο
1282 2342 1438 2384 Ulpianus
1463 2343 1491 2374 d.
1509 2342 1529 2373 l.
1549 2353 1576 2374 2.
1592 2341 1620 2383 §.
1643 2350 1667 2372 1.
1691 2339 1723 2372 in
1741 2339 1858 2372 Editio

980 2387 1117 2427 accipit,
1139 2385 1204 2416 sive
1220 2385 1250 2416 in
1269 2394 1364 2426 agr0‚
1381 2384 1444 2415 sive
1461 2385 1491 2415 in
1510 2382 1666 2414 aedifieio:
1691 2381 1858 2424 sepulturis

981 2430 1012 2460 in
1033 2437 1110 2468 agro
1128 2426 1196 2458 fieri
1222 2426 1319 2458 solitis
1331 2449 1341 2464 ‚
1365 2426 1553 2466 plerumque
1571 2423 1655 2455 circa
1674 2424 1739 2456 vias
1757 2423 1845 2464 publi
1857 2438 1870 2446 -

981 2479 1052 2507 cas,
1076 2469 1246 2508 aliquando
1271 2468 1302 2499 in
1328 2466 1441 2498 mediis
1460 2466 1711 2508 posseffionibus.
1737 2474 1799 2505 qua
1816 2466 1857 2496 de

981 2520 1016 2542 re
1033 2509 1194 2549 Johannes
1218 2508 1470 2548 Kirchinannus,
1495 2509 1534 2540 V.
1551 2507 1611 2539 Cr..
1631 2507 1678 2538 lib.
1697 2516 1725 2539 2.
1745 2507 1792 2538 De
1808 2507 1861 2545 fu-

981 2553 1071 2583 nerib.
1092 2551 1176 2582 Rom.
1194 2561 1218 2582 c.
1240 2560 1289 2581 22.
1320 2549 1383 2581 Sed
1411 2548 1567 2590 Ulpianus
1590 2551 1618 2580 d.
1643 2547 1671 2590 §.
1692 2557 1715 2579 1.
1734 2549 1753 2579 l.
1772 2559 1800 2580 2.
1826 2549 1858 2579 in

981 2593 1201 2633 explicatione
1219 2591 1291 2622 Loci
1307 2600 1371 2622 non
1396 2599 1518 2623 tantum
1535 2593 1598 2632 agri
1617 2590 1780 2628 meminit,
1804 2599 1860 2619 ve-

981 2644 1049 2666 rum
1076 2633 1171 2665 etiam
1197 2632 1340 2664 aedificii:
1367 2632 1438 2673 quia
1459 2632 1590 2664 aedificia
1608 2632 1637 2663 &
1654 2632 1859 2663 domunculae

983 2675 1157 2716 sepulchris
1185 2675 1215 2706 &
1245 2675 1463 2706 monumentis
1490 2673 1748 2715 imponebantur.
1794 2672 1858 2703 Res

981 2716 1135 2755 frequens
1150 2715 1181 2747 in
1199 2715 1517 2755 Inscriptionibus;&
1533 2722 1685 2747 annotata
1703 2724 1720 2745 a
1736 2713 1858 2754 Jacobo

984 2756 1199 2789 Gothofredo
1221 2757 1260 2787 ad
1285 2756 1304 2787 1.
1322 2766 1350 2797 4.
1372 2757 1440 2788 Cod.
1463 2757 1566 2788 Theoti.
1585 2755 1777 2796 desepulchro
1794 2756 1857 2784 vio-

984 2800 1061 2838 lato,
1086 2799 1115 2842 Gt
1133 2798 1256 2838 jacobo
1275 2797 1456 2837 Gutherio‚
1481 2798 1527 2829 De
1539 2799 1604 2840 jur.
1625 2807 1702 2828 man.
1720 2797 1767 2827 lib.
1785 2805 1814 2827 2.
1834 2804 1858 2826 c.

984 2850 1034 2872 20.
1058 2839 1171 2880 qulbus
1189 2840 1261 2870 addi
1279 2839 1383 2879 potest
1400 2838 1634 2872 Kirchmannus
1651 2839 1697 2868 lib.
1715 2847 1742 2878 3.
1768 2847 1791 2867 c.
1812 2845 1858 2875 15.

984 2882 1028 2913 At
1050 2890 1115 2912 non
1140 2880 1201 2911 fuit
1223 2889 1395 2914 contentus
1418 2882 1540 2914 Praetor
1560 2905 1569 2921 ‚
1595 2881 1703 2911 Locum
1728 2876 1858 2908 dixisse:

983 2922 1124 2959 addidit,
1150 2921 1271 2953 Purum.
1300 2921 1428 2954 Dicitur
1444 2932 1550 2954 autem
1567 2929 1659 2961 purus
1675 2920 1786 2956 locus,
1803 2917 1859 2957 qui

986 2972 1091 3004 neque
1103 2963 1203 3002 sacer,
1219 2973 1324 3003 neque
1342 2964 1480 3003 sanetus,
1497 2971 1601 3002 neque
1618 2960 1778 3000 religiosus
1796 2958 1858 2990 est:

986 3004 1098 3087 sed§ab
1116 3005 1295 3077 lgujusmodi
1313 3005 1496 3038 nominibus
1517 3011 1626 3035 vacare
1651 3001 1777 3032 videtur
1793 3001 1821 3032 d.
1839 3001 1858 3030 l.

986 3056 1015 3078 2.
1054 3071 1057 3076 .
1074 3056 1103 3084 4.
1141 3070 1147 3078 .
1167 3054 1188 3077 t.

1028 3087 1176 3128 Sequitur
1199 3087 1229 3119 in
1254 3087 1369 3120 Edicto
1386 3112 1395 3127 ,
1421 3087 1457 3118 In
1483 3086 1573 3115 locum
1593 3090 1705 3124 purum
1728 3083 1859 3115 alterius.

984 3129 1034 3161 Ad
1058 3128 1127 3160 haec
1151 3129 1247 3160 verba
1272 3129 1312 3161 fic
1339 3129 1444 3160 scribit
1472 3124 1622 3165 Ulpianus
1646 3126 1674 3156 d.
1694 3125 1713 3156 l.
1732 3135 1760 3156 2.
1781 3124 1810 3167 §.
1832 3134 1857 3156 1.

983 3170 1045 3202 Hic
1052 3172 1146 3209 sermo
1163 3172 1274 3202 domino
1298 3172 1349 3201 dat
1372 3169 1526 3201 actionem:
1550 3175 1606 3197 iton
1623 3167 1698 3197 bonae
1710 3165 1782 3208 fidei
1793 3173 1859 3207 pos-

973 3211 1104 3285 ΙιἨονῖ.Ο
1104 3221 1192 3252 nam,
1214 3221 1279 3245 cum
1294 3212 1384 3249 dicit,
1405 3212 1437 3242 in
1453 3210 1542 3241 locum
1558 3207 1696 3248 alterius,
1720 3213 1857 3278 appare?

1119 3263 1133 3284 c
1156 3263 1175 3293 3
1844 3258 1856 3270 ³
