2036 3495
155 120 226 155 250
248 122 251 126 ⁴
650 104 684 138 G
714 113 736 136 ε
765 109 789 134 tt
822 108 844 133 A
869 107 893 134 n
923 105 948 132 Β
980 107 994 133 1

207 198 370 231 Convenit
387 195 481 237 igitur
502 192 621 232 judicis
647 190 755 223 officio
770 189 801 220 in
818 187 879 219 hac
897 185 1040 218 actione:

165 249 202 273 ut
219 250 268 271 res
287 237 485 270 commodata
496 233 726 266 commodatori
745 240 783 264 ex
802 229 866 261 fide
881 229 964 260 bona
980 236 1042 259 non

168 281 359 314 deteriorata
383 275 580 310 restituatur:
604 275 742 315 alioquin
770 271 941 304 aestlmetur
957 269 1044 315 quod

167 322 279 354 aCtoris
303 318 454 355 interest,
485 315 514 348 ei
537 317 579 347 ita
603 315 782 347 restitutam
808 312 881 344 effe.
914 319 1043 355 proprie

166 364 271 401 enim,
293 368 327 392 ut
342 360 426 398 dixi,
451 367 512 390 non
534 358 662 390 videtur
678 357 801 390 reddita
817 363 886 394 quae
905 359 1042 398 deterior

166 404 311 436 redditur
324 401 343 432 l.
362 411 392 442 3.
408 400 436 442 §.
455 409 480 431 1.
495 400 523 430 h.
542 405 563 431 t.
575 398 671 431 Porro
682 407 753 430 cum
767 407 804 429 ea
813 395 848 427 fit
863 394 1044 432 aestlmatlo,

164 446 210 477 rei
224 444 403 484 judicandae
421 449 565 482 tempus,
577 441 686 481 quanti
705 450 753 472 res
776 436 1044 477 fit,observatur:

166 493 203 516 ut
220 488 250 516 in
268 484 392 515 caeteris
410 483 502 514 bonae
517 481 723 523 fideijudiciis
739 480 807 512 fieri
824 480 918 526 tolet:
935 486 1043 524 quam-

167 528 215 557 vis
231 526 261 557 in
272 523 577 565 strictijurisjudiciis
589 524 777 564 plerumque
788 523 849 553 litis
861 520 1044 562 conteltatae

168 576 295 607 tempus
306 566 473 606 spectetur.
499 565 550 597 Ne
569 565 631 596 hoc
641 566 771 605 quidem
782 568 1043 605 praetermittam:

169 611 256 649 quod
275 609 343 639 haec
359 608 525 640 aestimatio
538 607 699 639 interdum
715 606 817 647 fitper
825 604 983 649 actorem,
999 609 1044 631 in-

168 652 293 691 terdum
312 659 368 690 per
385 649 539 689 judicem.
570 648 600 679 &
617 649 655 679 ab
671 649 777 679 actore
795 646 830 678 fit
843 642 1046 688 jurejurando

167 692 304 724 mutem
322 701 362 722 ex
379 692 445 731 ejus
467 690 636 722 affectione
661 691 691 720 in
712 687 887 725 infinitum3
911 693 984 729 cum
1000 693 1045 730 rei

168 734 259 765 dolus
279 733 449 764 accusatur.
474 741 490 762 a
513 731 623 771 judice
651 739 761 762 contra
785 729 822 761 fit
847 738 886 759 ex
904 736 949 758 rei
967 733 1046 756 veri-

170 783 256 813 tate,
272 776 380 814 quanti
403 774 513 805 actoris
533 771 675 810 interfit;
691 771 712 803 fi
725 781 786 803 non
805 770 848 802 rei
867 769 975 806 dolus,
992 766 1045 798 sed

170 817 263 854 culpa
277 815 493 847 intervenerit.
517 813 590 846 Hoc
602 822 686 845 nunc
701 813 770 846 exl.
782 822 809 854 3.
819 811 848 853 §.
861 821 886 843 2.
897 809 961 845 &l
975 819 1004 855 5.
1017 808 1045 850 §.

172 867 200 889 1.
213 857 252 888 D.
264 858 291 888 h.
303 864 322 887 t.
342 857 450 887 saltem
465 857 588 896 attingo
612 855 733 886 obiter:
757 853 828 893 quia
843 854 883 884 de
897 851 1046 895 omnibus

171 899 264 930 bonae
274 897 347 929 fidei
366 898 491 936 judiciis
507 897 546 928 de
564 896 756 928 restituendo
774 893 981 940 loquentibus
997 900 1047 931 egi

169 940 259 980 supra
277 938 473 977 subTi‘tu10,
493 937 536 968 De
551 939 581 968 in
591 937 811 979 litemjztrando.
838 935 947 967 Affinis
962 936 1050 973 lupe-

173 980 466 1013 rioriobservationi
479 979 522 1011 est
531 980 635 1010 adhuc
651 978 799 1019 sequens:
813 978 897 1019 quod
915 973 1047 1020 a&or,li

172 1022 343 1063 susceperit
353 1022 492 1054 oblatam
505 1022 568 1054 litis
580 1020 818 1051 aestirnationem
829 1043 838 1058 ‚
849 1028 913 1050 rem
931 1024 1046 1056 accipi-

173 1065 255 1095 entis
281 1062 381 1102 facit,
406 1065 544 1095 maxime
569 1062 771 1102 praesentem:
794 1060 952 1092 absentem
973 1066 1049 1088 vero

173 1113 269 1143 tunc,
293 1114 366 1136 cum
386 1114 457 1137 reus
473 1103 690 1144 poss'essionem
703 1103 747 1134 est
761 1112 801 1133 ex
817 1103 980 1133 voluntate
997 1107 1046 1145 ac-

173 1148 249 1178 toris
265 1146 382 1178 nactus.
405 1147 435 1178 ἃ
447 1147 519 1177 ideo
528 1154 588 1176 nec
604 1144 647 1175 est
665 1154 681 1174 a
699 1144 820 1175 ratione
837 1144 973 1175 alienum
985 1164 994 1180 ‚
1014 1141 1047 1171 lt-

175 1196 241 1219 tem
258 1197 272 1217 a
292 1187 404 1227 Judice
419 1197 482 1219 non
499 1186 640 1219 aestimari
663 1185 774 1224 aliter,
799 1195 892 1225 quam
913 1184 934 1216 fi
957 1191 1048 1214 cave-

174 1230 214 1260 rit
238 1229 343 1267 atior,
366 1238 424 1270 per
448 1229 478 1260 se
500 1238 562 1261 non
588 1228 677 1265 fieri,
701 1237 741 1259 ne
767 1227 832 1266 ejus
849 1227 892 1257 rei
910 1224 1050 1266 poffeffio

175 1271 317 1303 tradatur
332 1270 354 1302 l.
375 1279 422 1312 13.
443 1270 486 1303 D.
502 1271 530 1303 d.
548 1276 570 1302 t.
583 1267 693 1311 juncta
716 1268 737 1302 l.
761 1274 812 1308 40.
831 1267 868 1303 ἃ
886 1278 934 1308 47.
954 1268 999 1297 A).
1017 1267 1050 1297 de

1058 97 1321 139 Nooua-
1376 101 1592 140 COMM-

1078 193 1128 229 >ret
1144 191 1253 224 vindic.
1268 191 1331 224 Sed
1348 192 1389 225 de
1405 192 1522 226 directa
1537 192 1731 226 commodati
1740 193 1862 228 actione
1879 197 1984 233 satis„

1086 230 1241 264 Oblivisci
1265 241 1370 266 tamen
1398 244 1450 267 me
1473 244 1536 267 non
1559 243 1705 276 oportet:
1729 238 1814 276 quod
1840 248 1912 272 cum
1927 250 1980 278 ea,

1087 283 1282 307 concurrunt
1300 276 1439 308 aetiones
1467 276 1554 316 aliae3
1578 285 1612 308 ut
1634 276 1731 309 furti:
1754 277 1842 318 cujus
1859 290 1965 314 exem-

1086 316 1174 356 plum
1192 318 1275 356 apud
1292 315 1463 358 Ulpianum
1479 319 1498 350 l.
1523 328 1555 358 5.
1579 318 1607 360 §.
1634 323 1661 353 8.
1678 318 1719 350 D.
1740 320 1770 351 h.
1786 325 1807 349 t.
1825 318 1965 357 Gellium

1088 358 1136 388 lib.
1152 366 1179 398 7.
1199 357 1289 390 Noti.
1315 360 1410 392 Attio.
1436 370 1459 391 c.
1487 369 1533 401 15.
1557 360 1586 392 ἃ
1606 359 1766 392 Valerium
1785 360 1964 397 Maximum

1088 398 1136 430 lib.
1154 403 1182 433 8.
1198 408 1221 430 c.
1237 410 1266 432 2.
1282 400 1315 442 §.
1331 411 1361 442 4.
1380 400 1535 442 Ulpianus
1551 402 1570 434 l.
1593 411 1639 441 14.
1658 404 1685 433 d.
1702 407 1723 433 t.
1743 402 1838 435 etiam
1855 404 1964 437 memi-

1088 440 1136 471 nit
1151 441 1360 474 condictionis
1377 452 1418 474 ex
1445 443 1534 475 causa
1554 443 1686 476 furtiva.
1713 452 1778 475 turn
1798 446 1829 476 in
1846 445 1866 476 l.
1884 454 1913 487 7.
1932 446 1962 489 §.

1090 490 1116 512 1.
1133 480 1170 515 ὃ)
1195 481 1214 512 l.
1243 487 1289 516 18.
1315 482 1344 524 §.
1375 493 1399 515 1.
1425 486 1483 516 eod.
1509 483 1639 517 actionis
1667 495 1708 516 ex
1723 484 1811 527 Lege
1830 486 1964 527 Aquilia.

1087 530 1279 562 quamquam
1295 533 1328 555 ut
1345 534 1386 557 ex
1406 535 1466 557 una
1474 535 1630 568 percepto
1646 526 1731 564 quod
1748 528 1903 567 debetur,
1919 530 1963 562 al-

1088 573 1155 595 tera
1181 563 1308 595 tollatur
1330 574 1383 597 aut
1413 569 1588 607 minuatur,
1612 568 1738 600 auftore
1763 568 1860 600 Paulo
1879 569 1899 601 l.
1915 579 1964 610 34.

1088 605 1118 647 §.
1136 605 1251 686 alifi).
1269 606 1303 636 de
1318 607 1400 648 oblig.
1421 607 1458 642 ὅ)
1475 608 1529 640 oft.
1550 609 1580 640 ἀ
1600 611 1636 641 ad
1654 619 1726 642 eum
1741 609 1837 642 Pacio
1847 610 1965 644 Centur.

1088 657 1118 687 4.
1134 656 1195 687 quae
1225 670 1231 676 .
1251 656 1299 688 43.

1129 688 1239 719 Restat
1255 688 1338 720 actio
1353 691 1546 722 commodati
1573 691 1751 731 contraria;
1775 692 1839 731 ipsa
1863 703 1903 725 ex
1920 694 1967 727 in·

1091 737 1325 770 terpretatione
1341 731 1430 761 bonae
1450 731 1524 762 fidei
1553 733 1706 773 profecta.
1732 735 1854 774 praebet
1876 745 1965 777 argu-

1088 779 1252 810 mentum,
1276 773 1361 812 quod
1378 782 1439 803 non
1462 772 1583 812 semper
1608 776 1718 813 datur3
1740 775 1791 806 sed
1812 777 1898 817 justis
1915 778 1980 809 de-.

1090 822 1175 844 mum
1193 822 1232 844 ex
1251 813 1359 844 caulis.
1387 814 1533 854 exempla
1560 824 1620 846 non
1638 817 1729 847 addo.
1758 816 1824 848 sunt
1843 818 1969 859 elegan-

1091 855 1135 885 tia
1152 855 1182 885 ὅ(
1199 855 1281 886 clara
1300 856 1329 885 in
1345 855 1364 885 l.
1383 860 1431 890 18.
1452 855 1481 897 §.
1500 866 1528 887 2.
1547 855 1584 890 ἐξ*
1600 867 1626 897 3.
1643 857 1661 888 l.
1688 866 1737 897 17.
1762 857 1789 899 §.
1811 870 1838 900 3.
1857 859 1893 893 ὃ·
1912 861 1967 892 ult.

1091 896 1110 927 l.
1139 906 1168 935 5.
1191 895 1220 937 §.
1248 901 1276 930 8.
1299 895 1318 926 l.
1343 905 1391 928 21.
1424 899 1461 928 l).
1486 898 1514 929 h.
1543 905 1564 928 t.
1581 898 1684 929 bnum
1702 908 1810 938 patere
1829 902 1968 933 moneri:

1095 937 1179 976 quod
1196 938 1354 968 contraria
1379 937 1461 969 aCtio
1484 938 1588 979 potest
1617 939 1743 970 directae
1765 949 1885 979 opponi
1912 951 1968 981 per

1092 980 1220 1010 modum
1239 978 1438 1016 exceptionis
1455 980 1523 1019 J'ure
1540 980 1731 1020 pensationis
1744 1005 1753 1019 ,
1770 982 1820 1013 seu
1841 984 1969 1015 retenti-

1090 1020 1159 1051 onis
1176 1021 1203 1050 α’.
1221 1020 1240 1051 l.
1264 1024 1307 1054 18·
1325 1020 1352 1062 §.
1368 1021 1422 1052 ult.
1443 1021 1534 1066 &lest
1554 1021 1629 1053 mihi
1648 1022 1796 1062 suspicio,
1821 1024 1904 1055 illam
1929 1025 1967 1057 ab

1092 1062 1151 1092 hac
1168 1061 1269 1092 forma
1287 1062 1417 1102 coepiss'e
1437 1071 1592 1103 primum3
1615 1073 1711 1103 atque
1730 1073 1764 1095 ut
1781 1065 1848 1104 jura
1865 1066 1968 1104 paula·
1996 1074 2000 1079 ·

1092 1103 1148 1133 tim
1166 1103 1342 1134 increscunt
1359 1113 1512 1135 movente
1531 1105 1690 1144 utilitate;
1713 1115 1786 1137 mox
1805 1106 1968 1140 invaluiss'e

1092 1144 1164 1182 usu,
1190 1152 1223 1175 ut
1240 1147 1334 1176 etiarn
1355 1144 1454 1185 posset
1477 1145 1539 1178 sine
1567 1146 1732 1186 principali
1751 1146 1868 1178 institui
1888 1149 1968 1180 ultro

1092 1185 1110 1216 l.
1133 1195 1182 1225 17·
1198 1185 1225 1216 h.
1242 1192 1263 1217 t.
1282 1185 1329 1216 lta
1347 1195 1407 1217 non
1427 1186 1471 1219 est
1488 1188 1606 1220 inutilis
1618 1197 1671 1219 aut
1689 1188 1878 1229 supervacua
1895 1198 1968 1221 con-

1092 1229 1186 1309 ξεῖῑὶῗ
1210 1227 1302 1259 aetio.
1325 1227 1378 1260 sed
1400 1228 1462 1260 hoc
1485 1230 1562 1262 licet
1586 1229 1765 1271 intelligere
1781 1239 1823 1262 ex
1838 1230 1900 1262 cll.
1920 1236 1968 1267 18.

836 1352 1192 1387 T1TuLus
1241 1352 1338 1389 VII.

781 1432 831 1468 De
843 1435 1049 1479 pigneratitia
1060 1433 1176 1469 afflone
1189 1433 1241 1468 vel
1252 1439 1368 1468 contra.

176 1522 473 1601 Commodatum
483 1521 605 1562 excipit
615 1520 739 1563 pignus:
750 1521 861 1553 tertius
872 1521 1053 1554 contractus

1095 1521 1125 1553 in
1142 1520 1164 1552 l.
1179 1531 1227 1561 42.
1247 1519 1286 1551 D.
1304 1521 1333 1553 h.
1351 1527 1372 1553 t.
1393 1521 1422 1553 δι
1439 1522 1459 1556 l.
1477 1533 1504 1555 2.
1523 1522 1564 1554 D.
1580 1524 1613 1554 de
1624 1524 1812 1568 pignoribus,
1836 1530 1973 1556 vocatur

259 1574 292 1596 re
308 1563 466 1595 constans.
479 1562 524 1594 est
542 1571 648 1595 autern
668 1563 992 1604 pignus,contra6tus
1006 1563 1051 1603 ju·
1091 1563 1245 1603 judicium
1265 1563 1305 1593 de
1324 1564 1460 1604 pignore
1475 1566 1561 1595 dato.
1580 1563 1631 1595 Est
1649 1572 1755 1595 autem
1775 1575 1905 1605 plgnus,
1921 1574 1971 1597 res

175 1607 216 1639 ris
236 1606 378 1646 gentium
391 1628 400 1643 ,
417 1604 512 1635 bonae
527 1603 622 1643 fidei,
639 1614 705 1645 quo
724 1614 773 1636 res
791 1604 941 1636 creditori
959 1605 1049 1636 datur
1095 1605 1198 1635 omnis
1219 1604 1371 1635 creditori
1389 1614 1447 1645 pro
1466 1605 1578 1636 debito
1604 1606 1752 1645 obligata.
1779 1607 1852 1637 alias
1870 1606 1974 1647 hypo.

174 1647 206 1680 in
227 1647 427 1679 securitatem
445 1644 559 1676 debiti:
582 1655 618 1676 ea
637 1646 725 1686 lege,
742 1653 777 1675 ut
794 1645 899 1676 soluto
918 1646 1050 1685 debito,

1100 1646 1195 1676 theca
1220 1645 1407 1685 appellatur.
1432 1645 1508 1678 Hoc
1531 1648 1630 1677 modo
1657 1646 1842 1678 Marcianus
1858 1648 1887 1678 in
1907 1647 1974 1679 for-

174 1696 229 1720 aut
247 1697 320 1720 cum
339 1697 399 1729 pro
417 1696 457 1718 eo
474 1688 535 1717 erit
554 1686 765 1725 satisfactum,
791 1687 901 1718 eadem
921 1697 969 1719 res
986 1697 1051 1718 non
1094 1687 1178 1718 mula
1198 1686 1451 1727 hypothecaria,
1477 1688 1698 1730 Interpignas‚
1723 1690 1843 1728 inquit,
1867 1688 1903 1723 &³
1920 1689 1972 1730 hgy-

176 1730 373 1763 deteriorata
391 1728 582 1760 restituatur.
606 1727 688 1760 Haec
705 1727 851 1759 definitio
863 1751 871 1766 ,
896 1737 965 1759 mea
982 1729 1051 1768 opi·
1090 1729 1239 1770 pothecam
1259 1733 1373 1760 tantum
1390 1731 1621 1770 nominissonum
1631 1729 1758 1770 differre.
1779 1729 1858 1761 Haec
1876 1731 1973 1763 verba

174 1771 293 1807 nione,
320 1771 363 1802 elt
383 1770 511 1811 propria
530 1769 619 1810 hujus
640 1770 718 1801 loci:
745 1771 989 1801 accommodata
1009 1768 1051 1801 vi·
1097 1777 1209 1800 extant
1229 1769 1257 1799 in
1276 1769 1293 1799 l.
1315 1781 1343 1810 ς.
1359 1770 1388 1811 §.
1412 1780 1437 1802 1.
1456 1770 1502 1816 D..
1516 1773 1549 1802 de
1564 1774 1708 1817 pignorio.
1729 1772 1756 1802 ὅ(
1779 1771 1916 1811 spectare
1934 1772 1974 1805 ad

176 1813 295 1845 delicet
317 1811 452 1848 Edicto,
479 1810 534 1842 sub
561 1812 625 1842 hoc
646 1809 762 1842 Titulo
779 1811 955 1851 proposito.
979 1810 1054 1842 alio·

176 1855 253 1895 quin
269 1854 388 1892 duplex
406 1852 468 1884 fuit
477 1853 679 1885 contractus:
695 1853 743 1884 vel
759 1853 789 1883 in
802 1852 907 1892 specie
924 1854 1057 1894 pignus,

174 1895 240 1928 five
268 1894 450 1926 contractus
476 1894 718 1936 pigneratitius3
751 1894 801 1925 vel
826 1894 962 1933 fiducia,
993 1894 1058 1926 sive

177 1937 360 1969 contractus
392 1934 585 1967 fiduciarius.
617 1934 756 1967 formam
788 1937 926 1976 priorem
950 1944 1058 1967 tenes:

176 1978 210 2011 in
237 1977 413 2018 posteriore
438 1977 619 2009 observabo
649 1976 767 2008 solum:
799 1978 886 2017 quod
912 1977 1059 2009 solemnis

178 2028 268 2059 erat3
292 2018 361 2051 fieri
379 2020 508 2051 demum
529 2017 618 2050 solita
646 2018 884 2050 interveniente
900 2019 1059 2059 mancipa-

178 2061 288 2100 tione,
310 2061 362 2092 vel
388 2060 527 2092 ceflione
554 2061 585 2091 in
601 2060 691 2101 jure,
716 2060 828 2092 addito
844 2060 937 2100 pacto
955 2061 995 2091 de
1013 2070 1059 2091 re·

177 2102 414 2142 mancipando,
432 2101 581 2134 exsoluto
597 2101 727 2140 debito,
745 2102 834 2133 verbi
850 2103 958 2142 gratia.
977 2100 1061 2144 Quia

178 2152 286 2176 autem
303 2144 355 2175 illa
373 2142 552 2175 solemnitas
571 2143 637 2175 suas
655 2143 795 2174 habebat
814 2144 983 2184 ambages,
1001 2144 1057 2174 eti-

179 2195 229 2218 am
254 2184 460 2217 difficultates
493 2184 624 2216 minime
650 2183 854 2217 necessarias:
886 2194 944 2225 pro
970 2193 1059 2216 com-

179 2226 267 2259 muni
286 2226 422 2258 utilitate
437 2225 525 2257 forte
543 2226 660 2267 placuit
682 2227 817 2266 primum
831 2225 1058 2266 jureconsultis

179 2269 210 2300 in
229 2268 302 2300 Fori
321 2267 557 2309 disputatione,
582 2276 618 2299 ac
636 2268 751 2299 deinde
775 2267 906 2300 Praetori
933 2267 963 2299 in
985 2268 1056 2299 Edi-

180 2310 252 2350 tto,
277 2310 393 2350 reJetta
419 2308 659 2351 scrupulositate
682 2309 875 2350 supervacua
898 2318 935 2340 ac
960 2310 1059 2341 mole·

180 2352 223 2383 sta
237 2375 245 2389 ,
269 2361 336 2383 rem
354 2358 454 2382 totam
473 2360 514 2382 eo
539 2351 638 2382 modo
656 2360 720 2390 quo
738 2350 843 2382 nostra
862 2352 987 2390 praeivit
1005 2351 1058 2382 de·

183 2391 286 2423 finitio
304 2416 313 2429 ,
345 2393 383 2424 ad
417 2393 592 2424 naturalem
626 2391 857 2432 simplicitatem
890 2401 1054 2424 revocare.

182 2432 283 2465 Nolui
301 2434 366 2465 hoc
381 2433 506 2465 silentio
525 2441 787 2474 praetermittere:
810 2434 996 2473 arbitratus,
1013 2435 1054 2466 in·

182 2474 295 2506 teresse
319 2476 578 2515 jurisprudentiae
603 2476 826 2516 elegantioris,
851 2483 883 2506 ut
899 2476 989 2514 alias,
1014 2476 1056 2507 ita

181 2515 255 2554 hic,
280 2526 342 2547 non
359 2515 496 2558 ignorari
511 2517 587 2556 juris
603 2517 758 2557 originem
779 2516 1060 2558 progressumque,

183 2556 272 2589 fimul
293 2557 447 2590 rationem
459 2557 620 2590 informati
632 2558 860 2597 obliteratique
879 2559 1060 2591 contr-actus

183 2597 359 2637 fiduciarii‚
383 2599 468 2639 cujus
494 2598 646 2640 frequens
672 2600 754 2640 apud
781 2599 915 2631 Veteres
936 2600 980 2631 est
999 2610 1060 2631 rne-

183 2640 307 2677 moria‚
332 2638 383 2670 sed
400 2650 416 2670 a
430 2639 633 2672 Triboniano
653 2641 683 2672 in
710 2640 857 2681 Corpore
874 2641 954 2681 Juris
973 2641 1060 2681 justi-

183 2681 286 2714 nianei
305 2689 455 2720 nusquam
473 2682 614 2714 relictum
632 2691 770 2721 nomen,
796 2692 849 2714 vrx
878 2683 1040 2723 vestigium
1053 2707 1062 2721 ,

186 2723 231 2755 ob
256 2721 376 2754 nullum
407 2723 557 2763 deinceps
586 2725 651 2764 eJ‘us
679 2723 820 2755 futurum
842 2722 937 2755 usum.
964 2724 1064 2756 Testi-

184 2765 293 2798 monia
311 2764 377 2803 ejus
395 2764 481 2803 quod
502 2765 587 2803 dixi,
604 2775 668 2797 non
686 2774 827 2806 appono.
845 2764 929 2797 Dedi
950 2765 1066 2797 idonea

186 2805 324 2837 antehac
343 2805 389 2835 lib.
412 2813 439 2834 2.
459 2804 578 2841 Observ,
599 2816 622 2836 c.
643 2816 669 2847 7.
691 2806 727 2841 ὅ)
744 2811 771 2841 8.
799 2806 893 2838 etiarn
914 2807 1001 2839 dabit
1018 2807 1064 2838 in-

1100 1810 1281 1842 Formulam
1294 1811 1555 1852 hypothecariam
1568 1838 1575 1850 ‚
1594 1815 1712 1843 indicio
1733 1812 1776 1844 est
1789 1812 1973 1854 Inscriptio,

1102 1851 1142 1884 M
1145 1855 1281 1884 arctantis
1291 1854 1360 1883 libro
1362 1852 1511 1895 singulari
1519 1856 1555 1885 ad
1566 1854 1726 1894 formulam
1736 1855 1973 1895 hypothecariam.

1101 1893 1136 1925 ln
1153 1892 1305 1934 praesente
1322 1893 1436 1926 Edicto
1454 1904 1566 1927 contra
1585 1895 1638 1927 est.
1663 1895 1772 1927 auctor
1788 1896 1975 1936 justinianus

1104 1935 1133 1977 §.
1153 1945 1180 1975 7.
1211 1934 1281 1975 Inst.
1308 1938 1341 1967 cie
1365 1936 1421 1968 αὲἲ.
1440 1937 1546 1968 Verba
1571 1936 1740 1977 justiniani.
1767 1937 1847 1968 Inter
1861 1939 1976 1979 pignus

1104 1976 1141 2011 &⁹
1159 1978 1342 2018 hypothecam
1353 2001 1362 2016 ‚
1378 1987 1520 2019 quantum
1536 1982 1572 2009 αα
1589 1977 1726 2009 astionem
1745 1979 1975 2019 hypothecariam

1104 2020 1228 2056 attinet,
1246 2019 1320 2050 nibil
1334 2019 1458 2060 interest.
1477 2030 1544 2052 nam
1559 2022 1591 2050 de
1605 2030 1662 2059 qua
1681 2030 1710 2050 re
1720 2022 1794 2050 inter
1810 2022 1976 2051 creditorem

1105 2059 1141 2094 ὅ)
1164 2061 1312 2091 debitorem
1336 2063 1518 2099 convenerit,
1543 2069 1576 2092 ut
1592 2062 1631 2099 sit
1649 2069 1703 2100 pro
1728 2063 1817 2092 debito
1833 2062 1976 2102 obligata5

1105 2107 1230 2142 utraque
1262 2102 1314 2132 bac
1345 2103 1529 2143 appellatione
1553 2105 1724 2133 contineior.
1768 2104 1822 2134 ded
1852 2104 1881 2132 in
1912 2103 1977 2133 aliis

1104 2142 1269 2183 differentia
1298 2141 1353 2183 est:
1381 2154 1448 2175 nam
1473 2146 1601 2186 pignoris
1625 2145 1809 2184 appellatione
1831 2154 1892 2174 eam
1911 2151 1976 2184 pro·

1098 2187 1161 2224 prie
1183 2194 1242 2214 rem
1260 2187 1399 2215 contineri
1415 2188 1535 2217 dicimus
1551 2210 1560 2223 ‚
1591 2195 1653 2227 qaae
1669 2184 1757 2223 firmil
1779 2187 1864 2216 etiarn
1889 2185 1979 2215 tracti-

1102 2231 1152 2256 tur
1175 2227 1326 2265 creditori,
1349 2229 1472 2258 maxime
1489 2226 1517 2265 fi
1540 2227 1706 2264 nzoozlissit.
1731 2233 1760 2256 at
1785 2238 1845 2258 eam
1863 2236 1924 2267 qtiae
1935 2224 1977 2263 fi-

1101 2277 1136 2298 ne
1152 2268 1322 2303 traditione,
1350 2275 1429 2299 nucia
1447 2270 1633 2299 conventione
1649 2274 1779 2306 tenetur,
1799 2271 1911 2309 proprie
1927 2269 1976 2308 hy·

1098 2310 1219 2349 pothecae
1247 2309 1432 2348 appellatione
1456 2312 1594 2341 contineri
1619 2312 1748 2340 dicimus.
1782 2309 1814 2339 ln
1841 2310 1904 2339 hoc
1921 2307 1975 2349 igi·

1102 2359 1152 2381 tur
1169 2349 1283 2381 EdiCto
1304 2352 1414 2391 pignus
1432 2353 1558 2392 proprie
1580 2355 1733 2390 accipitur
1754 2352 1836 2389 quod
1856 2350 1898 2380 est
1917 2358 1978 2380 tra·

1103 2392 1201 2422 ditum
1227 2392 1245 2421 l.
1269 2400 1296 2427 9.
1321 2392 1349 2433 §.
1381 2403 1408 2424 2.
1439 2393 1477 2425 D.
1503 2395 1528 2423 h.
1558 2399 1578 2422 t.
1599 2401 1779 2432 comparara
1807 2392 1977 2431 pignerati-

1101 2435 1143 2464 tia
1159 2433 1284 2464 actione
1308 2435 1346 2463 ad
1372 2433 1594 2465 restituendam
1626 2441 1690 2464 rem
1723 2433 1846 2471 pignori
1872 2434 1978 2463 datam

1099 2475 1128 2515 §.
1146 2475 1200 2505 ult.
1232 2473 1303 2514 lnst.
1326 2474 1416 2517 Quib.
1438 2477 1509 2506 mod.
1538 2485 1567 2505 re
1591 2476 1719 2504 contrat).
1738 2475 1817 2514 oblig.
1844 2482 1874 2504 at
1894 2473 1977 2504 resti-

1105 2517 1147 2546 tui
1162 2539 1170 2554 ‚
1196 2515 1249 2546 nisi
1268 2516 1305 2546 ad
1324 2517 1514 2548 creditorem
1532 2525 1548 2546 a
1566 2516 1713 2546 debitore
1731 2515 1899 2546 traditione
1912 2523 1979 2554 pto-

1103 2557 1205 2594 fecta,
1228 2566 1291 2588 non
1309 2557 1424 2598 potest.
1442 2559 1490 2590 Ad
1509 2557 1588 2588 banc
1610 2557 1863 2588 observationem
1888 2564 1979 2587 accc-

1104 2599 1150 2629 dit
1184 2599 1308 2629 altera:
1342 2599 1430 2639 quod
1463 2598 1582 2629 Praetor
1613 2597 1751 2629 facturus
1776 2599 1888 2629 actioni
1914 2599 1979 2638 pig-

1105 2639 1257 2671 neratitiae
1282 2640 1388 2670 locum
1405 2662 1415 2678 ‚
1445 2649 1506 2671 non
1532 2638 1685 2670 desiderat
1713 2649 1776 2671 rem
1805 2640 1977 2678 obligatam

1109 2680 1171 2712 ess‘e
1192 2681 1330 2721 pignoris
1343 2681 1429 2721 jure:
1452 2680 1502 2711 sed
1522 2680 1583 2711 esse
1601 2680 1703 2712 datam
1726 2682 1862 2721 pignoris
1878 2679 1977 2718 causa,

1110 2725 1254 2763 quamvis
1280 2731 1343 2753 non
1371 2722 1407 2752 fit
1431 2722 1555 2762 pignori
1583 2722 1732 2763 obligata.
1762 2725 1869 2760 itaque
1895 2721 1977 2752 actio

1109 2762 1309 2805 pigneratitia
1327 2763 1375 2794 vel
1395 2763 1454 2794 hac
1466 2771 1554 2802 parte
1571 2763 1663 2794 distat
1681 2764 1719 2794 ab
1737 2763 1860 2794 actione
1878 2763 1977 2805 hypo-

1110 2805 1265 2836 thecaria:
1288 2814 1358 2836 nam
1377 2814 1410 2835 ut
1429 2806 1496 2836 haec
1512 2805 1676 2843 obtineat,
1700 2804 1824 2836 neccsse
1848 2803 1910 2842 est,
1935 2803 1978 2849 pi-

188 2847 236 2879 fra
255 2846 386 2878 Titulus
406 2845 452 2876 De
466 2847 633 2885 pignoribus
648 2848 727 2879 libro
744 2858 798 2879 xx.
815 2858 899 2880 nunc
916 2849 1003 2888 quod
1022 2848 1065 2880 est
1109 2847 1268 2887 gnusjure
1277 2845 1444 2885 contrahi3
1461 2846 1602 2885 ideoque
1618 2847 1680 2877 duo
1691 2855 1902 2878 concurrere:
1919 2853 1975 2883 prl-

186 2888 277 2929 hujus
298 2888 362 2919 loci
379 2910 388 2926 ,
413 2886 583 2926 aggredior
608 2887 751 2921 Ediftum
772 2891 810 2920 de
836 2891 1002 2922 contractu
1022 2890 1065 2931 pi·
1108 2897 1215 2926 mum,
1233 2896 1265 2918 ut
1285 2888 1319 2918 fit
1336 2888 1480 2920 debitum
1499 2898 1558 2928 pro
1575 2897 1639 2928 quo
1654 2898 1702 2920 res
1721 2887 1840 2930 pignori
1857 2887 1979 2930 oblige7

187 2930 335 2972 gneratio
354 2929 383 2960 in
404 2927 507 2970 specie
523 2928 576 2958 tali
607 2927 656 2958 De
675 2940 715 2959 eo
733 2931 930 2971 propositum
950 2941 966 2962 a
985 2931 1065 2963 Prae-
1110 2938 1160 2961 tur
1188 2929 1207 2959 l.
1224 2939 1254 2970 5.
1282 2928 1322 2959 D.
1338 2930 1371 2960 de
1392 2931 1533 2970 pignoril).
1559 2930 1692 2967 deinde,
1719 2939 1750 2960 ut
1778 2939 1841 2960 rem
1856 2928 1978 2967 pignori

185 2976 265 3004 'tore
293 2969 404 3008 fuisse,
428 2976 584 3001 memorat
609 2967 764 3008 Ulpianus
788 2973 806 3003 l.
827 2982 850 3004 1.
878 2973 918 3004 D.
934 2975 967 3004 de
983 2975 1066 3005 rebus
1109 2980 1169 3011 pro
1188 2979 1228 3001 eo
1246 2970 1369 3010 obliget
1384 2972 1409 3002 is
1427 2972 1513 3011 cujus
1528 2972 1558 3002 in
1579 2971 1668 3002 bonis
1693 2980 1727 3001 ea
1751 2970 1785 3002 sit
1802 2969 1822 2999 l.
1843 2974 1866 3013 ὅῥ
1896 2967 1978 3011 0.-8ἱ

187 3013 314 3045 creditis.
345 3011 481 3043 formam
507 3011 600 3041 talem
627 3010 733 3048 fuisse,
766 3013 841 3044 mihi
868 3014 1059 3054 persuadeo:
1109 3013 1202 3044 atiena
1219 3021 1262 3042 res
1275 3014 1356 3054 pigri.
1374 3014 1422 3043 ciat
1438 3012 1487 3051 fit.
1499 3020 1644 3044 neutrum
1658 3012 1794 3053 postulat
1810 3010 1890 3040 actm
1910 3017 1977 3052 pig-

191 3055 278 3098 §2de
293 3054 410 3094 pignori
428 3055 529 3084 datum
545 3050 595 3092 effe
612 3052 740 3089 dicetur,
763 3055 795 3083 cle
819 3064 846 3083 eo
866 3056 954 3086 soluta
972 3058 1059 3087 credi·
1106 3054 1268 3086 neratrtia:
1294 3053 1367 3093 quin
1389 3055 1432 3086 illi
1451 3054 1520 3085 satis
1538 3053 1599 3092 est,
1628 3064 1692 3085 rem
1711 3053 1814 3083 haberi
1836 3055 1976 3089 pignoris

187 3098 243 3126 'tori
255 3097 377 3135 pecunia
390 3119 397 3131 ,
422 3101 476 3125 aut
492 3103 557 3124 cum
573 3103 600 3123 eo
619 3094 731 3123 nornine
747 3095 771 3123 ei
784 3094 968 3133 satisfattum
985 3099 1057 3137 erit,
1106 3097 1198 3134 loco,
1225 3095 1279 3127 etii
1304 3097 1427 3137 pignori
1445 3096 1583 3136 obligata
1603 3104 1666 3126 non
1690 3094 1731 3124 lit.
1750 3091 1823 3122 Hoc
1842 3100 1902 3136 tatii
1923 3098 1975 3121 va-

184 3144 272 3178 Perve
291 3147 354 3167 eum
368 3135 477 3176 stabit.
495 3145 550 3177 quo
566 3136 661 3166 minus
679 3134 708 3164 id
719 3133 795 3174 fiat,
810 3137 955 3174 juoicium
977 3141 1056 3170 (labo.
1103 3140 1164 3170 rie:
1190 3139 1262 3178 quia
1282 3136 1364 3168 astro
1389 3136 1623 3179 hypothecaria
1648 3135 1691 3166 est
1705 3133 1734 3164 in
1757 3141 1838 3163 rem:
1865 3141 1976 3170 pigne·

189 3178 237 3209 Ex
261 3179 367 3217 primis
395 3177 496 3209 EdiCti
517 3177 639 3214 verbis,
665 3174 751 3219 Quod
761 3176 878 3216 pignori
895 3179 993 3208 datum
1009 3180 1058 3220 effi
1104 3180 1207 3210 ratitia
1228 3179 1257 3209 in
1270 3178 1446 3217 personam.
1471 3179 1520 3210 illa
1539 3174 1849 3216 competitadversus
1867 3182 1975 3212 quem·

187 3221 316 3258 dicetur,
340 3219 422 3251 attio
439 3227 533 3259 quam
549 3216 686 3250 Rubrica
705 3217 768 3250 dici
783 3220 1059 3261 tpigueratitiam,
1103 3219 1149 3252 vis
1164 3219 1393 3261 poffess'orem:
1414 3219 1470 3252 ista
1494 3222 1580 3251 inter
1597 3214 1823 3248 contrahentes
1836 3222 1974 3287 1tantupit.

799 3261 805 3268 ‘
1852 3263 1931 3296 uppe
1950 3263 1958 3285 i
