2036 3495
367 117 394 150 A
409 127 431 150 D
465 115 514 149 L1
526 125 555 149 Β.
586 114 649 149 IV.
685 113 737 148 Tr
750 123 783 146 T.
814 113 875 148 Vi.
912 113 966 148 Ex
985 114 1090 159 quihus
1106 113 1205 159 causis
1223 116 1352 162 majores
1369 117 1486 163 viginti
1500 115 1566 157 &²6-

63 210 142 242 rius:
166 208 238 249 quia
258 216 326 238 cam
344 214 457 236 vocem
484 211 643 242 tamquam
659 201 764 247 Edisti
781 202 933 242 interpre-

66 259 149 282 tatur
170 251 318 289 blpianus
336 249 353 278 l.
371 246 452 288 15.§.
472 257 501 287 3.
519 247 545 277 h.
564 252 585 276 t.
606 252 718 289 quaerit
732 252 838 289 certe,
856 254 933 283 quo-

64 293 164 324 modo
190 291 224 323 fit
247 290 486 328 accipiendum,
510 286 597 326 quod
621 285 802 324 fiinpliCitcr
821 286 939 332 Praetor

66 334 185 369 edixit,
212 330 354 371 Fisteave.
379 338 449 360 nam
476 328 495 360 fi
518 327 667 359 inchoata
691 325 725 357 sit
741 326 838 370 bonae
863 330 937 357 ndei

66 373 243 415 poss'cffoiis
265 372 439 403 tlt-tentatio
454 371 513 409 (dc
532 378 595 409 quo
612 368 711 398 verbo
726 367 764 398 l).
780 368 936 405 Dukcrus,

67 416 114 447 vir
136 415 247 446 doctus
271 413 343 445 Noc.
361 413 399 442 ad
422 411 526 451 Opicsc.
550 409 597 440 De
614 409 714 439 Latin.
737 409 802 439 Vei.
820 409 936 454 Jurnc.

61 465 93 499 p.
120 457 212 497 436.)
237 462 309 485 aiite
337 452 525 488 absentiam,
551 451 638 482 finita
660 459 765 481 autem
792 454 935 489 rexeilo;

66 498 172 538 potest
189 495 341 531 dubitari,
360 503 396 524 an
415 494 443 524 a&
462 493 611 533 quamdiu
633 493 736 523 locum
755 493 869 522 babuit
889 502 935 523 re-

68 539 239 571 stitutionis
266 535 424 567 auxilium.
454 542 487 564 ea
506 533 635 573 quaestio
654 534 697 563 eil
718 543 849 574 propter
869 543 936 564 vcr-

67 581 161 618 buin,
188 577 340 618 Postetive:
364 585 428 615 quo
453 574 636 615 simpliciter
658 575 726 606 usus
742 575 787 606 est
811 576 936 606 l’raetor.

67 622 119 654 sed
139 629 226 661 putat
244 617 416 658 Ulpianus,
432 616 493 647 else
511 618 747 655 temperandam
766 617 853 647 verbi
871 617 936 646 lati-

68 664 226 698 tudinem,
251 669 284 691 ut
309 659 499 690 absurditate
525 667 648 688 careat:
674 659 703 688 ἃ
727 658 937 697 adjuvandum

68 704 225 737 absentem
242 725 250 740 ‚
274 700 439 740 postquam
460 699 600 730 reversus
627 698 688 735 cst,
715 709 777 729 non
796 701 936 738 quando-

68 756 148 787 que,
171 745 221 785 (id
244 743 289 773 est
307 765 316 780 ‚
341 751 404 772 μοι]
431 740 718 782 quandocumque)
744 741 792 772 sed
817 741 859 770 ita
883 741 934 785 tle-

68 796 173 823 nium,
195 784 215 816 fi
239 786 318 815 intra
344 784 506 814 modicum
534 791 680 822 tempus,
704 791 796 821 quani
823 781 936 818 rediit,

67 829 130 860 hoc
147 827 300 865 contigit,
320 826 351 856 id
368 824 411 855 cst
424 849 432 862 ,
449 826 523 855 dum
543 823 716 863 hospitium
734 824 801 863 quis
819 825 938 853 condu-

67 871 131 907 cit,
148 867 311 899 sarcinulas
322 866 509 906 componit,
527 873 637 904 quaerit
651 867 849 908 advocatum.
867 872 938 894 nam

67 912 117 951 (id
142 909 204 947 est,
229 909 339 948 plane,
364 915 533 938 caetci'um:
558 914 592 936 ut
615 906 686 937 alibi
712 904 841 946 saepius)
865 913 938 936 eum

68 952 121 992 qui
133 949 240 982 differt
255 948 478 990 restitutionem,
495 957 558 979 non
575 947 636 978 effe
648 948 859 993 audiendum,
876 944 939 976 Ne-

66 994 163 1027 ratius
191 992 305 1023 scribit.
350 990 390 1021 Et
411 990 455 1021 est
477 990 577 1027 ratio,
602 998 695 1028 quam
721 998 749 1019 in
768 988 787 1018 i.
807 992 852 1018 16.
870 987 897 1018 b.
919 992 939 1032 t.

68 1034 192 1075 subjicit
212 1033 337 1063 Paulus:
363 1034 448 1071 quod
467 1040 530 1062 non
546 1028 939 1075 negligentibus'subveni-

70 1085 142 1114 tur,
166 1074 218 1106 scd
237 1074 419 1105 necessitate
444 1082 546 1104 rerum
566 1073 738 1110 impeditis.
770 1078 939 1115 totumque

71 1118 149 1149 illud
166 1116 296 1148 arbitrio
313 1115 432 1154 judicis
450 1113 697 1157 temperabitur:
721 1113 751 1143 id
767 1111 830 1149 est,
847 1120 880 1141 ut
899 1120 940 1141 ita

72 1161 199 1190 demum
219 1156 376 1194 restitutit,
400 1155 420 1187 fi
436 1165 499 1187 non
518 1155 727 1196 negligentia,
752 1152 802 1184 sed
820 1161 944 1200 tempo-

71 1201 113 1232 ris
130 1198 266 1239 angustia
285 1208 347 1229 non
367 1205 538 1238 potuerunt
556 1198 641 1227 litem
661 1194 842 1225 contestari.

117 1240 265 1280 Sequitur
291 1241 320 1269 in
347 1238 481 1270 Edicto:
506 1238 575 1268 Sive
597 1237 681 1278 cujus
704 1235 824 1266 astionis
847 1244 944 1266 eorum

75 1284 122 1314 cui
138 1283 193 1313 dies
210 1279 293 1320 exiffe
303 1282 420 1310 dicetur.
445 1278 491 1310 Ex
510 1278 556 1309 liis
575 1278 678 1309 verbis
690 1284 838 1317 apparet,
855 1279 943 1321 quod

75 1325 196 1356 Praetoi·
213 1332 251 1353 ex
270 1321 478 1361 superioribus
496 1318 591 1350 caulis
608 1319 638 1350 in
650 1321 805 1359 integrum
824 1317 944 1364 restitu-

73 1366 192 1397 tionem
211 1364 369 1403 promittit
387 1369 450 1393 non
469 1361 586 1399 modo,
613 1360 633 1391 si
654 1360 784 1406 alicujus
803 1360 879 1400 quid
893 1360 943 1403 *de

72 1407 164 1439 bonis
176 1405 225 1445 (id
243 1403 303 1436 est.
322 1404 360 1435 de
379 1403 444 1443 ejus
454 1403 597 1434 dominio
608 1409 661 1432 aut
677 1402 760 1441 quau
777 1400 943 1440 domimo)

75 1447 265 1486 usucapione
287 1445 324 1477 sit
349 1445 565 1476 deminutum:
588 1442 640 1474 sed
658 1451 753 1489 ctiam
771 1441 795 1488 s1⁴
811 1443 898 1483 cujus
914 1451 944 1472 a·

75 1490 186 1521 trionis
204 1488 270 1519 dies
287 1486 419 1524 exierit,
443 1487 473 1517 id
491 1485 536 1516 est
548 1509 556 1522 ‚
580 1484 600 1516 fi
620 1493 706 1524 cnjus
723 1484 850 1515 debitor
867 1483 944 1529 libe-

76 1538 160 1562 ratus
176 1529 212 1560 sit
231 1538 270 1559 eo
282 1552 291 1566 ,
307 1528 395 1566 quod
411 1528 475 1567 ejus
490 1527 572 1558 actio
590 1527 640 1556 sua
656 1527 707 1556 die
724 1535 786 1556 non
807 1525 842 1556 sit
859 1525 943 1556 insti-

78 1579 155 1602 tuta.
178 1568 256 1609 Imp.
282 1569 461 1600 Alexander
480 1577 648 1607 utrumque
669 1566 745 1607 (etii
763 1575 884 1598 tantum
902 1574 946 1613 at⁴

80 1612 173 1651 tingit
192 1610 293 1641 casum
310 1609 477 1644 absentiae,
495 1610 567 1647 quia
584 1610 623 1640 de
641 1609 704 1639 hoc
722 1607 809 1646 solo,
829 1617 861 1639 ut
878 1617 945 1647 qui-

81 1654 154 1683 dcm
177 1651 252 1682 milii
281 1651 422 1688 videtur,
446 1660 512 1681 erat
535 1651 713 1689 conlultus)
737 1659 765 1680 in
783 1650 800 1680 l.
820 1660 846 1681 2.
864 1650 895 1680 C.
913 1652 946 1679 de

81 1692 170 1734 restit.
182 1691 315 1723 vunnim
333 1694 492 1732 exprimit.
517 1692 548 1721 82·
565 1693 634 1732 qimid
650 1693 681 1721 de
693 1693 770 1721 bonis
786 1701 880 1721 eorum
896 1691 947 1731 qiiz'

81 1734 238 1776 reipublicae
255 1739 341 1772 causa
356 1734 560 1772 tilffemesstiizc
571 1757 580 1770 ,
596 1735 774 1763 a'eirzz'nutzim
788 1731 844 1772 est,
860 1732 946 1763 atizo-

83 1785 154 1807 neve
169 1785 227 1816 qua
244 1780 411 1815 competente
428 1776 466 1805 eis
482 1774 586 1814 aliquis
603 1773 732 1805 liberatus
745 1774 830 1813 sitit,
856 1775 886 1804 in
902 1775 946 1804 ill-

84 1824 196 1857 legrum
213 1814 351 1855 restitutio
371 1822 508 1856 perpetuu
522 1814 718 1856 yztrisdiiiione
739 1818 815 1846 intra
838 1825 948 1846 annum

83 1858 182 1889 utilem
197 1859 383 1897 permittitur.
413 1857 489 1888 lllud
508 1858 622 1888 miror:
641 1857 727 1896 quod
743 1866 893 1896 uterque,
918 1858 948 1887 ὄῐ.

82 1899 225 1937 Pimtor,
251 1899 280 1930 δι
296 1895 491 1935 Alexander,
507 1905 523 1929 a
540 1898 630 1929 bonis
650 1900 768 1937 separat
785 1899 950 1939 obligatio-

83 1950 159 1973 nes:
177 1950 247 1972 cum
264 1940 312 1970 hae
329 1949 418 1979 aeque
438 1939 495 1971 lint
511 1939 542 1971 in
560 1939 694 1970 absentis
713 1940 823 1977 bonis,
841 1949 877 1970 ac
897 1941 951 1971 do-

82 1982 178 2014 minia
197 1982 225 2012 &
242 1981 324 2021 quati
341 1981 498 2020 dominia3
513 1990 571 2011 nec
590 1990 693 2012 minus
711 1981 787 2021 quid
804 1984 843 2012 de
861 1982 952 2013 bonis

84 2024 300 2060 deminuatur,
325 2023 376 2053 ubi
395 2023 461 2053 dies
478 2022 609 2053 aetionis
627 2023 656 2053 in
681 2022 843 2062 personam
868 2031 951 2061 exit,

84 2064 114 2096 &
133 2072 277 2104 tempore
294 2064 444 2095 liberatur
461 2064 607 2101 debitor,
631 2073 724 2104 quam
742 2073 814 2096 cum
830 2065 904 2104 quid
922 2075 953 2096 u-

84 2105 259 2146 sucapitur,
284 2105 312 2136 &
329 2104 472 2146 praesenti
490 2105 666 2136 dominium
683 2107 866 2145 adquiritur.
891 2106 953 2138 Sed

85 2148 213 2178 minime
229 2145 364 2178 insolens
384 2145 446 2185 cst,
464 2155 533 2186 quse
551 2148 667 2177 eodem
686 2150 840 2187 redeunt,
856 2156 873 2178 a
890 2147 953 2179 Ve-

86 2188 204 2219 teribus
224 2187 352 2227 separari
369 2188 520 2228 plenioris
537 2188 715 2219 intellectus
731 2197 840 2229 gratia.

125 2229 230 2270 AEque
253 2230 383 2259 mirere:
408 2230 494 2269 quod
519 2228 623 2260 Edieti
650 2230 745 2261 verba
773 2238 894 2262 tanturn
912 2230 952 2262 de

85 2270 281 2301 restituendo
294 2271 409 2301 damno
428 2271 618 2310 loquuntur;
635 2280 697 2302 non
709 2271 803 2303 ctiam
822 2273 860 2305 de
869 2272 954 2303 resti-

85 2312 206 2343 tuendo
224 2311 322 2342 lucro.
338 2310 379 2342 fic
390 2313 475 2342 enim
494 2311 619 2344 sonant:
637 2313 670 2343 Si
682 2313 765 2354 cujus
775 2315 844 2354 quid
860 2316 893 2344 de
908 2315 953 2344 bo-

84 2354 130 2383 nis
145 2353 325 2384 deminutum
342 2354 396 2383 erit
406 2376 414 2391 ‚
425 2351 489 2389 five
504 2354 586 2394 cujus
601 2353 721 2384 astionis
736 2356 792 2385 dies
810 2354 893 2395 exzffe
910 2357 946 2385 di-

84 2401 174 2425 cetur.
193 2394 221 2426 ἃ
238 2403 342 2425 tamen
358 2393 491 2425 Veteres
506 2394 585 2425 lianc
601 2395 767 2436 indulgent
783 2395 954 2427 restitutio-

84 2434 240 2467 nem'non
266 2437 364 2466 modo
389 2443 522 2476 propter
546 2437 713 2475 damnum,
737 2437 758 2468 fi
776 2439 861 2478 quod
876 2439 954 2469 inci-

86 2477 150 2514 dit,
165 2477 215 2508 sed
231 2478 324 2508 etiam
342 2477 384 2508 ob
401 2478 521 2508 lucrum
533 2501 541 2514 ,
558 2476 578 2508 fi
594 2480 680 2517 quod
698 2479 806 2518 periit:
823 2488 883 2510 nec
900 2489 952 2510 cu—

86 2526 156 2548 rant
168 2540 176 2553 ,
193 2519 278 2557 quod
294 2519 391 2559 magis
408 2519 448 2550 iic
463 2519 540 2549 nibil
556 2520 749 2559 adquiritur,
768 2529 861 2560 quam
880 2521 955 2560 quid

88 2558 128 2588 de
153 2558 243 2590 bonis
270 2560 477 2591 deminuitur:
501 2559 605 2591 Editti
624 2562 717 2592 verba
735 2561 955 2602 spectantibus.

89 2597 148 2629 Sed
166 2599 243 2630 milii
268 2600 413 2631 videntur
431 2602 564 2633 Veteres
582 2603 747 2634 credidisse
761 2626 769 2640 ,
794 2613 859 2634 non
883 2605 953 2634 alie-

90 2648 165 2670 num
181 2639 240 2671 esse
258 2649 273 2670 a
290 2640 484 2681 benignitate
501 2642 666 2682 Praetoiis3
685 2653 718 2674 ut
733 2644 872 2682 absenti,
890 2655 957 2676 ver-

91 2680 120 2710 bi
138 2681 254 2719 gratia,
277 2690 365 2721 aequt·
385 2683 414 2712 in
434 2684 521 2714 lucro
539 2691 634 2725 atque
651 2687 681 2715 in
701 2687 817 2717 damno
835 2690 955 2717 luecur-

91 2730 193 2753 ratur:
218 2729 302 2751 certa
318 2723 383 2760 ejus
401 2732 526 2763 mente,
543 2728 628 2756 omni
648 2729 746 2757 modo
767 2728 957 2767 providere,

91 2772 131 2793 ne
150 2762 198 2792 cui
216 2762 276 2793 ulla
296 2763 343 2792 via
360 2764 457 2801 obiit,
474 2767 558 2804 quod
575 2766 676 2798 abfuit
689 2769 868 2808 reipublicae
886 2778 957 2799 cau-

90 2802 130 2834 sa.
163 2802 256 2833 Praeit
280 2802 391 2834 Paulus
409 2805 426 2834 l.
445 2815 493 2844 27.
511 2807 538 2836 Li.
556 2813 576 2836 t.
597 2808 692 2839 verba
712 2809 807 2840 Pauli.
846 2808 958 2847 Etstve

89 2845 160 2886 quid
174 2846 318 2881 amiserit,
342 2845 388 2874 vel
404 2845 531 2876 lucratus
546 2856 601 2877 non
610 2847 669 2886 fic,
693 2849 833 2886 restitutio
842 2851 956 2889 facien.

91 2887 128 2916 da
151 2884 208 2924 est:
230 2884 340 2921 etiamsi
356 2895 412 2916 non
429 2896 465 2917 ex
481 2889 557 2917 bonis
572 2890 642 2928 quid
664 2891 796 2931 cimzffum
812 2891 859 2933 est.
906 2892 958 2923 Sic

89 2926 222 2963 Paulus;
241 2927 289 2962 dc,
308 2935 340 2956 ut
359 2927 501 2966 videtur,
519 2927 650 2960 infinite.
680 2931 754 2962 [Non
770 2942 875 2964 tamen
894 2933 958 2964 hoc

90 2968 195 2999 voluit
211 2967 335 3000 Paulus.
354 2967 430 3009 Quo
448 2971 658 3009 argumento?
674 2972 759 3004 claro
774 2976 803 3005 &
814 2983 904 3006 certo
920 2983 961 3005 ex

92 3009 111 3039 l.
128 3014 174 3044 18.
192 3010 218 3040 b.
235 3015 255 3040 t.
275 3009 496 3050 conjungenda
515 3020 585 3041 cum
602 3013 629 3042 cl.
647 3013 666 3042 ι.
685 3023 732 3053 27.
765 3015 842 3046 ficut
860 3025 886 3046 ei
907 3024 960 3045 co-

91 3049 179 3081 haesit
194 3051 290 3088 olim;
314 3059 384 3081 cum
403 3061 534 3091 utraque
551 3051 587 3083 sit
603 3062 642 3083 ex
658 3056 772 3086 eodem
790 3058 870 3087 libro
886 3065 959 3087 xu.

91 3091 141 3123 Ad
161 3090 322 3123 Edictum.
368 3091 453 3134 Quid
482 3093 550 3124 ibi?
575 3093 614 3124 lic
639 3096 701 3126 ait:
727 3097 878 3128 Sciendum
901 3095 960 3135 eli,

95 3134 166 3172 quod
189 3133 220 3164 in
242 3133 286 3164 his
302 3132 409 3172 cafilms
426 3131 613 3172 restitutionis
635 3138 780 3168 auxilium
807 3139 962 3179 majoribus

93 3174 194 3204 damus
209 3175 241 3205 in
251 3175 353 3216 quibus
366 3176 407 3205 rei
416 3176 563 3207 duntaxat
574 3176 768 3218 persequenda·
780 3183 879 3220 gralia
894 3190 960 3221 que·

90 3218 212 3287 ranulam.-
235 3225 292 3288 rIzolrz
318 3226 381 3249 cum
397 3216 434 3251 ὦ)
456 3218 674 3257 lucrifaciendi
691 3229 728 3251 ex
743 3222 862 3253 alterius
873 3229 962 3262 poena,

160 3264 212 3287 om.
280 3280 289 3289 .
862 3275 867 3277 ”

1815 129 1862 163 99

979 203 1024 233 vel
1041 204 1143 234 damno
1161 205 1307 236 auxilium
1317 204 1374 243 fibi
1389 207 1531 246 impertiri
1549 204 1718 244 desiderant.
1766 206 1857 239 Pauli

980 244 1081 276 sensus
1100 244 1162 283 est,
1180 245 1279 288 Quod
1299 248 1396 278 modo
1415 249 1530 279 diet-uni
1543 272 1551 287 ‚
1570 248 1744 280 Pi-aetorem
1761 249 1857 288 majo-

982 286 1065 315 ribus
1083 287 1234 318 auxilium
1254 287 1339 318 fei-rc
1355 298 1417 319 non
1439 290 1555 327 solum,
1573 300 1612 321 ne
1633 292 1783 322 damnum
1802 292 1854 321 lia-

981 326 1076 357 beant
1091 328 1238 360 obrasus
1255 332 1283 359 iii
1302 329 1413 361 Editio
1426 331 1607 370 exprcss'os;
1626 331 1798 371 sedetiam,
1816 342 1856 363 ne

982 369 1113 406 perdant
1133 369 1252 400 lucrum
1272 373 1358 410 quod
1379 372 1572 411 habuissent,
1603 374 1656 405 nili
1675 376 1754 406 tales
1771 374 1855 406 exti-

982 408 1086 439 tiss‘ent
1111 410 1210 440 callis:
1236 421 1299 442 non
1318 422 1346 443 in
1366 415 1452 443 omiii
1475 415 1564 444 lucro
1581 417 1776 456 procedere;
1802 415 1855 447 sed

980 451 1142 481 dumtaxat
1156 475 1165 489 ,
1181 452 1200 482 si
1218 452 1247 482 id
1264 451 1325 483 sinc
1342 454 1469 494 alicujus
1484 465 1576 493 poena
1594 466 1646 487 aut
1664 458 1781 489 damno
1800 467 1856 498 pe-

981 499 1048 522 tant
1065 493 1164 532 magis
1183 494 1225 523 rei
1245 493 1303 523 suae
1322 495 1545 535 persequendae
1562 498 1677 537 gratia:
1693 499 1791 539 qualis
1810 498 1856 530 est

980 533 1065 564 casus
1084 542 1113 564 in
1130 535 1148 563 ι.
1174 543 1219 574 17.
1241 534 1267 575 §.
1290 545 1312 566 1.
1337 537 1363 566 h.
1386 544 1406 567 t.
1434 547 1583 569 caetel'uln
1603 539 1622 569 ii
1642 539 1785 579 sperent,
1810 541 1857 572 lu-

980 583 1068 605 crum
1089 574 1205 606 habere
1224 579 1351 608 demum
1371 588 1410 609 ex
1428 579 1554 610 alterius
1579 589 1672 619 poena
1695 591 1748 612 aut
1771 584 1857 614 daim-

982 625 1045 654 no;
1062 616 1090 645 in
1111 617 1173 647 boc
1184 627 1239 647 eos
1257 618 1397 656 restitui,
1416 630 1479 650 non
1498 621 1634 658 placere.
1662 622 1713 653 Sic
1729 623 1857 655 censeo.

980 657 1009 688 ὗε
1033 658 1217 698 exemplum
1239 659 1323 690 lucri·
1334 662 1421 700 quod
1446 670 1572 701 petatur
1589 672 1629 693 ex
1646 664 1773 695 alterius
1791 675 1857 705 poe-

981 707 1037 736 na,
1062 698 1106 729 eir
1124 708 1155 729 in
1173 700 1193 729 l.
1212 709 1260 740 37.
1281 701 1321 730 L).
1346 704 1378 732 cle
1395 704 1567 734 minoribus:
1591 705 1655 744 ejus
1675 715 1752 736 vero
1768 706 1859 746 quod

980 739 1016 769 lit
1033 749 1070 770 ex
1090 740 1217 771 ulterius
1236 742 1372 780 damno,
1397 743 1441 774 est
1458 745 1545 783 quod
1563 746 1718 786 accipitur
1734 757 1774 778 ex
1791 746 1860 778 usu-

982 789 1128 819 capione.
1147 781 1239 813 Scio:
1257 793 1385 814 inventa
1403 785 1524 816 liaecest
1538 787 1625 818 bono
1638 787 1778 827 publico.
1803 788 1859 821 sed

982 823 1188 853 nihilominus
1205 825 1373 867 conjuncta
1388 835 1460 857 cum
1476 829 1593 859 damno
1606 831 1795 870 negligeritis
1813 832 1860 861 in-

983 870 1108 900 quirere
1122 864 1150 894 in
1169 873 1216 894 res
1234 865 1309 896 luas.
1338 867 1417 897 lianc
1436 869 1529 908 igitur
1544 869 1564 900 si
1582 870 1783 903 inchoaverit
1803 872 1859 902 bo·

983 913 1030 933 iia:
1048 903 1120 947 fidei
1139 905 1308 948 poss‘ell'or,
1326 907 1376 938 sed
1392 917 1455 939 non
1475 912 1616 949 potuerit
1634 913 1767 952 implere
1784 923 1872 954 pro·-

984 954 1054 985 pier
1076 946 1251 984 superiores
1269 948 1392 987 causas,
1409 959 1472 980 non
1490 951 1534 982 est
1551 951 1580 983 in
1599 955 1755 994 integrum
1774 955 1860 986 resti·

985 995 1085 1030 tutio:
1110 988 1181 1025 quia
1201 996 1233 1017 ut
1251 988 1370 1020 lucrutn
1392 989 1498 1022 facere
1515 994 1628 1033 possit,
1646 996 1774 1034 impleta
1793 995 1860 1028 usu-

983 1036 1138 1066 capione3
1156 1037 1260 1060 tamen
1279 1039 1342 1060 non
1354 1031 1434 1071 petit
1448 1042 1463 1063 a
1481 1033 1780 1069 Praetoi·eauxiliuni
1798 1037 1862 1070 sine

983 1070 1099 1099 damno
1116 1070 1247 1100 domini.
1270 1071 1458 1112 Papinianus
1474 1074 1493 1104 l.
1513 1086 1560 1107 20.
1580 1079 1607 1108 b.
1629 1085 1649 1108 ι.
1668 1078 1709 1110 sse
1726 1079 1861 1112 effatur:

988 1109 1055 1141 Ne:
1066 1111 1165 1140 utilem
1179 1111 1318 1142 astionem
1329 1115 1354 1143 ei
1371 1116 1459 1145 tribui
1467 1123 1572 1156 oportet
1585 1129 1592 1148 .-
1608 1129 1672 1150 cuin
1682 1119 1723 1156 fic
1738 1122 1862 1162 iniquis-

980 1152 1105 1189 simum,
1116 1153 1230 1192 cichmve
1241 1155 1350 1184 domimi
1367 1159 1441 1196 quod
1461 1162 1528 1194 usus
1545 1169 1601 1190 non
1617 1159 1744 1200 abstulit.
1770 1172 1862 1204 neque

988 1195 1062 1223 enim
1073 1194 1249 1234 intelligitur
1265 1196 1481 1238 mmffzcmquod
1498 1200 1626 1231 abitrum
1641 1203 1724 1233 alteri
1739 1213 1796 1234 nun
1811 1202 1860 1244 est.

1029 1235 1208 1275 Antequam
1221 1236 1377 1269 discedam
1398 1248 1412 1269 a
1432 1240 1537 1279 priore
1556 1240 1658 1274 Edisti
1675 1251 1782 1283 pai-te,
1800 1254 1862 1284 qua

988 1276 1235 1308 Pia-torablenti
1247 1277 1392 1310 subvenit
1404 1281 1550 1313 adversus
1567 1283 1752 1324 praeseiitem
1765 1309 1774 1323 ,
1796 1296 1864 1318 non

987 1318 1081 1349 debui
1100 1322 1270 1359 omittere,
1287 1322 1375 1360 quod
1395 1330 1457 1353 tam
1470 1322 1531 1354 late
1549 1333 1660 1365 putent
1673 1326 1774 1358 Eciicu
1795 1337 1863 1359 ver-

987 1360 1042 1390 ba:
1067 1367 1100 1390 ut
1125 1362 1153 1390 ei
1178 1363 1230 1401 qui
1254 1362 1383 1393 coaetus
1408 1364 1484 1395 absit
1505 1374 1545 1396 ex
1562 1366 1658 1399 causis
1677 1367 1792 1399 Edisto
1810 1379 1866 1400 ex-

987 1400 1093 1441 pressis
1105 1424 1114 1439 ,
1131 1401 1160 1432 in
1177 1403 1335 1443 integrum
1354 1403 1586 1438 restitutionem
1598 1409 1783 1451 indulgeant
1799 1409 1865 1442 fine

987 1444 1201 1487 exceptione,
1224 1444 1286 1475 sive
1303 1445 1412 1476 habuit
1433 1455 1692 1489 procuratorem,
1716 1452 1780 1483 five
1796 1461 1865 1485 non

989 1484 1113 1514 habuit:
1129 1494 1190 1515 non
1210 1486 1294 1516 enim
1314 1486 1518 1527 distinguunt.
1545 1488 1644 1531 quue
1661 1492 1864 1533 observavit,

990 1525 1043 1556 nili
1061 1524 1175 1563 fallor,
1194 1524 1348 1567 Ulpianus
1365 1529 1375 1558 l
1398 1533 1446 1559 26.
1465 1529 1491 1571 ἓ.
1507 1540 1534 1565 9.
1547 1532 1574 1562 h.
1587 1539 1607 1561 ι.
1628 1532 1657 1564 &
1675 1534 1777 1566 reste:
1791 1544 1865 1567 nain

989 1565 1009 1598 fi
1027 1575 1092 1597 rem
1110 1567 1303 1607 spectamus.-
1319 1570 1393 1608 quid
1407 1579 1581 1610 imputetur
1596 1574 1625 1604 ei
1643 1575 1693 1613 qui
1712 1585 1776 1606 non
1793 1577 1866 1607 reli-

989 1611 1058 1647 quit
1077 1618 1335 1648 procuratorem:
1360 1620 1430 1642 cum
1456 1622 1518 1643 non
1537 1613 1590 1644 suo
1607 1614 1693 1646 abest
1711 1616 1864 1656 arbitrio,

989 1650 1040 1680 sed
1058 1650 1204 1688 coastus,
1230 1661 1343 1691 praeter
1365 1654 1574 1693 opinionem3
1599 1665 1706 1696 eoque
1724 1667 1787 1689 non
1806 1668 1867 1698 po-

992 1692 1052 1721 tuit
1075 1693 1114 1723 de
1133 1701 1341 1732 procuratore
1366 1694 1560 1733 deliberare,
1586 1706 1638 1728 ant
1666 1708 1730 1729 non
1756 1699 1867 1732 babuit:

990 1733 1055 1772 ejus
1073 1733 1287 1764 constituendi
1306 1734 1503 1768 facultatem.
1535 1737 1649 1780 Longe
1664 1740 1755 1771 aliter
1769 1740 1799 1772 se
1816 1752 1867 1773 res

992 1775 1114 1813 liabet3
1140 1774 1160 1806 si
1186 1776 1359 1807 voluntaria
1376 1800 1385 1815 ‚
1416 1787 1470 1809 aut
1494 1780 1620 1819 praevisa
1646 1780 1682 1812 fit
1706 1781 1868 1816 absentia:

992 1817 1090 1854 qualis
1111 1817 1155 1847 est
1174 1826 1243 1857 quae
1267 1816 1441 1850 studiorum
1469 1820 1575 1859 caula,
1598 1830 1649 1853 aut
1666 1832 1682 1853 a
1700 1824 1867 1865 relegato,

993 1858 1167 1898 suicipitur.
1194 1860 1267 1890 licet
1286 1860 1368 1891 enim
1391 1861 1439 1892 vel
1457 1862 1510 1892 has
1528 1863 1571 1894 ob
1588 1863 1693 1895 causas
1710 1864 1869 1898 restitutio

995 1899 1050 1930 fiac
1074 1909 1114 1931 ex
1131 1901 1269 1940 generali
1294 1899 1394 1933 Edisti
1421 1903 1573 1941 clausula,
1598 1905 1638 1937 de
1663 1915 1724 1946 qua
1741 1906 1868 1946 postea:

996 1950 1101 1972 tamen
1119 1941 1222 1981 potest
1242 1941 1312 1973 laeso
1340 1951 1472 1982 utraque
1492 1945 1588 1985 objici
1608 1947 1638 1978 in
1657 1946 1781 1988 specie;
1812 1958 1869 1981 cut

995 1983 1094 2015 sciens
1112 1983 1142 2013 se
1158 1983 1359 2021 abfuturum,
1382 1985 1412 2015 ἃ
1437 1985 1556 2018 liabens
1582 1994 1708 2028 tempus
1731 1990 1768 2020 ad
1787 1991 1870 2022 ordi-

996 2026 1113 2056 nandas
1132 2034 1182 2056 res
1201 2026 1283 2063 luas,
1308 2027 1393 2057 domi
1412 2036 1475 2058 non
1501 2028 1666 2068 reliquerit
1682 2039 1871 2070 procurato-

995 2075 1079 2104 rem,
1096 2075 1152 2106 per
1167 2075 1261 2106 quem
1278 2075 1330 2097 eas
1349 2075 1500 2100 tueretur.
1519 2069 1549 2100 Si
1568 2078 1670 2102 tamen
1690 2072 1719 2102 bi
1738 2073 1874 2113 relique-

996 2108 1058 2139 rint
1076 2117 1337 2147 pi-ocuratorem,
1355 2108 1384 2139 &
1402 2111 1425 2140 is
1444 2119 1508 2141 non
1525 2113 1645 2152 egerit,
1663 2113 1714 2145 vel
1732 2113 1767 2144 fit
1786 2124 1871 2146 mor-

997 2158 1088 2187 tuus;
1111 2150 1185 2180 dum
1211 2149 1289 2180 alter
1312 2149 1484 2183 studiorum
1500 2175 1509 2188 ‚
1542 2153 1621 2184 alter
1643 2156 1870 2195 relegationis,

996 2190 1086 2222 causa
1103 2190 1205 2221 abest:
1230 2200 1269 2222 ne
1284 2190 1325 2222 fic
1343 2193 1470 2232 quidem
1488 2192 1585 2225 fuerit
1604 2196 1766 2235 iniquum,
1782 2197 1869 2228 audi-

996 2234 1019 2264 ri
1038 2233 1129 2264 illos:
1147 2232 1260 2269 quibus
1274 2233 1336 2273 jam
1354 2234 1394 2263 nil
1410 2234 1691 2275 potestimputari‚
1709 2239 1797 2276 quod
1816 2247 1870 2269 nc-

997 2283 1059 2314 que
1077 2283 1132 2313 pei·
1150 2272 1196 2312 se,
1220 2283 1324 2314 neque
1342 2283 1398 2314 per
1414 2285 1676 2317 procuratorem,
1693 2278 1874 2311 defendun-

998 2324 1061 2345 tur:
1084 2322 1179 2355 atque
1198 2315 1240 2346 ita
1254 2325 1385 2357 quoque
1415 2316 1569 2357 Ulpianus
1587 2320 1614 2350 d.
1632 2319 1652 2351 l.
1671 2323 1717 2351 26.
1734 2319 1763 2362 §
1787 2329 1812 2352 1.
1832 2320 1870 2356 δ’

998 2357 1015 2387 l.
1035 2361 1082 2389 28.
1101 2357 1168 2387 bxi.

1038 2397 1191 2437 Exposita
1208 2398 1252 2430 est
1269 2399 1368 2438 prima
1385 2399 1487 2432 Ediffi
1506 2410 1592 2440 pars:
1617 2401 1755 2442 sequitur
1772 2405 1871 2437 altera

999 2439 1028 2469 in
1050 2439 1117 2469 baec
1136 2440 1241 2471 verba.
1267 2440 1395 2479 ltenz‚fi
1409 2444 1471 2482 quis
1489 2445 1558 2483 quid
1574 2445 1627 2479 usu
1637 2446 1726 2483 ficum
1735 2445 1870 2487 seciffec,

998 2486 1051 2511 aut
1073 2482 1146 2521 quod
1170 2490 1227 2512 non
1250 2485 1354 2512 utendo
1378 2482 1509 2522 amiffum
1524 2483 1566 2521 fii
1588 2486 1651 2525 (ita
1676 2486 1869 2527 legendum,

999 2532 1055 2552 non
1080 2520 1192 2560 czmific:
1217 2530 1251 2553 ut
1279 2523 1379 2563 liquet
1402 2533 1442 2554 ex
1466 2525 1484 2556 l.
1501 2534 1548 2556 21.
1574 2526 1601 2557 h.
1622 2529 1662 2566 t.)
1685 2532 1870 2568 consecutus:

1000 2562 1144 2595 utiliumve
1167 2573 1225 2604 qua
1245 2564 1356 2600 [bimus
1379 2566 1411 2595 oh
1435 2566 1466 2596 id
1488 2568 1563 2607 quod
1587 2569 1644 2598 dies
1661 2568 1722 2610 ejus
1746 2572 1870 2609 exierit,

1001 2614 1066 2635 cum
1082 2606 1179 2639 absens
1196 2614 1252 2635 non
1269 2606 1485 2643 defenderetur:
1500 2609 1568 2638 inve
1585 2611 1712 2641 vinculis
1728 2611 1809 2651 effer,
1820 2612 1868 2652 se-

1001 2655 1100 2676 cumve
1122 2647 1225 2686 agendi
1244 2645 1407 2686 potestatem
1433 2658 1489 2679 non
1505 2650 1637 2688 faceret,
1660 2658 1713 2682 aui:
1728 2663 1791 2684 cum
1807 2663 1871 2684 eum

1000 2689 1129 2717 invitum
1154 2689 1184 2717 in
1201 2687 1254 2727 jas
1279 2690 1378 2719 vocari
1394 2699 1451 2720 non
1466 2690 1579 2726 liceret,
1603 2702 1690 2733 neque
1706 2695 1869 2731 defendere-

1002 2734 1069 2758 tur:
1086 2737 1187 2758 cumve
1204 2727 1399 2769 Asiagzstracus
1415 2732 1447 2761 de
1463 2741 1494 2762 ea
1512 2742 1541 2763 re
1556 2734 1716 2774 appellatus
1734 2731 1815 2775 efflet,
1824 2733 1869 2771 si-

1001 2779 1037 2799 ve
1062 2770 1108 2799 cui
1129 2777 1179 2808 per
1207 2768 1403 2810 Magistratus
1424 2772 1484 2813 (lic
1508 2775 1608 2815 lcripsi
1627 2777 1692 2806 exi
1722 2781 1760 2807 26
1789 2775 1816 2816 §.
1837 2786 1868 2814 4.

1001 2812 1029 2840 Ι).
1048 2815 1068 2840 t.
1094 2819 1165 2841 cum
1188 2812 1291 2847 passim
1309 2814 1438 2849 edatur,
1454 2822 1506 2853 pro
1525 2815 1724 2856 Mamstratu)
1741 2816 1804 2853 fine
1823 2819 1870 2846 tlo-

1002 2852 1026 2881 lo
1043 2849 1130 2890 ipsius
1148 2851 1221 2882 αέῗῖο
1231 2861 1361 2894 exempta
1376 2854 1428 2895 effe
1443 2857 1565 2887 dicetur.
1591 2858 1684 2889 Hanc
1702 2857 1888 2889 ciautuiam·

1003 2892 1123 2923 Praetor
1145 2893 1290 2931 inseruit,
1314 2904 1347 2926 ut
1365 2899 1632 2936 quemadmodum
1654 2898 1803 2927 succurrit
1822 2899 1870 2928 su-

1003 2933 1179 2973 prascriptis
1195 2935 1352 2976 personis,
1370 2948 1409 2969 ne
1427 2948 1608 2979 capiantur,
1625 2940 1667 2968 ita
1683 2938 1868 2971 &adversus

1003 2974 1080 3014 ipsas
1107 2977 1272 3015 succurrit,
1296 2988 1336 3009 ne
1359 2981 1484 3019 capiant
1502 2982 1528 3010 d.
1546 2981 1564 3010 l.
1583 2989 1629 3010 21.
1671 2978 1713 3008 Et
1729 2980 1788 3010 eric
1813 2989 1870 3011 no-

1004 3018 1151 3055 tandum3
1169 3019 1254 3057 quod
1273 3019 1341 3058 plus
1354 3020 1472 3051 Praetoi·
1488 3020 1653 3059 expreffic,
1671 3028 1742 3050 curn
1760 3021 1870 3053 adver-

1004 3056 1051 3088 sus
1068 3068 1123 3088 eos
1140 3058 1293 3098 restituit,
1317 3071 1410 3101 quam
1433 3071 1504 3092 curn
1530 3060 1597 3099 ipsis
1617 3061 1771 3092 subvenit.
1797 3072 1871 3095 nam

1006 3099 1058 3129 hic
1079 3109 1141 3130 non
1169 3110 1270 3132 certas
1294 3103 1441 3143 personas
1466 3111 1661 3133 enumcraVic
1679 3125 1689 3140 ,
1719 3104 1869 3135 adversus

1004 3148 1078 3180 quas
1104 3140 1247 3173 subvenit
1265 3167 1273 3181 ‚
1299 3153 1333 3174 ut
1361 3147 1463 3182 lupra,
1490 3142 1539 3173 sed
1564 3143 1677 3182 adjecit
1700 3145 1869 3177 clausulam

1002 3191 1060 3220 qua
1078 3191 1189 3214 ornnes
1208 3185 1261 3224 qui
1279 3185 1422 3215 absentes
1439 3193 1501 3213 non
1520 3182 1755 3224 defenduntur,
1779 3195 1868 3218 corn-

998 3224 1111 3264 plexus
1128 3225 1175 3261 eit*
1192 3227 1219 3257 cl.
1237 3226 1258 3258 ι.
1276 3234 1322 3258 21.
1337 3226 1366 3267 ᾗ,
1385 3234 1410 3257 ι.
1442 3224 1516 3257 Erat
1533 3234 1610 3257 vero
1627 3228 1802 3268 aequitatis,
1826 3237 1882 3260 ne·

1102 3265 1141 3297 N
1161 3275 1178 3296 2
1812 3270 1866 3302 ab·
