2036 3495
183 106 254 143 174
597 96 629 131 G
661 106 680 130 Ε
713 108 735 131 It
766 108 786 131 Α
819 107 840 130 R
872 104 895 130 1)
930 107 941 131 1

183 186 237 217 do.
261 185 400 225 ideoque
418 183 538 223 praedio
549 183 632 213 bona
653 182 715 213 fide
729 181 881 222 poss'ess‘o,
898 185 927 215 <St
943 185 1052 226 adqui·

181 228 240 264 rit,
259 226 287 257 ἃ.
304 225 459 264 imponit,
478 222 661 254 servitutem
679 233 694 253 a
712 224 853 256 Praetore
869 224 1051 258 servandam

179 267 363 300 Publiciana
379 266 486 295 iurem
500 264 624 294 actione
640 265 657 294 l.
679 274 722 296 11.
739 265 766 306 §.
790 275 814 296 1.
833 266 871 297 D.
888 269 920 297 de
937 267 1050 300 Public.

178 310 211 339 in
226 317 282 338 rem
293 306 346 337 αὲἶ.
373 305 479 336 Simile
498 307 681 344 exemplum
694 307 723 337 in
738 307 962 346 lupcrficiario.
979 318 1050 340 nam

177 358 218 380 ne
235 349 286 378 hic
298 347 425 385 quidem
442 346 510 385 jure
526 345 611 378 civili
629 347 673 378 est
688 347 834 380 dominus·
854 348 1049 390 superficiei,

176 389 230 419 sed
248 397 263 418 a
281 387 422 418 Praetore
441 396 497 427 pro
517 388 650 419 domino
671 388 822 421 habetur:
840 391 910 422 data
931 391 998 422 utili
1017 392 1048 422 in

174 438 242 461 rem
258 429 402 466 achone,
418 428 507 459 causa
526 431 655 470 cognita
670 430 689 461 l.
703 439 750 471 73.
767 430 794 471 §.
817 441 844 462 1.
863 432 898 466 &³
914 433 988 473 λῃ.
1007 432 1047 463 D.

174 471 207 501 de
221 471 263 500 rei
278 471 387 500 vindic.
412 469 510 511 Igitur
522 471 568 501 vel
590 471 642 502 ille
659 471 680 502 fi
698 471 872 510 superficiei
892 473 1048 514 imposue-

172 511 214 542 rit
231 511 432 542 servitutem:
457 512 587 542 rationis
608 512 671 551 est,
690 513 785 552 ipsam
806 515 843 545 ad
864 515 1047 554 exemplum

173 561 280 583 earum
299 562 368 593 quae
386 551 452 593 ipso
467 553 534 592 jure
560 552 765 592 sustinentur,
790 555 854 594 peti
873 556 1001 588 utilibus
1016 565 1046 586 a·

173 593 332 625 trionibus
348 594 367 625 l.
387 604 412 625 1.
429 594 457 635 §.
478 604 506 630 9.
526 593 566 625 D.
586 597 619 625 de
632 595 805 636 superficieb.
832 595 877 627 Ita
893 597 932 627 ad
948 598 1049 637 impo-

171 636 307 666 nendam
323 636 592 675 adquirendamve
609 635 791 668 servitutem
805 646 868 669 non
887 637 933 669 est
948 648 1047 678 opus,

170 686 240 708 eam
259 677 298 707 ab
321 687 361 708 eo
374 676 428 717 qui
443 676 478 708 fit
495 678 580 707 omni
597 677 666 716 jure
682 678 850 716 dominus,
875 678 1044 712 constitui:

170 716 271 749 solum
283 726 413 758 oportet
425 727 497 749 eum
508 717 570 749 effe
588 717 751 750 dominum
770 721 981 752 omnimodo.
998 720 1046 752 fu-

168 759 258 800 itque
274 758 305 790 itl
321 759 502 800 diligentius
520 759 732 798 tractandum,
749 769 882 801 propter
894 762 1045 802 praedium

169 801 200 831 in
220 810 284 841 quo
303 810 381 831 unus
399 801 511 831 nudam
531 800 627 832 habet
646 804 872 841 proprietatem
885 826 894 841 ‚
919 804 996 835 alius
1014 811 1044 834 u-

167 840 393 873 sumfructum:
410 841 540 881 quaefito
557 843 618 881 jam
636 852 651 873 a
671 843 774 874 multis
792 844 919 882 seculis,
936 844 1042 884 poffit-

167 892 208 914 ne
226 885 315 914 nudae
328 883 531 923 proprietatis
541 884 687 916 dominus
700 884 880 917 servitutem
895 885 950 916 suo
967 896 1041 926 prae-

168 925 223 955 dio
241 925 407 965 imponere
418 933 470 955 aut
486 926 671 964 adquirere,
692 926 795 957 invito
812 935 864 957 aut
881 926 1040 959 consenti·

167 973 243 996 ente
253 964 451 997 fructuario?
464 965 639 1007 Quaestioni
650 967 772 999 causam
784 968 1038 1008 praebuerel.15.

166 1006 193 1048 ἓ.
210 1007 265 1038 ult.
286 1007 305 1038 l.
328 1013 372 1038 10.
390 1006 427 1042 ὅ)
446 1016 492 1047 17.
510 1007 553 1039 D.
576 1009 608 1038 cie
627 1008 794 1048 usufrucfiu.
820 1011 897 1041 item
912 1010 931 1040 l.
951 1019 978 1041 2.
1000 1010 1038 1040 I).

166 1049 200 1079 Si
216 1048 531 1089 zalicqfruffuspeietur.
551 1048 613 1080 Sed
632 1051 830 1082 vacationem
846 1051 943 1081 faciet
961 1051 1038 1082 mihi

166 1089 346 1130 diligentia:
363 1099 423 1131 qua
441 1100 510 1122 eam
527 1091 574 1121 lib.
596 1100 624 1122 Ι.
644 1090 691 1122 De
705 1091 859 1132 usufrubizt
876 1102 898 1122 c.
916 1102 968 1123 xv.
985 1102 1038 1123 ex-

166 1132 294 1171 pedivi,
319 1130 438 1162 servata
456 1132 606 1173 scriptura
622 1133 649 1162 d.
666 1133 684 1163 l.
708 1133 794 1174 15.§.
811 1133 866 1164 ult.
891 1143 959 1174 quae
979 1133 1039 1165 visa

162 1173 324 1213 plerisque
341 1180 512 1213 corrupta;
538 1182 610 1205 cum
628 1173 663 1205 fit
679 1174 810 1215 integra.

203 1213 257 1245 Est
276 1215 305 1246 ἃ
321 1214 373 1246 illa
388 1215 443 1255 (ut
459 1215 498 1245 ad
508 1216 566 1246 alia
583 1215 727 1255 veniam)
745 1216 927 1257 pervulgata
943 1226 1032 1258 regu-

162 1255 204 1294 la,
215 1265 327 1288 omnes
338 1256 529 1295 praediorum
541 1256 706 1288 servitutes
717 1257 834 1288 debere
847 1266 1033 1298 perpetuam

161 1297 281 1329 habere
297 1296 418 1329 causam
434 1297 454 1328 l.
467 1307 514 1339 23.
532 1297 560 1339 §.
572 1307 596 1328 1.
617 1297 656 1329 D.
675 1300 708 1328 de
716 1300 918 1339 servit.praed.
935 1299 1034 1340 rustic.

161 1338 181 1369 l.
200 1343 248 1372 28.
267 1338 308 1370 D.
325 1340 358 1370 de
380 1341 454 1375 serv.
476 1341 565 1379 praed.
589 1341 651 1370 urb.
672 1339 692 1370 l.
713 1348 738 1371 1.
756 1339 781 1380 ἓ.
796 1350 824 1380 5.
844 1339 886 1371 D.
911 1342 944 1370 cle
958 1351 1035 1382 aqua

159 1381 267 1421 quotid.
292 1379 460 1417 videlicet,
485 1383 556 1420 quia
582 1381 738 1412 creditum
762 1381 824 1420 est,
848 1381 1033 1414 inhaesuram

157 1422 280 1462 praedio
304 1421 485 1452 servitutem
510 1422 548 1452 ad
567 1422 696 1453 alterius
713 1423 821 1462 praedii
842 1424 1031 1464 utilitatem,

159 1462 222 1494 esse
239 1464 304 1502 ejus
324 1471 442 1494 naturae
453 1485 462 1499 ,
485 1463 634 1502 quamdiu
650 1463 730 1501 erit,
744 1471 849 1504 aptam
865 1473 1029 1505 oportere.

158 1503 291 1535 Causam
317 1504 412 1534 talem
440 1502 575 1534 Veteres
601 1513 757 1535 vocarunt
781 1506 811 1536 id
830 1506 916 1546 cujus
933 1507 1031 1546 gratia

155 1545 289 1577 servitus
305 1542 515 1576 constituitur.
540 1544 585 1576 est
597 1545 666 1576 talis
684 1544 714 1576 in
726 1547 914 1586 aquaeduuu
931 1557 1028 1589 aqua:

155 1587 188 1618 in
215 1586 375 1618 stillicidio
400 1594 480 1626 aqua
504 1586 627 1626 pluvia:
652 1587 682 1619 ἃ,
699 1585 741 1618 fic
757 1589 789 1619 in
807 1589 941 1620 caereris.
965 1597 1030 1621 tan-

156 1636 225 1659 tum
248 1628 379 1665 addam,
403 1627 491 1668 quod
513 1636 586 1659 cum
608 1628 652 1660 est
668 1630 818 1661 naturalis
837 1639 935 1670 aqua,
958 1640 1029 1663 eam

156 1668 295 1701 Veteres
320 1677 506 1709 perpetuam
523 1669 635 1700 dicunt
650 1671 677 1700 d.
692 1669 712 1701 l.
730 1675 778 1705 28.
801 1670 865 1703 five
882 1673 1029 1712 perennis

153 1709 191 1743 fit
206 1719 304 1751 aqua,
330 1719 363 1741 ut
379 1709 499 1749 fontis,
523 1709 543 1741 1.
565 1719 590 1742 1.
607 1710 636 1752 §.
651 1721 680 1750 4.
701 1709 741 1742 D.
759 1713 906 1752 defonee,
924 1721 958 1744 ut
975 1713 1028 1745 flu-

152 1752 246 1785 minis
263 1759 316 1783 aut
333 1752 420 1792 putei
440 1752 450 1782 l
484 1761 508 1783 1.
524 1751 543 1793 ὃ
566 1762 596 1792 5.
617 1751 653 1787 &²
669 1757 698 1783 6.
714 1752 757 1783 D.
779 1755 812 1784 de
828 1764 904 1795 aqua
920 1757 1027 1796 quoticl.

152 1793 217 1826 five
233 1803 297 1825 non
310 1793 365 1830 fit,
378 1800 413 1823 ut
432 1794 462 1824 in
476 1793 635 1825 stillicidio
645 1795 673 1825 d.
691 1793 710 1824 l.
723 1799 771 1829 28.
788 1794 874 1827 Idem
893 1804 1025 1837 putant3

151 1835 174 1867 fi
192 1835 267 1876 quid
286 1843 378 1866 manu
397 1834 452 1866 fiat
469 1834 555 1875 cujus
574 1836 672 1875 gratia
689 1837 840 1875 praedium
859 1839 1025 1870 dominans

150 1877 315 1908 habeatur.
339 1876 374 1907 lit
390 1885 448 1916 pro
464 1878 617 1916 exemplo
632 1875 662 1907 in
682 1877 811 1909 taberna
829 1879 963 1910 casearia
976 1880 1025 1919 jus

149 1918 231 1950 fumi
249 1918 468 1949 immittendil.
481 1923 507 1952 8-
521 1917 586 1959 §.5.
606 1917 646 1948 D.
664 1918 697 1949 Si
708 1920 808 1955 servit.
826 1921 936 1952 vindic.
952 1931 1025 1953 nam

151 1969 246 1991 manu
265 1960 301 1991 fit
318 1960 341 1991 is
358 1958 485 1998 fumus,
510 1968 607 2000 atque
631 1967 666 1990 ut
689 1958 800 1991 sei-vrat
818 1962 955 1993 tabernae
974 1972 1023 1994 ca-

150 2001 275 2033 seariae:
298 2001 393 2032 etiam
419 2000 524 2041 potest
542 2024 551 2038 ‚
576 2001 725 2040 quamdiu
747 2001 798 2032 illa
824 2003 1023 2042 perseverat,

149 2052 243 2075 manu
262 2041 337 2073 fieri.
361 2043 480 2073 credita
498 2042 591 2082 igitur
608 2041 652 2073 est
671 2050 824 2083 perpetua
840 2045 905 2083 ejus
924 2045 1022 2076 causa.

151 2084 219 2117 usus
247 2085 360 2115 clarior
387 2083 463 2121 fiet,
487 2083 704 2115 demonstrato
728 2094 819 2116 more
845 2085 1021 2126 Veterum,

148 2125 241 2157 furno
259 2126 472 2164 adjuvantium
485 2124 626 2165 saporem
643 2124 824 2158 caseorum:
841 2136 936 2166 quem
955 2138 1022 2160 mo-

149 2177 215 2198 rem
233 2176 272 2198 ex
294 2166 397 2198 Plinio
413 2166 462 2196 lib.
483 2175 530 2197 11.
548 2167 624 2198 Nar.
641 2165 707 2206 inst.
723 2177 747 2197 c.
763 2178 811 2205 42.
837 2168 867 2199 &
884 2169 1022 2202 Martiali

149 2208 253 2239 Xeniis
270 2208 395 2239 reduxit
413 2206 470 2238 Vir
488 2207 548 2239 CL.
569 2207 725 2239 Barnabas
743 2208 911 2242 Briffonius
928 2211 965 2242 lib
992 2222 1021 2252 4.

150 2249 248 2281 t‘i'elec'b.
261 2251 351 2289 antiq.
367 2258 391 2279 c.
413 2258 460 2289 15.
486 2248 585 2291 Quod
601 2249 621 2281 fi
634 2249 712 2281 nihil
731 2252 792 2282 tale
810 2250 864 2284 fit:
884 2261 947 2283 non
967 2262 1020 2293 pu-

147 2299 230 2322 tatur
248 2291 311 2322 ess'c
330 2299 482 2330 perpetua
501 2290 610 2329 causa,
635 2291 774 2331 ideoque
797 2301 856 2324 nec
874 2294 1017 2326 servitus.

147 2331 360 2363 Observatum
385 2332 448 2362 hoc
466 2341 481 2362 a
499 2331 596 2363 Paulo
616 2334 643 2363 d.
660 2332 677 2364 l.
694 2337 742 2367 28-
767 2334 851 2365 circa
871 2334 1019 2368 foramen

145 2374 319 2413 pavimenti
337 2374 504 2413 proluendi
523 2374 621 2414 gratia
633 2373 663 2405 in
679 2374 745 2406 imo
760 2374 880 2415 pariete
894 2378 1019 2408 concla-

145 2415 194 2445 vis
208 2423 260 2446 aut
278 2415 423 2446 triclinii:
448 2415 479 2446 id
497 2415 560 2453 est,
578 2416 609 2446 in
630 2415 693 2447 ima
708 2424 796 2456 parte
816 2418 960 2456 parietis:
986 2426 1021 2450 ut

145 2462 272 2486 extremm
289 2465 350 2486 cera
367 2457 406 2486 ab
426 2456 564 2488 Asconio
574 2455 716 2488 Pediano
733 2460 764 2489 in
782 2458 864 2489 Orat.
876 2459 1020 2491 Ciceronis

146 2499 177 2526 in
197 2496 281 2527 Verr.
300 2498 352 2527 De
369 2497 492 2528 Praetur.
509 2499 571 2529 urb.
583 2505 653 2540 pag.
670 2508 719 2539 95.
741 2500 933 2540 exponitur,
950 2502 1018 2532 ulii-

146 2547 194 2568 rncz
206 2543 290 2577 parte
315 2539 424 2570 tabulae.
459 2539 494 2571 In
520 2540 572 2571 tali
599 2539 758 2571 foramine
784 2550 916 2582 negatur
938 2552 1019 2583 aqua

144 2577 315 2620 proluendi
339 2581 511 2619 pavimenti
533 2582 632 2621 gratia
657 2582 775 2613 habere
791 2582 913 2614 causam
930 2593 1017 2616 natu·

143 2621 241 2652 ralem
253 2643 261 2656 ,
278 2619 308 2650 &
324 2621 444 2652 idcirco
457 2630 661 2662 pei-petuam:
678 2622 751 2664 quia
768 2633 828 2654 nec
845 2626 1016 2665 praedium,

142 2670 205 2694 nec
223 2670 291 2701 pars
309 2661 418 2700 praedii
434 2664 498 2702 ejus
519 2663 608 2695 causa
626 2663 688 2695 est:
711 2663 731 2695 fi
749 2664 919 2705 praesertim
938 2668 1016 2699 nibil

144 2712 235 2743 aquae
252 2711 293 2733 ex
308 2702 395 2733 coelo
411 2705 599 2736 veniateum
617 2706 646 2737 in
658 2706 777 2738 locum.
802 2707 890 2739 Idem
909 2708 1019 2740 censet

141 2744 258 2776 Paulus
275 2743 293 2773 l.
309 2747 357 2777 28.
383 2744 414 2773 in
434 2744 503 2775 lacu
521 2746 550 2776 δι
568 2746 696 2787 stagno:
713 2747 766 2778 nifi
784 2757 958 2789 perpetuus
980 2749 1016 2781 fit

141 2788 255 2823 lacus,
268 2784 388 2815 habens
403 2792 514 2823 aquam
533 2787 637 2819 vivam
655 2788 674 2820 l.
686 2788 770 2830 23.§.
784 2799 809 2821 1.
820 2791 866 2820 D.
879 2791 1015 2825 deservit.

140 2829 229 2869 praed.
248 2823 348 2866 rustic.
364 2825 396 2856 id
415 2824 479 2862 est,
501 2834 535 2870 ut
552 2827 698 2867 Cujacius
714 2831 761 2861 lib.
779 2840 829 2862 xi.
851 2831 970 2869 Observ.
992 2843 1015 2863 c.

141 2880 172 2911 3.
196 2869 332 2908 exponit
348 2889 358 2904 ,
380 2867 539 2898 naturalis.
562 2877 633 2900 narn
659 2880 700 2902 eit
724 2880 804 2911 aqua
829 2881 953 2904 mortua
978 2883 1015 2904 ac

141 2909 316 2942 collectitia
340 2907 371 2939 &
394 2907 488 2939 facile
512 2909 715 2942 exarescente
731 2921 795 2944 non
815 2912 894 2945 solet
911 2924 1014 2955 aquae-

141 2951 254 2984 duetus
278 2949 415 2981 concedi
435 2951 462 2980 cl.
488 2949 507 2979 l.
531 2953 578 2983 28.
603 2950 710 2982 Simile
733 2954 764 2984 in
790 2954 923 2987 cisterna
948 2957 966 2987 L.
987 2966 1014 2987 1.

140 2994 170 3035 §.
182 3003 212 3033 4.
227 2993 272 3023 D.
293 2991 437 3028 defonte:
451 2999 522 3022 nam
539 2991 568 3021 δι
579 2990 652 3029 ista,
670 2992 788 3025 habens
804 3004 916 3035 aquam
929 3007 1013 3029 mor-

142 3043 248 3070 tuam,
271 3041 336 3064 non
361 3031 482 3073 praebet
506 3040 593 3072 aquae
621 3032 778 3066 haustum:
803 3036 879 3068 licet
896 3039 925 3069 in
942 3048 1012 3070 eam

139 3076 250 3107 veniat
266 3084 306 3105 ex
317 3073 403 3105 coelo
419 3082 516 3114 aqua:
532 3080 630 3113 pute,
647 3075 734 3112 quod
750 3084 815 3106 non
829 3077 896 3108 haec
911 3089 1011 3120 aqua,

140 3116 196 3148 sed
213 3117 321 3152 locus,
344 3114 466 3155 praebet
488 3113 688 3146 servitutem:
712 3123 783 3146 nam
811 3116 863 3147 hic
879 3119 1012 3152 cisterna

142 3158 282 3194 dicitur;
299 3156 365 3195 ejus
382 3166 460 3187 vero
477 3165 556 3197 aqua
574 3162 697 3187 mortua
710 3164 774 3187 non
791 3156 834 3187 est
853 3166 1011 3197 perpetuo

141 3200 259 3232 idonea
268 3197 307 3229 ad
317 3196 525 3237 praestantium
541 3206 630 3238 aquae
641 3196 793 3229 haustum.
815 3197 888 3229 Fuit
902 3200 931 3231 ἁ
949 3200 1013 3233 lioc

1005 97 1269 136 Neon-r
1328 101 1536 138 CoMM.

1097 187 1256 226 quaeficum
1269 212 1279 229 ,
1293 200 1330 222 an
1348 200 1388 222 ex
1407 191 1552 230 castellO,
1572 192 1601 223 id
1622 192 1686 232 est,
1702 202 1744 224 ex
1760 195 1961 236 receptaculo

1095 237 1261 269 aquarum,
1285 240 1338 262 aut
1356 233 1386 264 in
1404 243 1481 273 aqua
1501 243 1539 264 ex
1558 235 1681 273 privato
1699 234 1828 267 flumine
1847 239 1959 272 tollen-

1095 269 1134 300 da
1150 278 1206 310 per
1224 279 1344 312 rotam,
1361 275 1400 305 de
1411 283 1472 315 qua
1492 273 1654 306 Vitruvius
1673 277 1719 306 lib.
1741 285 1784 308 10.
1803 287 1827 308 c.
1844 287 1871 314 9.
1887 288 1958 319 pos.

1093 309 1129 340 fit
1152 314 1354 352 aquaeduftus
1380 316 1527 347 constitui
1541 317 1556 346 ¹?
1580 326 1645 347 non
1663 317 1782 357 placuit
1800 318 1901 351 subtili
1915 322 1960 361 ju-

1092 359 1143 381 re:
1165 362 1205 384 eo
1225 359 1311 394 quod
1330 355 1383 387 illa
1402 367 1480 397 aqua
1498 367 1562 388 non
1581 359 1667 389 venit
1683 360 1885 400 naturaliter3
1908 363 1958 396 sed

1093 400 1191 429 opere
1207 404 1300 427 manu
1311 396 1412 430 fatto:
1430 400 1517 438 qnod
1528 408 1607 436 opus
1623 409 1687 430 non
1700 399 1744 431 est
1761 409 1957 440 perpetuum.

1093 432 1212 466 Contra
1237 444 1342 469 tamen
1369 441 1512 471 obtinuit
1537 439 1704 480 Rescripto
1728 441 1880 474 Antonini
1897 444 1915 475 l.
1931 456 1956 478 2,

1090 474 1138 504 D.
1155 476 1182 506 h.
1200 482 1221 521 c.
1239 478 1269 508 in
1288 481 1450 519 propofito
1469 491 1531 513 non
1556 490 1616 514 tam
1636 482 1863 515 considerantis
1878 495 1958 526 opus

1091 514 1209 560 castelli
1224 526 1278 549 aut
1295 528 1391 558 rotae,
1406 531 1497 559 quarn
1517 533 1629 563 aquam
1649 523 1744 564 ipsam
1757 549 1764 561 ,
1784 525 1813 556 &
1830 527 1958 562 quidem

1091 566 1217 596 Vivam,
1240 568 1281 603 eit
1304 561 1432 594 castello
1452 564 1594 604 ductam,
1618 574 1670 596 aut
1687 575 1755 596 rota
1774 576 1813 597 ex
1830 566 1958 602 flumine

1090 597 1239 645 haustam.
1261 602 1456 646 'inde-Paulus
1468 606 1486 636 l.
1500 616 1529 641 9·
1546 608 1589 637 l).
1605 608 1746 645 deservit.
1754 609 1844 647 praed.
1861 609 1958 650 rustic.

1091 641 1243 678 servitus,
1259 650 1378 682 inquit,
1395 655 1474 686 aquae
1489 649 1621 678 ducenda:
1638 649 1684 678 vel
1699 650 1882 687 hauriendas,
1898 652 1953 690 nisi

1088 689 1124 711 ex
1141 683 1241 721 capite
1255 683 1301 713 vel
1322 694 1358 715 ex
1367 686 1452 725 fonte
1473 687 1605 727 constitui
1621 699 1678 720 non
1690 688 1797 730 potest:
1819 692 1898 723 hodie
1915 700 1958 724 τα-

1088 731 1151 752 rnerz
1174 723 1225 762 (id
1243 723 1306 762 est,
1329 726 1398 766 post
1424 727 1620 769 Rescriptum
1642 732 1815 773 Antonini)
1836 742 1872 764 ex
1893 745 1959 776 quo·

1087 772 1207 804 cumque
1222 764 1278 795 loco
1296 765 1430 807 constitui
1439 769 1524 808 solet.

1127 805 1244 852 Praeter
1260 805 1329 838 haec
1345 810 1451 841 omnia
1467 812 1509 842 ait
1526 812 1722 853 Pomponius
1737 815 1755 846 l.
1778 825 1823 856 15.
1836 816 1864 858 §.-
1879 825 1903 848 i.
1917 816 1957 849 D.

1085 846 1339 888 deservitutibus,
1359 850 1422 882 hoc
1441 851 1502 883 ess'e
1519 862 1690 885 commune
1707 858 1848 888 omnium
1867 857 1960 889 servi·

1085 894 1204 931 tutum:
1219 891 1308 933 quod
1326 900 1431 923 earum
1450 902 1513 924 non
1532 903 1567 925 ca
1588 903 1694 927 natura
1711 897 1773 936 est,
1790 907 1823 929 ut
1838 900 1957 939 aliquid

1083 927 1178 960 faciat
1196 939 1264 969 quis
1280 931 1399 971 (veluti
1421 935 1530 966 viridia
1550 936 1659 974 tollat,
1676 946 1729 968 aut
1745 942 1956 973 amoeniorem

1083 969 1285 1011 prospectum
1309 973 1453 1012 praestet‚
1478 984 1532 1007 aut
1559 977 1589 1008 in
1608 977 1691 1016 hoc,
1715 987 1750 1010 ut
1767 981 1799 1011 in
1816 979 1870 1011 suo
1887 982 1955 1018 pin-

1081 1014 1154 1051 gat)
1179 1011 1231 1043 sed
1249 1021 1282 1044 ut
1298 1014 1416 1054 aliquid
1433 1017 1568 1057 patiatur
1582 1026 1633 1050 aut
1650 1028 1712 1051 non
1730 1021 1836 1052 faciat.
1882 1020 1955 1054 Una

1082 1054 1136 1091 (ut
1154 1057 1261 1085 monui
1281 1054 1376 1087 Titulo
1392 1067 1419 1089 2.
1436 1057 1523 1100 hujus
1538 1059 1623 1099 libri,
1641 1060 1678 1094 ἐξ
1691 1061 1739 1093 lib.
1750 1060 1829 1103 sing.
1850 1063 1900 1095 Aa
1914 1064 1954 1097 Ε-

1082 1093 1150 1124 άίἑῖ.
1172 1096 1205 1125 de
1216 1094 1293 1139 past.
1312 1106 1336 1129 c.
1358 1106 1402 1134 19.
1415 1107 1484 1141 pag.
1503 1103 1596 1141 5539.)
1612 1103 1764 1141 exceptio
1777 1104 1807 1134 in
1826 1103 1954 1138 servitu-

1083 1144 1114 1166 te
1133 1145 1238 1167 oneris
1265 1136 1389 1170 ferendi
1415 1150 1455 1171 ex
1476 1142 1665 1174 auctoritate
1683 1143 1782 1175 Servii
1803 1145 1951 1187 Sulpicii,

1081 1178 1118 1208 ad
1136 1178 1396 1218 consequentiam
1414 1190 1478 1213 non
1498 1183 1657 1215 trahenda.
1681 1184 1745 1217 Nifi
1765 1186 1877 1219 Paulus
1893 1188 1911 1218 l.
1922 1199 1949 1221 2.

1077 1218 1104 1259 §.
1121 1230 1148 1256 4.
1176 1220 1218 1250 l).
1235 1222 1268 1250 de
1285 1231 1363 1262 aqua
1380 1221 1417 1257 &³
1432 1233 1512 1264 aquae
1525 1226 1633 1264 pluviae
1650 1236 1707 1257 arc.
1726 1226 1782 1258 ati.
1806 1227 1847 1260 fic
1870 1228 1950 1263 infit.

1076 1261 1166 1300 Apud
1182 1262 1301 1303 Atejztm
1325 1272 1392 1294 vero
1413 1266 1536 1297 relatum
1553 1264 1610 1307 est,
1632 1277 1693 1298 eam
1704 1268 1811 1308 foffam
1831 1280 1867 1302 ex
1891 1281 1953 1312 qua*

1077 1306 1114 1332 aa
1128 1302 1291 1338 inferiorem
1298 1304 1433 1343 fundum
1449 1316 1526 1347 aqua
1543 1310 1699 1347 descendit,
1725 1312 1881 1352 cogendum
1896 1312 1949 1353 effe

1076 1344 1206 1374 vicinum
1214 1352 1361 1385 purgare,
1376 1345 1442 1384 sive
1458 1354 1534 1379 extet
1542 1348 1624 1389 foffae
1640 1352 1793 1390 memoria,
1810 1351 1874 1389 five
1890 1363 1949 1386 non

1075 1387 1266 1430 extens-quod
1282 1386 1318 1420 &2⁹
1333 1388 1389 1427 ipſs.²
1404 1394 1474 1429 puto
1487 1391 1675 1428 probandum.
1698 1390 1788 1435 Quid
1805 1393 1947 1428 Paulus?

1075 1427 1135 1470 ait,
1154 1435 1292 1458 vrcrnum
1311 1429 1405 1470 cogi,
1421 1429 1532 1462 fossam
1551 1440 1693 1471 purgare.
1722 1435 1782 1466 Sed
1800 1435 1885 1475 noli,
1905 1436 1951 1467 vi-

1074 1476 1179 1499 cinum
1196 1467 1342 1508 accipere
1367 1480 1439 1502 eum
1464 1474 1516 1511 qui
1544 1473 1726 1507 servitutem
1751 1476 1868 1516 debet3
1892 1476 1946 1510 sed

1073 1517 1146 1540 eum
1162 1508 1212 1540 cui
1228 1510 1384 1542 debeatur
1400 1511 1543 1544 servitus.
1567 1524 1637 1546 nam
1655 1515 1725 1555 bic,
1743 1516 1815 1557 quia
1830 1518 1862 1550 in
1879 1518 1945 1558 ejus

1071 1548 1176 1582 fundo
1196 1560 1262 1582 non
1278 1551 1323 1582 est
1344 1551 1441 1591 fossa,
1466 1553 1510 1585 est
1527 1554 1614 1586 foffae
1633 1557 1762 1588 vicinus.
1786 1566 1900 1589 contra
1913 1560 1948 1592 il-

1074 1591 1104 1622 le
1120 1593 1151 1622 in
1169 1592 1256 1632 cujus
1275 1591 1378 1624 fundo
1394 1593 1438 1625 est
1454 1594 1551 1634 fossa,
1567 1598 1689 1629 nonest
1703 1597 1791 1629 foffae
1802 1600 1945 1640 vicinus,

1072 1631 1123 1663 sed
1135 1632 1223 1663 foffae
1240 1633 1404 1667 dominus:
1422 1644 1456 1666 ut
1471 1636 1554 1669 bene
1571 1639 1793 1671 animadvertit
1810 1639 1947 1674 D.Con·

1070 1682 1169 1705 narius
1191 1674 1238 1705 lib.
1255 1685 1284 1714 4.
1301 1676 1448 1718 Comjur.
1466 1687 1488 1708 c.
1502 1688 1530 1719 7.
1542 1689 1571 1710 n.
1580 1689 1609 1715 9.
1629 1679 1705 1712 Non
1722 1688 1841 1721 mutat,
1856 1684 1946 1723 quod

1071 1714 1147 1746 item
1168 1715 1279 1747 Paulus
1298 1718 1329 1748 in
1347 1719 1374 1748 ci.
1393 1718 1409 1749 ί.
1423 1728 1451 1750 2.
1467 1719 1495 1760 §.
1515 1730 1542 1760 7.
1560 1722 1622 1759 ait,
1645 1721 1773 1762 reficias:
1790 1733 1896 1762 eoque
1914 1725 1945 1757 ei

1070 1756 1123 1796 qui
1149 1756 1333 1790 servitutem
1358 1760 1475 1800 debet,
1499 1771 1579 1793 onus
1601 1762 1782 1795 reficiendae
1797 1763 1885 1796 fossae
1900 1766 1945 1798 in-

1066 1798 1178 1837 jungit.
1225 1798 1306 1831 Nam
1329 1801 1389 1840 jam
1413 1802 1490 1834 oiim
1509 1801 1597 1835 sensit
1621 1804 1805 1843 Acmrfius,
1829 1807 1859 1838 id
1877 1817 1945 1839 ver-

1070 1841 1142 1870 bum
1156 1863 1164 1876 ,
1188 1840 1318 1879 reficias,
1343 1842 1416 1873 sumi
1435 1852 1492 1882 pro
1504 1843 1583 1883 refici
1596 1848 1757 1886 permittas.
1776 1847 1867 1879 Scio:
1889 1849 1945 1881 im·

1069 1882 1182 1919 probat
1196 1883 1385 1915 Connanus:
1403 1885 1430 1915 δι
1443 1894 1500 1924 pro
1516 1885 1628 1925 reficias
1645 1886 1767 1925 scribit,
1784 1888 1942 1928 reficiatur.

1068 1922 1129 1953 Sed
1150 1922 1223 1954 milii
1245 1925 1349 1963 placet
1367 1926 1505 1957 Accurlii
1523 1926 1695 1961 sententia:
1713 1932 1841 1969 quando
1856 1933 1940 1971 apud

1068 1963 1198 1995 Paulum
1215 1967 1242 1996 d.
1262 1965 1279 1995 l.
1298 1976 1323 1997 2.
1338 1966 1369 2007 ὃ.
1392 1976 1416 1998 1.
1447 1967 1488 1999 fic
1513 1969 1642 2008 legitur:
1674 1970 1751 2001 Dicit
1770 1972 1863 2013 igitur
1880 1972 1939 2003 La-

1067 2007 1112 2035 beo
1123 2029 1131 2041 ,
1149 2016 1228 2047 aquae
1242 2007 1350 2046 pluviae
1365 2009 1489 2039 arcenclce
1504 2020 1568 2051 cum
1582 2011 1716 2050 inferiore
1731 2013 1780 2052 agi
1793 2012 1882 2052 poffe,
1905 2020 1940 2044 ut

1065 2053 1116 2077 aut
1135 2048 1190 2088 ipse
1208 2055 1349 2089 purgaret
1363 2073 1371 2088 ,
1394 2056 1447 2081 aut
1464 2057 1490 2080 te
1501 2057 1651 2091 pateretur
1666 2054 1697 2083 in
1709 2051 1939 2093 pristinunistn-

1065 2094 1127 2119 tum
1143 2098 1203 2119 eom
1220 2092 1354 2129 redigere.
1381 2089 1507 2123 Deinde
1523 2095 1756 2125 convenienter
1772 2094 1870 2127 Paulo
1885 2094 1939 2128 Ul-

1065 2131 1177 2169 pianus
1194 2131 1213 2161 l.
1235 2140 1259 2161 i.
1277 2131 1306 2173 §.
1325 2131 1378 2163 ult.
1398 2133 1443 2163 D.
1460 2135 1517 2164 eod.
1536 2135 1582 2166 tie.
1609 2135 1681 2166 Non
1701 2145 1786 2177 erga,
1811 2136 1937 2177 inquit,

1064 2180 1193 2211 cogemus
1209 2174 1340 2203 vici-num
1364 2183 1478 2215 aggeres
1504 2177 1634 2215 munire,
1655 2177 1704 2214 sed
1720 2187 1769 2208 nos
1785 2178 1817 2208 in
1831 2179 1893 2219 ejus
1908 2189 1938 2210 a·

1062 2221 1115 2253 gro
1131 2214 1308 2244 muniemus:
1330 2216 1441 2256 eritque
1458 2225 1491 2247 ea
1507 2215 1739 2257 quasisbrvicus.
1771 2218 1936 2251 Postremo

1064 2263 1184 2286 novum
1209 2264 1273 2286 non
1297 2255 1360 2294 est,
1384 2257 1522 2296 aliquem
1542 2259 1604 2290 dici
1622 2258 1749 2298 facere,
1773 2260 1826 2300 qui
1844 2260 1937 2294 estin

1063 2295 1170 2334 causa,
1194 2303 1229 2327 ut
1246 2296 1309 2328 fiat.
1342 2307 1405 2329 non
1427 2298 1540 2331 adfero
1557 2300 1622 2340 ejus
1641 2300 1813 2332 locutionis
1830 2311 1937 2335 exem-

1063 2337 1134 2377 pla:
1159 2338 1249 2369 allata
1264 2338 1326 2378 jam
1346 2337 1433 2380 supra
1451 2341 1489 2371 ad
1509 2340 1568 2372 Tit.
1585 2341 1632 2372 De
1647 2347 1746 2382 recept.

1101 2378 1213 2410 Potius
1235 2380 1338 2411 dicam
1355 2403 1364 2418 ,
1395 2383 1478 2412 inter
1501 2389 1615 2413 caetera
1640 2384 1803 2423 utriusque
1825 2384 1934 2424 praedii

1062 2422 1247 2451 communia
1263 2422 1358 2453 etiam
1371 2423 1526 2454 numerari
1542 2423 1656 2455 modos
1673 2423 1837 2455 servitutes
1858 2435 1935 2457 con-

1063 2460 1222 2492 stituendi.
1245 2461 1315 2493 sunt
1332 2472 1409 2494 vero
1421 2465 1502 2494 duo:
1521 2464 1642 2496 domini
1660 2465 1826 2503 voluntas,
1843 2466 1933 2506 &Ju-

1062 2503 1142 2533 dicis
1160 2502 1323 2534 sententia.
1349 2504 1418 2535 haec
1435 2505 1542 2536 locum
1556 2505 1652 2536 habet
1667 2505 1697 2537 in
1710 2506 1835 2546 judiciis
1852 2509 1933 2540 divi-

1061 2542 1167 2581 soriis,
1190 2544 1281 2584 quale
1298 2543 1342 2575 est
1359 2544 1487 2577 familiae
1502 2545 1710 2586 erciscundae,
1730 2549 1818 2579 verbi
1834 2557 1934 2589 gratia

1059 2585 1079 2616 l.
1098 2595 1147 2616 22.
1165 2585 1192 2626 §.
1212 2595 1239 2626 3.
1255 2584 1299 2616 D.
1316 2584 1419 2617 Famil.
1433 2585 1528 2628 ercisc.
1553 2587 1583 2618 in
1600 2588 1667 2619 aliis
1679 2611 1688 2625 ,
1714 2597 1829 2629 praeter
1844 2590 1931 2631 haec,

1060 2635 1124 2657 non
1143 2627 1270 2657 obtinet
1285 2626 1303 2656 l.
1316 2631 1344 2660 8.
1356 2627 1384 2669 §.
1403 2638 1433 2667 4.
1452 2627 1492 2660 D.
1506 2628 1648 2668 Siservz'c.
1660 2631 1768 2661 vindic.
1787 2631 1838 2662 illa
1854 2641 1932 2664 con-

1060 2666 1118 2698 stat
1136 2667 1247 2707 partim
1264 2668 1390 2708 legato.
1414 2669 1529 2709 partim
1548 2670 1746 2710 pactionibus
1762 2672 1791 2704 ἃ
1808 2672 1932 2714 stipula-

1059 2709 1199 2740 tionibus
1214 2708 1242 2749 §.
1258 2710 1313 2740 ult.
1332 2707 1404 2750 Inft.
1421 2711 1454 2740 de
1472 2712 1570 2748 servit.
1589 2713 1681 2752 praed.
1704 2711 1781 2744 ficut
1800 2714 1830 2745 ὅ(
1849 2716 1880 2746 in
1898 2724 1931 2746 u-

1059 2748 1198 2781 sufruftu
1215 2749 1417 2782 observatum
1436 2761 1476 2783 ex
1490 2751 1572 2793 Gajo
1591 2752 1635 2783 est
1651 2753 1669 2784 l.
1685 2765 1714 2794 5.
1734 2752 1776 2786 D.
1796 2756 1930 2796 deservi-

1058 2796 1114 2822 καί.
1139 2791 1226 2822 hisce
1245 2791 1370 2824 verbis:
1396 2792 1474 2832 Via,
1492 2794 1564 2833 iter,
1586 2793 1686 2834 astus,
1711 2795 1815 2827 dubius
1832 2807 1931 2838 aquoe,

1057 2833 1156 2863 iisdem
1165 2833 1228 2870 fere
1241 2834 1330 2863 modis
1346 2831 1534 2873 constituitur
1549 2837 1653 2877 quibus
1669 2836 1706 2870 ἐξ
1721 2838 1932 2877 usumfrutiztm

1058 2871 1193 2913 constitui
1205 2873 1346 2906 diximus.
1371 2874 1513 2908 Verbum
1525 2898 1535 2915 ,
1546 2877 1630 2915 fere,
1646 2877 1754 2910 nescio
1764 2888 1802 2910 an
1812 2878 1848 2910 fit
1857 2878 1930 2911 Tri-

1057 2915 1208 2953 boniani,
1232 2915 1271 2946 ab
1290 2926 1330 2947 eo
1348 2917 1503 2957 adjectum
1521 2927 1560 2949 ex
1574 2918 1643 2958 jure
1660 2929 1768 2959 novo;
1786 2929 1850 2960 quo
1866 2921 1930 2959 pla-

1057 2957 1141 2995 cuit,
1165 2955 1392 2990 usumfructum
1404 2959 1498 2990 etiam
1511 2959 1579 3000 lege
1590 2960 1749 2992 constitui.
1766 2962 1852 3001 quod
1863 2962 1928 2993 Ga—

1052 2997 1085 3037 jo
1109 2996 1171 3028 fuit
1193 2996 1403 3039 incognitum.
1436 3001 1479 3031 illi
1499 3001 1529 3031 in
1550 3002 1637 3032 omni
1663 3000 1830 3040 servitute,
1855 3011 1927 3033 cum

1055 3039 1267 3079 praediorum,
1288 3048 1357 3072 tum
1376 3041 1596 3081 personarum,
1617 3050 1737 3073 tanturn
1753 3042 1817 3073 duo
1834 3044 1926 3073 inno·

1056 3087 1184 3112 tuerunt
1194 3090 1263 3112 eam
1275 3082 1489 3114 constituendi
1507 3083 1595 3114 modi
1607 3092 1686 3122 quos
1702 3082 1777 3113 dixi.
1802 3081 1924 3115 Occur-

1055 3122 1094 3152 rit
1114 3130 1218 3154 tamen
1231 3122 1261 3154 &
1280 3124 1411 3162 tertius,
1428 3131 1546 3155 natura.
1570 3124 1632 3155 Sed
1641 3123 1765 3154 hicnon
1777 3123 1822 3155 est
1836 3132 1927 3156 com-

1055 3164 1158 3195 munis
1182 3163 1344 3203 omnium,
1368 3173 1478 3195 verum
1503 3164 1648 3205 proprius
1674 3172 1761 3203 aquae
1779 3172 1786 3194 ε
1807 3165 1838 3196 in
1863 3174 1924 3206 qua

1055 3204 1162 3244 (quod
1179 3203 1335 3246 Ulpianus
1358 3204 1526 3245 observat)
1548 3204 1700 3237 inferiora
1715 3205 1785 3237 loca
1801 3204 1924 3278 semper

1875 3256 1920 3278 er-
