<?xml version="1.0" encoding="UTF-8"?>
<!DOCTYPE html PUBLIC "-//W3C//DTD XHTML 1.0 Transitional//EN"
    "http://www.w3.org/TR/xhtml1/DTD/xhtml1-transitional.dtd">
<html xmlns="http://www.w3.org/1999/xhtml" xml:lang="en" lang="en">
 <head>
  <title>
</title>
<meta http-equiv="Content-Type" content="text/html;charset=utf-8" />
  <meta name='ocr-system' content='tesseract 3.04.00' />
  <meta name='ocr-capabilities' content='ocr_page ocr_carea ocr_par ocr_line ocrx_word'/>
</head>
<body>
  <div class='ocr_page' id='page_1' title='image "./gerardinoodtnovi00nood_0085.png"; bbox 0 0 2052 3487; ppageno 0'>
   <div class='ocr_carea' id='block_1_1' title="bbox 487 143 1463 195">
    <p class='ocr_par' dir='ltr' id='par_1_1' title="bbox 487 143 1463 195">
     <span class='ocr_line' id='line_1_1' title="bbox 487 143 1463 195; baseline 0.005 -12"><span class='ocrx_word' id='word_1_1' title='bbox 487 146 796 184; x_wconf 69' lang='lat' dir='ltr'>PRoninith</span> <span class='ocrx_word' id='word_1_2' title='bbox 847 144 974 195; x_wconf 73' lang='lat' dir='ltr'>Jums</span> <span class='ocrx_word' id='word_1_3' title='bbox 1025 143 1199 185; x_wconf 81' lang='lat' dir='ltr'>C1v1LIS</span> <span class='ocrx_word' id='word_1_4' title='bbox 1251 150 1340 188; x_wconf 72' lang='lat' dir='ltr'>Lrss.</span> <span class='ocrx_word' id='word_1_5' title='bbox 1391 147 1463 188; x_wconf 88' lang='lat' dir='ltr'>IV.</span> 
     </span>
    </p>
   </div>
   <div class='ocr_carea' id='block_1_2' title="bbox 92 232 958 1061">
    <p class='ocr_par' dir='ltr' id='par_1_2' title="bbox 92 232 958 814">
     <span class='ocr_line' id='line_1_2' title="bbox 97 232 958 280; baseline -0.005 -8"><span class='ocrx_word' id='word_1_6' title='bbox 97 236 131 273; x_wconf 71' lang='lat' dir='ltr'>in</span> <span class='ocrx_word' id='word_1_7' title='bbox 148 239 214 280; x_wconf 86' lang='lat' dir='ltr'>ripa</span> <span class='ocrx_word' id='word_1_8' title='bbox 232 237 296 271; x_wconf 80' lang='lat' dir='ltr'>fiat.</span> <span class='ocrx_word' id='word_1_9' title='bbox 337 232 384 270; x_wconf 79' lang='lat' dir='ltr'>Ita</span> <span class='ocrx_word' id='word_1_10' title='bbox 402 236 464 268; x_wconf 85' lang='lat' dir='ltr'>est:</span> <span class='ocrx_word' id='word_1_11' title='bbox 487 237 539 277; x_wconf 88' lang='lat' dir='ltr'>qui</span> <span class='ocrx_word' id='word_1_12' title='bbox 560 234 695 268; x_wconf 79' lang='lat' dir='ltr'>aedificat</span> <span class='ocrx_word' id='word_1_13' title='bbox 712 236 742 268; x_wconf 88' lang='lat' dir='ltr'>in</span> <span class='ocrx_word' id='word_1_14' title='bbox 761 245 841 278; x_wconf 81' lang='lat' dir='ltr'>aqua</span> <span class='ocrx_word' id='word_1_15' title='bbox 856 235 958 269; x_wconf 86' lang='lat' dir='ltr'>flumi-</span> 
     </span>
     <span class='ocr_line' id='line_1_3' title="bbox 98 277 958 322; baseline -0.005 -8"><span class='ocrx_word' id='word_1_16' title='bbox 98 283 147 313; x_wconf 89' lang='lat' dir='ltr'>nis</span> <span class='ocrx_word' id='word_1_17' title='bbox 175 280 294 322; x_wconf 81' lang='lat' dir='ltr'>publici</span> <span class='ocrx_word' id='word_1_18' title='bbox 311 303 321 319; x_wconf 93' lang='lat'>,</span> <span class='ocrx_word' id='word_1_19' title='bbox 353 279 377 310; x_wconf 89' lang='lat' dir='ltr'>is</span> <span class='ocrx_word' id='word_1_20' title='bbox 402 277 569 310; x_wconf 80' lang='lat' dir='ltr'>aedificium</span> <span class='ocrx_word' id='word_1_21' title='bbox 593 278 677 309; x_wconf 83' lang='lat' dir='ltr'>suum</span> <span class='ocrx_word' id='word_1_22' title='bbox 700 277 805 309; x_wconf 85' lang='lat' dir='ltr'>facit:</span> <span class='ocrx_word' id='word_1_23' title='bbox 835 288 906 310; x_wconf 86' lang='lat' dir='ltr'>nam</span> <span class='ocrx_word' id='word_1_24' title='bbox 924 287 958 310; x_wconf 88' lang='lat' dir='ltr'>ut</span> 
     </span>
     <span class='ocr_line' id='line_1_4' title="bbox 99 319 958 363; baseline -0.005 -8"><span class='ocrx_word' id='word_1_25' title='bbox 99 323 216 354; x_wconf 84' lang='lat' dir='ltr'>flumen</span> <span class='ocrx_word' id='word_1_26' title='bbox 243 323 310 363; x_wconf 84' lang='lat' dir='ltr'>jure</span> <span class='ocrx_word' id='word_1_27' title='bbox 335 320 477 362; x_wconf 83' lang='lat' dir='ltr'>gentium</span> <span class='ocrx_word' id='word_1_28' title='bbox 509 319 571 350; x_wconf 84' lang='lat' dir='ltr'>five</span> <span class='ocrx_word' id='word_1_29' title='bbox 598 320 759 359; x_wconf 89' lang='lat' dir='ltr'>publicum</span> <span class='ocrx_word' id='word_1_30' title='bbox 786 319 848 350; x_wconf 78' lang='lat' dir='ltr'>live</span> <span class='ocrx_word' id='word_1_31' title='bbox 872 329 958 351; x_wconf 92' lang='lat' dir='ltr'>com-</span> 
     </span>
     <span class='ocr_line' id='line_1_5' title="bbox 96 360 958 401; baseline -0.005 -5"><span class='ocrx_word' id='word_1_32' title='bbox 96 373 193 397; x_wconf 85' lang='lat' dir='ltr'>mune</span> <span class='ocrx_word' id='word_1_33' title='bbox 215 365 276 401; x_wconf 54' lang='grc' dir='ltr'>ειη</span> <span class='ocrx_word' id='word_1_34' title='bbox 299 361 340 393; x_wconf 87' lang='lat' dir='ltr'>fic</span> <span class='ocrx_word' id='word_1_35' title='bbox 357 361 465 392; x_wconf 87' lang='lat' dir='ltr'>alveus</span> <span class='ocrx_word' id='word_1_36' title='bbox 490 361 626 392; x_wconf 79' lang='lat' dir='ltr'>fluminis</span> <span class='ocrx_word' id='word_1_37' title='bbox 648 360 785 401; x_wconf 82' lang='lat' dir='ltr'>publici,</span> <span class='ocrx_word' id='word_1_38' title='bbox 811 362 958 400; x_wconf 81' lang='lat' dir='ltr'>quamdiu</span> 
     </span>
     <span class='ocr_line' id='line_1_6' title="bbox 97 401 958 440; baseline -0.002 -4"><span class='ocrx_word' id='word_1_39' title='bbox 97 415 114 436; x_wconf 86' lang='lat' dir='ltr'>a</span> <span class='ocrx_word' id='word_1_40' title='bbox 132 405 259 436; x_wconf 89' lang='lat' dir='ltr'>flumine</span> <span class='ocrx_word' id='word_1_41' title='bbox 283 402 443 434; x_wconf 81' lang='lat' dir='ltr'>obsidetur</span> <span class='ocrx_word' id='word_1_42' title='bbox 457 425 466 440; x_wconf 95' lang='lat'>,</span> <span class='ocrx_word' id='word_1_43' title='bbox 499 401 653 439; x_wconf 82' lang='lat' dir='ltr'>fluminis,</span> <span class='ocrx_word' id='word_1_44' title='bbox 683 402 713 433; x_wconf 91' lang='lat' dir='ltr'>id</span> <span class='ocrx_word' id='word_1_45' title='bbox 734 401 796 439; x_wconf 89' lang='lat' dir='ltr'>est,</span> <span class='ocrx_word' id='word_1_46' title='bbox 815 403 958 434; x_wconf 86' lang='lat' dir='ltr'>omnium</span> 
     </span>
     <span class='ocr_line' id='line_1_7' title="bbox 98 443 957 484; baseline -0.002 -7"><span class='ocrx_word' id='word_1_47' title='bbox 98 446 263 477; x_wconf 85' lang='lat' dir='ltr'>hominum</span> <span class='ocrx_word' id='word_1_48' title='bbox 281 444 344 475; x_wconf 80' lang='lat' dir='ltr'>five</span> <span class='ocrx_word' id='word_1_49' title='bbox 368 443 512 484; x_wconf 85' lang='lat' dir='ltr'>publicus</span> <span class='ocrx_word' id='word_1_50' title='bbox 538 443 600 474; x_wconf 79' lang='lat' dir='ltr'>five</span> <span class='ocrx_word' id='word_1_51' title='bbox 620 444 801 474; x_wconf 85' lang='lat' dir='ltr'>communis</span> <span class='ocrx_word' id='word_1_52' title='bbox 825 443 869 474; x_wconf 89' lang='lat' dir='ltr'>est</span> <span class='ocrx_word' id='word_1_53' title='bbox 890 444 909 475; x_wconf 88' lang='lat' dir='ltr'>l.</span> <span class='ocrx_word' id='word_1_54' title='bbox 928 453 957 484; x_wconf 82' lang='lat'>7.</span> 
     </span>
     <span class='ocr_line' id='line_1_8' title="bbox 96 484 957 528; baseline -0.001 -11"><span class='ocrx_word' id='word_1_55' title='bbox 96 487 126 528; x_wconf 81' lang='lat'>§.</span> <span class='ocrx_word' id='word_1_56' title='bbox 145 496 173 526; x_wconf 85' lang='lat'>5.</span> <span class='ocrx_word' id='word_1_57' title='bbox 197 486 238 518; x_wconf 90' lang='lat' dir='ltr'>D.</span> <span class='ocrx_word' id='word_1_58' title='bbox 261 486 294 517; x_wconf 82' lang='lat' dir='ltr'>de</span> <span class='ocrx_word' id='word_1_59' title='bbox 314 486 486 525; x_wconf 70' lang='lat' dir='ltr'>adquirendo</span> <span class='ocrx_word' id='word_1_60' title='bbox 502 494 597 515; x_wconf 85' lang='lat' dir='ltr'>rerum</span> <span class='ocrx_word' id='word_1_61' title='bbox 621 485 752 515; x_wconf 82' lang='lat' dir='ltr'>dominio.</span> <span class='ocrx_word' id='word_1_62' title='bbox 796 484 902 524; x_wconf 85' lang='lat' dir='ltr'>Atque</span> <span class='ocrx_word' id='word_1_63' title='bbox 926 486 957 516; x_wconf 85' lang='lat' dir='ltr'>id</span> 
     </span>
     <span class='ocr_line' id='line_1_9' title="bbox 96 524 958 566; baseline -0.001 -8"><span class='ocrx_word' id='word_1_64' title='bbox 96 535 160 558; x_wconf 89' lang='lat' dir='ltr'>tam</span> <span class='ocrx_word' id='word_1_65' title='bbox 181 535 301 559; x_wconf 88' lang='lat' dir='ltr'>certum</span> <span class='ocrx_word' id='word_1_66' title='bbox 324 525 494 558; x_wconf 82' lang='lat' dir='ltr'>Veteribus</span> <span class='ocrx_word' id='word_1_67' title='bbox 518 525 579 556; x_wconf 80' lang='lat' dir='ltr'>fuit</span> <span class='ocrx_word' id='word_1_68' title='bbox 599 548 608 563; x_wconf 90' lang='lat'>‚</span> <span class='ocrx_word' id='word_1_69' title='bbox 636 526 682 556; x_wconf 88' lang='lat' dir='ltr'>uti</span> <span class='ocrx_word' id='word_1_70' title='bbox 709 524 864 566; x_wconf 86' lang='lat' dir='ltr'>Ulpianus</span> <span class='ocrx_word' id='word_1_71' title='bbox 883 535 958 557; x_wconf 90' lang='lat' dir='ltr'>con·</span> 
     </span>
     <span class='ocr_line' id='line_1_10' title="bbox 100 566 956 608; baseline -0.001 -9"><span class='ocrx_word' id='word_1_72' title='bbox 100 569 229 600; x_wconf 76' lang='lat' dir='ltr'>trax-ium</span> <span class='ocrx_word' id='word_1_73' title='bbox 258 567 435 608; x_wconf 86' lang='lat' dir='ltr'>impoffible</span> <span class='ocrx_word' id='word_1_74' title='bbox 466 566 527 598; x_wconf 79' lang='lat' dir='ltr'>effe</span> <span class='ocrx_word' id='word_1_75' title='bbox 559 566 756 607; x_wconf 83' lang='lat' dir='ltr'>responderit</span> <span class='ocrx_word' id='word_1_76' title='bbox 787 567 807 598; x_wconf 91' lang='lat' dir='ltr'>l.</span> <span class='ocrx_word' id='word_1_77' title='bbox 832 576 857 598; x_wconf 89' lang='lat'>1.</span> <span class='ocrx_word' id='word_1_78' title='bbox 881 567 908 608; x_wconf 86' lang='lat'>§.</span> <span class='ocrx_word' id='word_1_79' title='bbox 927 576 956 607; x_wconf 82' lang='lat'>7.</span> 
     </span>
     <span class='ocr_line' id='line_1_11' title="bbox 93 608 957 648; baseline -0.001 -7"><span class='ocrx_word' id='word_1_80' title='bbox 93 608 139 641; x_wconf 91' lang='lat' dir='ltr'>D.</span> <span class='ocrx_word' id='word_1_81' title='bbox 164 611 197 640; x_wconf 81' lang='lat' dir='ltr'>de</span> <span class='ocrx_word' id='word_1_82' title='bbox 215 608 394 648; x_wconf 81' lang='lat' dir='ltr'>fluminibus.</span> <span class='ocrx_word' id='word_1_83' title='bbox 444 608 536 640; x_wconf 89' lang='lat' dir='ltr'>Adeo</span> <span class='ocrx_word' id='word_1_84' title='bbox 557 617 666 646; x_wconf 87' lang='lat' dir='ltr'>parum</span> <span class='ocrx_word' id='word_1_85' title='bbox 692 608 857 648; x_wconf 81' lang='lat' dir='ltr'>probabile</span> <span class='ocrx_word' id='word_1_86' title='bbox 880 608 957 640; x_wconf 88' lang='lat' dir='ltr'>mihi</span> 
     </span>
     <span class='ocr_line' id='line_1_12' title="bbox 94 649 957 690; baseline -0.002 -8"><span class='ocrx_word' id='word_1_87' title='bbox 94 649 131 682; x_wconf 86' lang='lat' dir='ltr'>fit</span> <span class='ocrx_word' id='word_1_88' title='bbox 146 674 156 688; x_wconf 86' lang='lat'>,</span> <span class='ocrx_word' id='word_1_89' title='bbox 187 650 274 690; x_wconf 83' lang='lat' dir='ltr'>quod</span> <span class='ocrx_word' id='word_1_90' title='bbox 292 649 417 690; x_wconf 82' lang='lat' dir='ltr'>vulgata</span> <span class='ocrx_word' id='word_1_91' title='bbox 441 650 590 690; x_wconf 74' lang='lat' dir='ltr'>scriptura</span> <span class='ocrx_word' id='word_1_92' title='bbox 610 650 733 690; x_wconf 87' lang='lat' dir='ltr'>arguit,</span> <span class='ocrx_word' id='word_1_93' title='bbox 756 650 848 690; x_wconf 89' lang='lat' dir='ltr'>(quia</span> <span class='ocrx_word' id='word_1_94' title='bbox 866 650 896 680; x_wconf 94' lang='lat' dir='ltr'>in</span> <span class='ocrx_word' id='word_1_95' title='bbox 921 659 957 680; x_wconf 91' lang='lat' dir='ltr'>ea</span> 
     </span>
     <span class='ocr_line' id='line_1_13' title="bbox 93 690 955 732; baseline 0 -10"><span class='ocrx_word' id='word_1_96' title='bbox 93 692 177 723; x_wconf 86' lang='lat' dir='ltr'>nulla</span> <span class='ocrx_word' id='word_1_97' title='bbox 200 693 300 732; x_wconf 88' lang='lat' dir='ltr'>liquet</span> <span class='ocrx_word' id='word_1_98' title='bbox 316 692 478 731; x_wconf 70' lang='lat' dir='ltr'>quaerendi</span> <span class='ocrx_word' id='word_1_99' title='bbox 494 691 769 730; x_wconf 84' lang='lat' dir='ltr'>respondendique</span> <span class='ocrx_word' id='word_1_100' title='bbox 793 690 901 731; x_wconf 81' lang='lat' dir='ltr'>causa)</span> <span class='ocrx_word' id='word_1_101' title='bbox 924 691 955 722; x_wconf 92' lang='lat' dir='ltr'>id</span> 
     </span>
     <span class='ocr_line' id='line_1_14' title="bbox 92 731 955 773; baseline -0.001 -9"><span class='ocrx_word' id='word_1_102' title='bbox 92 734 175 769; x_wconf 80' lang='lat' dir='ltr'>apud</span> <span class='ocrx_word' id='word_1_103' title='bbox 198 732 373 763; x_wconf 74' lang='lat' dir='ltr'>Scaevoiain</span> <span class='ocrx_word' id='word_1_104' title='bbox 396 741 449 763; x_wconf 86' lang='lat' dir='ltr'>aut</span> <span class='ocrx_word' id='word_1_105' title='bbox 474 732 635 773; x_wconf 83' lang='lat' dir='ltr'>quaesitum</span> <span class='ocrx_word' id='word_1_106' title='bbox 655 755 665 771; x_wconf 95' lang='lat'>,</span> <span class='ocrx_word' id='word_1_107' title='bbox 697 739 749 763; x_wconf 88' lang='lat' dir='ltr'>aut</span> <span class='ocrx_word' id='word_1_108' title='bbox 773 731 955 773; x_wconf 82' lang='lat' dir='ltr'>responsum</span> 
     </span>
     <span class='ocr_line' id='line_1_15' title="bbox 93 773 466 814; baseline 0.003 -10"><span class='ocrx_word' id='word_1_109' title='bbox 93 773 164 805; x_wconf 84' lang='lat' dir='ltr'>effe.</span> <span class='ocrx_word' id='word_1_110' title='bbox 207 774 271 805; x_wconf 86' lang='lat' dir='ltr'>Sed</span> <span class='ocrx_word' id='word_1_111' title='bbox 287 774 466 814; x_wconf 86' lang='lat' dir='ltr'>legendum.</span> 
     </span>
    </p>

    <p class='ocr_par' dir='ltr' id='par_1_3' title="bbox 133 813 954 858">
     <span class='ocr_line' id='line_1_16' title="bbox 133 813 954 858; baseline 0 -14"><span class='ocrx_word' id='word_1_112' title='bbox 133 814 293 858; x_wconf 47' lang='lat' dir='ltr'>Quae-filum</span> <span class='ocrx_word' id='word_1_113' title='bbox 309 813 366 854; x_wconf 73' lang='lat' dir='ltr'>eft,</span> <span class='ocrx_word' id='word_1_114' title='bbox 395 825 433 846; x_wconf 82' lang='lat' dir='ltr'>an</span> <span class='ocrx_word' id='word_1_115' title='bbox 449 816 473 845; x_wconf 85' lang='lat' dir='ltr'>is</span> <span class='ocrx_word' id='word_1_116' title='bbox 490 838 499 853; x_wconf 92' lang='lat'>‚</span> <span class='ocrx_word' id='word_1_117' title='bbox 523 816 573 855; x_wconf 87' lang='lat' dir='ltr'>qui</span> <span class='ocrx_word' id='word_1_118' title='bbox 588 816 618 845; x_wconf 85' lang='lat' dir='ltr'>in</span> <span class='ocrx_word' id='word_1_119' title='bbox 636 819 759 855; x_wconf 82' lang='lat' dir='ltr'>utraque</span> <span class='ocrx_word' id='word_1_120' title='bbox 781 816 844 854; x_wconf 86' lang='lat' dir='ltr'>ripa</span> <span class='ocrx_word' id='word_1_121' title='bbox 855 813 954 854; x_wconf 86' lang='lat' dir='ltr'>flumi-</span> 
     </span>
    </p>

    <p class='ocr_par' dir='ltr' id='par_1_4' title="bbox 153 856 954 897">
     <span class='ocr_line' id='line_1_17' title="bbox 153 856 954 897; baseline 0 -10"><span class='ocrx_word' id='word_1_122' title='bbox 153 858 199 887; x_wconf 86' lang='lat' dir='ltr'>nis</span> <span class='ocrx_word' id='word_1_123' title='bbox 218 856 331 894; x_wconf 83' lang='lat' dir='ltr'><em>publici</em></span> <span class='ocrx_word' id='word_1_124' title='bbox 355 858 454 887; x_wconf 75' lang='lat' dir='ltr'>domus</span> <span class='ocrx_word' id='word_1_125' title='bbox 477 856 603 894; x_wconf 79' lang='lat' dir='ltr'>habeut,</span> <span class='ocrx_word' id='word_1_126' title='bbox 630 862 744 896; x_wconf 86' lang='lat' dir='ltr'>pontem</span> <span class='ocrx_word' id='word_1_127' title='bbox 760 862 877 896; x_wconf 78' lang='lat' dir='ltr'>privato</span> <span class='ocrx_word' id='word_1_128' title='bbox 887 856 954 897; x_wconf 80' lang='lat' dir='ltr'>jure</span> 
     </span>
    </p>

    <p class='ocr_par' dir='ltr' id='par_1_5' title="bbox 93 895 953 1061">
     <span class='ocr_line' id='line_1_18' title="bbox 148 895 758 938; baseline -0.002 -10"><span class='ocrx_word' id='word_1_129' title='bbox 148 897 250 936; x_wconf 74' lang='lat' dir='ltr'>facere</span> <span class='ocrx_word' id='word_1_130' title='bbox 263 895 360 938; x_wconf 75' lang='lat' dir='ltr'>potest.</span> <span class='ocrx_word' id='word_1_131' title='bbox 405 896 576 937; x_wconf 76' lang='lat' dir='ltr'><strong><em>Respondit,</em></strong></span> <span class='ocrx_word' id='word_1_132' title='bbox 599 906 655 927; x_wconf 85' lang='lat' dir='ltr'>non</span> <span class='ocrx_word' id='word_1_133' title='bbox 674 896 758 936; x_wconf 84' lang='lat' dir='ltr'>poffe.</span> 
     </span>
     <span class='ocr_line' id='line_1_19' title="bbox 95 937 952 981; baseline 0 -13"><span class='ocrx_word' id='word_1_134' title='bbox 95 938 177 981; x_wconf 66' lang='lat' dir='ltr'>Quae</span> <span class='ocrx_word' id='word_1_135' title='bbox 196 938 217 970; x_wconf 81' lang='lat' dir='ltr'>si</span> <span class='ocrx_word' id='word_1_136' title='bbox 235 939 339 978; x_wconf 89' lang='lat' dir='ltr'>placet</span> <span class='ocrx_word' id='word_1_137' title='bbox 357 938 473 970; x_wconf 57' lang='lat' dir='ltr'>lectio:</span> <span class='ocrx_word' id='word_1_138' title='bbox 499 937 568 969; x_wconf 86' lang='lat' dir='ltr'>fere</span> <span class='ocrx_word' id='word_1_139' title='bbox 585 938 733 977; x_wconf 79' lang='lat' dir='ltr'>quaeritur</span> <span class='ocrx_word' id='word_1_140' title='bbox 747 961 756 976; x_wconf 95' lang='lat'>,</span> <span class='ocrx_word' id='word_1_141' title='bbox 787 947 825 969; x_wconf 88' lang='lat' dir='ltr'>an</span> <span class='ocrx_word' id='word_1_142' title='bbox 850 938 875 968; x_wconf 90' lang='lat' dir='ltr'>is</span> <span class='ocrx_word' id='word_1_143' title='bbox 899 938 952 978; x_wconf 85' lang='lat' dir='ltr'>qui</span> 
     </span>
     <span class='ocr_line' id='line_1_20' title="bbox 94 977 951 1020; baseline -0.002 -9"><span class='ocrx_word' id='word_1_144' title='bbox 94 979 193 1011; x_wconf 83' lang='lat' dir='ltr'>habet</span> <span class='ocrx_word' id='word_1_145' title='bbox 215 981 329 1011; x_wconf 87' lang='lat' dir='ltr'>domus</span> <span class='ocrx_word' id='word_1_146' title='bbox 355 980 387 1011; x_wconf 90' lang='lat' dir='ltr'>in</span> <span class='ocrx_word' id='word_1_147' title='bbox 411 987 544 1020; x_wconf 84' lang='lat' dir='ltr'>utraque</span> <span class='ocrx_word' id='word_1_148' title='bbox 567 979 633 1019; x_wconf 84' lang='lat' dir='ltr'>ripa</span> <span class='ocrx_word' id='word_1_149' title='bbox 658 977 794 1010; x_wconf 87' lang='lat' dir='ltr'>fluminis</span> <span class='ocrx_word' id='word_1_150' title='bbox 811 979 951 1019; x_wconf 82' lang='lat' dir='ltr'>publici,</span> 
     </span>
     <span class='ocr_line' id='line_1_21' title="bbox 93 1019 953 1061; baseline -0.002 -9"><span class='ocrx_word' id='word_1_151' title='bbox 93 1021 188 1061; x_wconf 86' lang='lat' dir='ltr'>poffit</span> <span class='ocrx_word' id='word_1_152' title='bbox 210 1029 344 1061; x_wconf 89' lang='lat' dir='ltr'>pontem</span> <span class='ocrx_word' id='word_1_153' title='bbox 366 1020 473 1052; x_wconf 85' lang='lat' dir='ltr'>facere</span> <span class='ocrx_word' id='word_1_154' title='bbox 491 1021 622 1061; x_wconf 86' lang='lat' dir='ltr'>proprio</span> <span class='ocrx_word' id='word_1_155' title='bbox 636 1020 723 1060; x_wconf 86' lang='lat' dir='ltr'>jure,</span> <span class='ocrx_word' id='word_1_156' title='bbox 755 1019 806 1051; x_wconf 89' lang='lat' dir='ltr'>seu</span> <span class='ocrx_word' id='word_1_157' title='bbox 832 1021 953 1059; x_wconf 84' lang='lat' dir='ltr'>privata</span> 
     </span>
    </p>
   </div>
   <div class='ocr_carea' id='block_1_3' title="bbox 93 1060 972 1103">
    <p class='ocr_par' dir='ltr' id='par_1_6' title="bbox 93 1060 972 1103">
     <span class='ocr_line' id='line_1_22' title="bbox 93 1060 972 1103; baseline -0.002 -9"><span class='ocrx_word' id='word_1_158' title='bbox 93 1062 307 1095; x_wconf 70' lang='lat' dir='ltr'>auctoritate?</span> <span class='ocrx_word' id='word_1_159' title='bbox 328 1062 537 1103; x_wconf 83' lang='lat' dir='ltr'>respondetur</span> <span class='ocrx_word' id='word_1_160' title='bbox 554 1069 681 1101; x_wconf 81' lang='lat' dir='ltr'>autem,</span> <span class='ocrx_word' id='word_1_161' title='bbox 695 1070 761 1093; x_wconf 84' lang='lat' dir='ltr'>non</span> <span class='ocrx_word' id='word_1_162' title='bbox 776 1061 885 1102; x_wconf 83' lang='lat' dir='ltr'>poffe3</span> <span class='ocrx_word' id='word_1_163' title='bbox 902 1061 952 1100; x_wconf 72' lang='grc' dir='ltr'>ἀ,</span> <span class='ocrx_word' id='word_1_164' title='bbox 967 1060 972 1070; x_wconf 82' lang='grc'><em>“</em></span> 
     </span>
    </p>
   </div>
   <div class='ocr_carea' id='block_1_4' title="bbox 1816 158 1863 199">
    <p class='ocr_par' dir='ltr' id='par_1_7' title="bbox 1816 158 1863 199">
     <span class='ocr_line' id='line_1_23' title="bbox 1816 158 1863 199; baseline 0.021 -1"><span class='ocrx_word' id='word_1_165' title='bbox 1816 158 1863 199; x_wconf 74' lang='lat'>59</span> 
     </span>
    </p>
   </div>
   <div class='ocr_carea' id='block_1_5' title="bbox 996 236 1880 981">
    <p class='ocr_par' dir='ltr' id='par_1_8' title="bbox 996 236 1880 981">
     <span class='ocr_line' id='line_1_24' title="bbox 1001 236 1864 282; baseline 0.006 -13"><span class='ocrx_word' id='word_1_166' title='bbox 1001 236 1022 270; x_wconf 89' lang='lat' dir='ltr'><strong>fi</strong></span> <span class='ocrx_word' id='word_1_167' title='bbox 1046 237 1150 279; x_wconf 82' lang='lat' dir='ltr'>facit,</span> <span class='ocrx_word' id='word_1_168' title='bbox 1182 239 1352 271; x_wconf 70' lang='lat' dir='ltr'>interdicto</span> <span class='ocrx_word' id='word_1_169' title='bbox 1385 239 1498 272; x_wconf 86' lang='lat' dir='ltr'>teneri.</span> <span class='ocrx_word' id='word_1_170' title='bbox 1521 238 1611 272; x_wconf 77' lang='lat' dir='ltr'>causa</span> <span class='ocrx_word' id='word_1_171' title='bbox 1634 238 1772 282; x_wconf 80' lang='lat' dir='ltr'>responsi</span> <span class='ocrx_word' id='word_1_172' title='bbox 1796 240 1864 275; x_wconf 84' lang='lat' dir='ltr'>est:</span> 
     </span>
     <span class='ocr_line' id='line_1_25' title="bbox 1002 281 1865 324; baseline 0.005 -14"><span class='ocrx_word' id='word_1_173' title='bbox 1002 281 1089 319; x_wconf 87' lang='lat' dir='ltr'>quod</span> <span class='ocrx_word' id='word_1_174' title='bbox 1107 303 1116 318; x_wconf 89' lang='lat'>‚</span> <span class='ocrx_word' id='word_1_175' title='bbox 1149 289 1220 312; x_wconf 90' lang='lat' dir='ltr'>cum</span> <span class='ocrx_word' id='word_1_176' title='bbox 1247 289 1378 321; x_wconf 88' lang='lat' dir='ltr'>pontem</span> <span class='ocrx_word' id='word_1_177' title='bbox 1400 281 1505 321; x_wconf 84' lang='lat' dir='ltr'>facit,</span> <span class='ocrx_word' id='word_1_178' title='bbox 1534 281 1622 313; x_wconf 86' lang='lat' dir='ltr'>usum</span> <span class='ocrx_word' id='word_1_179' title='bbox 1647 281 1782 314; x_wconf 82' lang='lat' dir='ltr'>fluminis</span> <span class='ocrx_word' id='word_1_180' title='bbox 1806 293 1865 324; x_wconf 85' lang='lat' dir='ltr'>pu-</span> 
     </span>
     <span class='ocr_line' id='line_1_26' title="bbox 1001 320 1866 364; baseline 0.006 -13"><span class='ocrx_word' id='word_1_181' title='bbox 1001 320 1075 351; x_wconf 91' lang='lat' dir='ltr'>blici</span> <span class='ocrx_word' id='word_1_182' title='bbox 1103 321 1180 353; x_wconf 82' lang='lat' dir='ltr'>facit</span> <span class='ocrx_word' id='word_1_183' title='bbox 1209 323 1412 354; x_wconf 82' lang='lat' dir='ltr'>deteriorem.</span> <span class='ocrx_word' id='word_1_184' title='bbox 1457 322 1537 364; x_wconf 86' lang='lat' dir='ltr'>Quae</span> <span class='ocrx_word' id='word_1_185' title='bbox 1566 323 1697 363; x_wconf 85' lang='lat' dir='ltr'>quaestio</span> <span class='ocrx_word' id='word_1_186' title='bbox 1718 347 1727 363; x_wconf 95' lang='lat'>,</span> <span class='ocrx_word' id='word_1_187' title='bbox 1765 324 1794 356; x_wconf 72' lang='grc' dir='ltr'>ἀ</span> <span class='ocrx_word' id='word_1_188' title='bbox 1820 335 1866 356; x_wconf 91' lang='lat' dir='ltr'>re-</span> 
     </span>
     <span class='ocr_line' id='line_1_27' title="bbox 1001 361 1865 402; baseline 0.006 -10"><span class='ocrx_word' id='word_1_189' title='bbox 1001 361 1125 402; x_wconf 86' lang='lat' dir='ltr'>sponfio</span> <span class='ocrx_word' id='word_1_190' title='bbox 1159 364 1298 402; x_wconf 76' lang='lat' dir='ltr'>pertinet</span> <span class='ocrx_word' id='word_1_191' title='bbox 1326 365 1364 395; x_wconf 91' lang='lat' dir='ltr'>ad</span> <span class='ocrx_word' id='word_1_192' title='bbox 1395 364 1596 396; x_wconf 61' lang='lat' dir='ltr'>interdictum</span> <span class='ocrx_word' id='word_1_193' title='bbox 1630 366 1711 396; x_wconf 88' lang='lat' dir='ltr'>illius</span> <span class='ocrx_word' id='word_1_194' title='bbox 1743 364 1865 397; x_wconf 90' lang='lat' dir='ltr'>Tituli:</span> 
     </span>
     <span class='ocr_line' id='line_1_28' title="bbox 1001 403 1868 448; baseline 0.005 -14"><span class='ocrx_word' id='word_1_195' title='bbox 1001 412 1106 443; x_wconf 86' lang='lat' dir='ltr'>neque</span> <span class='ocrx_word' id='word_1_196' title='bbox 1121 403 1266 435; x_wconf 75' lang='lat' dir='ltr'>absimilis</span> <span class='ocrx_word' id='word_1_197' title='bbox 1290 405 1416 437; x_wconf 88' lang='lat' dir='ltr'>videtur</span> <span class='ocrx_word' id='word_1_198' title='bbox 1436 406 1509 436; x_wconf 85' lang='lat' dir='ltr'>huic</span> <span class='ocrx_word' id='word_1_199' title='bbox 1527 405 1655 446; x_wconf 83' lang='lat' dir='ltr'>Ulpiani</span> <span class='ocrx_word' id='word_1_200' title='bbox 1679 408 1718 438; x_wconf 88' lang='lat' dir='ltr'>de</span> <span class='ocrx_word' id='word_1_201' title='bbox 1737 409 1786 438; x_wconf 87' lang='lat' dir='ltr'>via</span> <span class='ocrx_word' id='word_1_202' title='bbox 1810 417 1868 448; x_wconf 89' lang='lat' dir='ltr'>pu-</span> 
     </span>
     <span class='ocr_line' id='line_1_29' title="bbox 1001 444 1866 526; baseline 0.006 -52"><span class='ocrx_word' id='word_1_203' title='bbox 1001 444 1080 492; x_wconf 80' lang='lat' dir='ltr'>blica</span> <span class='ocrx_word' id='word_1_204' title='bbox 1103 445 1167 526; x_wconf 76' lang='lat' dir='ltr'>l.fi2.</span> <span class='ocrx_word' id='word_1_205' title='bbox 1194 447 1221 487; x_wconf 52' lang='grc' dir='ltr'>ᾗ.</span> <span class='ocrx_word' id='word_1_206' title='bbox 1238 456 1288 487; x_wconf 81' lang='grc'>33.</span> <span class='ocrx_word' id='word_1_207' title='bbox 1311 445 1352 477; x_wconf 91' lang='lat' dir='ltr'>D.</span> <span class='ocrx_word' id='word_1_208' title='bbox 1384 447 1434 478; x_wconf 87' lang='lat' dir='ltr'>Ne</span> <span class='ocrx_word' id='word_1_209' title='bbox 1455 449 1525 488; x_wconf 78' lang='lat' dir='ltr'>quid</span> <span class='ocrx_word' id='word_1_210' title='bbox 1549 449 1581 478; x_wconf 84' lang='lat' dir='ltr'>in</span> <span class='ocrx_word' id='word_1_211' title='bbox 1603 448 1660 480; x_wconf 88' lang='lat' dir='ltr'>loco</span> <span class='ocrx_word' id='word_1_212' title='bbox 1680 448 1796 489; x_wconf 83' lang='lat' dir='ltr'>publico</span> <span class='ocrx_word' id='word_1_213' title='bbox 1818 449 1866 480; x_wconf 82' lang='lat' dir='ltr'>vel</span> 
     </span>
     <span class='ocr_line' id='line_1_30' title="bbox 999 492 1183 517; baseline 0.005 -1"><span class='ocrx_word' id='word_1_214' title='bbox 999 493 1101 516; x_wconf 74' lang='lat' dir='ltr'>itinere</span> <span class='ocrx_word' id='word_1_215' title='bbox 1144 492 1183 517; x_wconf 83' lang='lat' dir='ltr'>at.</span> 
     </span>
     <span class='ocr_line' id='line_1_31' title="bbox 1040 526 1867 571; baseline 0.007 -15"><span class='ocrx_word' id='word_1_216' title='bbox 1040 527 1103 557; x_wconf 88' lang='lat' dir='ltr'>Scio</span> <span class='ocrx_word' id='word_1_217' title='bbox 1128 526 1286 559; x_wconf 66' lang='lat' dir='ltr'>traiiatzcm</span> <span class='ocrx_word' id='word_1_218' title='bbox 1303 551 1313 567; x_wconf 91' lang='lat'>,</span> <span class='ocrx_word' id='word_1_219' title='bbox 1344 537 1384 559; x_wconf 79' lang='lat' dir='ltr'>(tn</span> <span class='ocrx_word' id='word_1_220' title='bbox 1401 530 1626 568; x_wconf 85' lang='lat' dir='ltr'>permittendum</span> <span class='ocrx_word' id='word_1_221' title='bbox 1643 527 1685 568; x_wconf 77' lang='lat' dir='ltr'>fir</span> <span class='ocrx_word' id='word_1_222' title='bbox 1702 530 1804 571; x_wconf 85' lang='lat' dir='ltr'>specus</span> <span class='ocrx_word' id='word_1_223' title='bbox 1829 529 1867 565; x_wconf 60' lang='grc' dir='ltr'>ὅ)</span> 
     </span>
     <span class='ocr_line' id='line_1_32' title="bbox 1053 569 1866 613; baseline 0.006 -15"><span class='ocrx_word' id='word_1_224' title='bbox 1053 574 1169 608; x_wconf 88' lang='lat' dir='ltr'>pontem</span> <span class='ocrx_word' id='word_1_225' title='bbox 1183 574 1236 609; x_wconf 87' lang='lat' dir='ltr'>per</span> <span class='ocrx_word' id='word_1_226' title='bbox 1257 570 1338 600; x_wconf 86' lang='lat' dir='ltr'>viam</span> <span class='ocrx_word' id='word_1_227' title='bbox 1359 569 1506 608; x_wconf 81' lang='lat' dir='ltr'>publicam</span> <span class='ocrx_word' id='word_1_228' title='bbox 1528 571 1634 608; x_wconf 80' lang='lat' dir='ltr'>facere.</span> <span class='ocrx_word' id='word_1_229' title='bbox 1676 570 1718 602; x_wconf 89' lang='lat' dir='ltr'>Et</span> <span class='ocrx_word' id='word_1_230' title='bbox 1737 573 1866 613; x_wconf 81' lang='lat' dir='ltr'>plerique</span> 
     </span>
     <span class='ocr_line' id='line_1_33' title="bbox 1052 609 1866 654; baseline 0.007 -15"><span class='ocrx_word' id='word_1_231' title='bbox 1052 611 1196 649; x_wconf 79' lang='lat' dir='ltr'>probunt,</span> <span class='ocrx_word' id='word_1_232' title='bbox 1231 609 1379 641; x_wconf 64' lang='lat' dir='ltr'>interdieio</span> <span class='ocrx_word' id='word_1_233' title='bbox 1402 619 1467 641; x_wconf 86' lang='lat' dir='ltr'>eum</span> <span class='ocrx_word' id='word_1_234' title='bbox 1490 612 1591 642; x_wconf 84' lang='lat' dir='ltr'>teneri.</span> <span class='ocrx_word' id='word_1_235' title='bbox 1614 620 1672 643; x_wconf 86' lang='lat' dir='ltr'>non</span> <span class='ocrx_word' id='word_1_236' title='bbox 1694 614 1770 644; x_wconf 86' lang='lat' dir='ltr'>enim</span> <span class='ocrx_word' id='word_1_237' title='bbox 1787 620 1866 654; x_wconf 81' lang='lat' dir='ltr'>opor-</span> 
     </span>
     <span class='ocr_line' id='line_1_34' title="bbox 1059 652 1591 692; baseline 0.004 -12"><span class='ocrx_word' id='word_1_238' title='bbox 1059 658 1115 680; x_wconf 85' lang='lat' dir='ltr'>tere</span> <span class='ocrx_word' id='word_1_239' title='bbox 1130 660 1193 681; x_wconf 90' lang='lat' dir='ltr'>eum</span> <span class='ocrx_word' id='word_1_240' title='bbox 1213 652 1377 682; x_wconf 68' lang='lat' dir='ltr'>deteriorem</span> <span class='ocrx_word' id='word_1_241' title='bbox 1392 653 1472 682; x_wconf 85' lang='lat' dir='ltr'>viam</span> <span class='ocrx_word' id='word_1_242' title='bbox 1481 652 1591 692; x_wconf 81' lang='lat' dir='ltr'>fucere.</span> 
     </span>
     <span class='ocr_line' id='line_1_35' title="bbox 998 690 1862 735; baseline 0.007 -14"><span class='ocrx_word' id='word_1_243' title='bbox 998 690 1181 732; x_wconf 80' lang='lat' dir='ltr'>Respondet</span> <span class='ocrx_word' id='word_1_244' title='bbox 1201 692 1229 723; x_wconf 69' lang='grc' dir='ltr'>ἃ</span> <span class='ocrx_word' id='word_1_245' title='bbox 1252 692 1329 723; x_wconf 91' lang='lat' dir='ltr'>illud</span> <span class='ocrx_word' id='word_1_246' title='bbox 1346 692 1487 732; x_wconf 77' lang='lat' dir='ltr'>ejusdem</span> <span class='ocrx_word' id='word_1_247' title='bbox 1507 692 1636 734; x_wconf 78' lang='lat' dir='ltr'>Ulpiani</span> <span class='ocrx_word' id='word_1_248' title='bbox 1652 694 1680 726; x_wconf 86' lang='lat' dir='ltr'>d.</span> <span class='ocrx_word' id='word_1_249' title='bbox 1707 693 1727 726; x_wconf 90' lang='lat' dir='ltr'>l.</span> <span class='ocrx_word' id='word_1_250' title='bbox 1744 704 1794 735; x_wconf 82' lang='lat'>24.</span> <span class='ocrx_word' id='word_1_251' title='bbox 1816 693 1862 727; x_wconf 86' lang='lat' dir='ltr'>D.</span> 
     </span>
     <span class='ocr_line' id='line_1_36' title="bbox 997 732 1811 773; baseline 0.005 -10"><span class='ocrx_word' id='word_1_252' title='bbox 997 734 1031 763; x_wconf 83' lang='lat' dir='ltr'>de</span> <span class='ocrx_word' id='word_1_253' title='bbox 1048 735 1150 763; x_wconf 78' lang='lat' dir='ltr'>damno</span> <span class='ocrx_word' id='word_1_254' title='bbox 1166 732 1278 772; x_wconf 63' lang='lat' dir='ltr'>infesto.</span> <span class='ocrx_word' id='word_1_255' title='bbox 1808 771 1811 773; x_wconf 54' lang='grc'>,</span> 
     </span>
     <span class='ocr_line' id='line_1_37' title="bbox 1034 772 1866 816; baseline 0.007 -13"><span class='ocrx_word' id='word_1_256' title='bbox 1034 772 1202 804; x_wconf 81' lang='lat' dir='ltr'>Fluminnm</span> <span class='ocrx_word' id='word_1_257' title='bbox 1218 773 1397 814; x_wconf 79' lang='lat' dir='ltr'>publicorum</span> <span class='ocrx_word' id='word_1_258' title='bbox 1419 776 1575 807; x_wconf 84' lang='lat' dir='ltr'>communis</span> <span class='ocrx_word' id='word_1_259' title='bbox 1600 773 1639 816; x_wconf 79' lang='lat' dir='ltr'>esb</span> <span class='ocrx_word' id='word_1_260' title='bbox 1663 775 1733 816; x_wconf 85' lang='lat' dir='ltr'>usus</span> <span class='ocrx_word' id='word_1_261' title='bbox 1749 800 1759 816; x_wconf 93' lang='lat'>,</span> <span class='ocrx_word' id='word_1_262' title='bbox 1785 775 1866 815; x_wconf 77' lang='lat' dir='ltr'>ficut</span> 
     </span>
     <span class='ocr_line' id='line_1_38' title="bbox 1055 815 1864 860; baseline 0.009 -16"><span class='ocrx_word' id='word_1_263' title='bbox 1055 816 1172 845; x_wconf 85' lang='lat' dir='ltr'>viarum</span> <span class='ocrx_word' id='word_1_264' title='bbox 1189 816 1373 855; x_wconf 81' lang='lat' dir='ltr'>publicarum</span> <span class='ocrx_word' id='word_1_265' title='bbox 1400 815 1437 850; x_wconf 57' lang='grc' dir='ltr'>δέ)</span> <span class='ocrx_word' id='word_1_266' title='bbox 1462 817 1601 850; x_wconf 77' lang='lat' dir='ltr'>littorum.</span> <span class='ocrx_word' id='word_1_267' title='bbox 1646 817 1682 848; x_wconf 89' lang='lat' dir='ltr'>In</span> <span class='ocrx_word' id='word_1_268' title='bbox 1705 818 1750 849; x_wconf 86' lang='lat' dir='ltr'>his</span> <span class='ocrx_word' id='word_1_269' title='bbox 1772 821 1864 860; x_wconf 85' lang='lat' dir='ltr'>igitur</span> 
     </span>
     <span class='ocr_line' id='line_1_39' title="bbox 1050 856 1863 900; baseline 0.007 -15"><span class='ocrx_word' id='word_1_270' title='bbox 1050 856 1163 896; x_wconf 79' lang='lat' dir='ltr'>publice</span> <span class='ocrx_word' id='word_1_271' title='bbox 1186 856 1251 886; x_wconf 86' lang='lat' dir='ltr'>licet</span> <span class='ocrx_word' id='word_1_272' title='bbox 1279 858 1392 888; x_wconf 74' lang='lat' dir='ltr'>cuilibet</span> <span class='ocrx_word' id='word_1_273' title='bbox 1424 857 1565 897; x_wconf 73' lang='lat' dir='ltr'>&lt;edificare</span> <span class='ocrx_word' id='word_1_274' title='bbox 1585 882 1595 897; x_wconf 86' lang='lat'>,</span> <span class='ocrx_word' id='word_1_275' title='bbox 1631 857 1668 892; x_wconf 62' lang='grc' dir='ltr'>ὅ)</span> <span class='ocrx_word' id='word_1_276' title='bbox 1700 857 1863 900; x_wconf 79' lang='lat' dir='ltr'>destruere,</span> 
     </span>
     <span class='ocr_line' id='line_1_40' title="bbox 1057 897 1859 941; baseline 0.009 -15"><span class='ocrx_word' id='word_1_277' title='bbox 1057 898 1125 927; x_wconf 86' lang='lat' dir='ltr'>dum</span> <span class='ocrx_word' id='word_1_278' title='bbox 1150 904 1244 928; x_wconf 83' lang='lat' dir='ltr'>tamen</span> <span class='ocrx_word' id='word_1_279' title='bbox 1262 898 1312 928; x_wconf 81' lang='lat' dir='ltr'>hoc</span> <span class='ocrx_word' id='word_1_280' title='bbox 1326 897 1390 936; x_wconf 75' lang='lat' dir='ltr'>sine</span> <span class='ocrx_word' id='word_1_281' title='bbox 1412 900 1583 930; x_wconf 78' lang='lat' dir='ltr'>incommodo</span> <span class='ocrx_word' id='word_1_282' title='bbox 1600 901 1775 941; x_wconf 79' lang='lat' dir='ltr'>cujusquam</span> <span class='ocrx_word' id='word_1_283' title='bbox 1787 900 1859 941; x_wconf 86' lang='lat' dir='ltr'>fiat.</span> 
     </span>
     <span class='ocr_line' id='line_1_41' title="bbox 996 937 1880 981; baseline 0.007 -13"><span class='ocrx_word' id='word_1_284' title='bbox 996 937 1051 969; x_wconf 87' lang='lat' dir='ltr'>Ait</span> <span class='ocrx_word' id='word_1_285' title='bbox 1068 961 1077 976; x_wconf 94' lang='lat'>,</span> <span class='ocrx_word' id='word_1_286' title='bbox 1106 938 1237 969; x_wconf 82' lang='lat' dir='ltr'>cuilibet</span> <span class='ocrx_word' id='word_1_287' title='bbox 1254 938 1349 970; x_wconf 83' lang='lat' dir='ltr'>licere</span> <span class='ocrx_word' id='word_1_288' title='bbox 1373 940 1528 979; x_wconf 66' lang='lat' dir='ltr'>aedifissare</span> <span class='ocrx_word' id='word_1_289' title='bbox 1551 950 1561 979; x_wconf 90' lang='lat'>;</span> <span class='ocrx_word' id='word_1_290' title='bbox 1595 939 1646 971; x_wconf 88' lang='lat' dir='ltr'>sed</span> <span class='ocrx_word' id='word_1_291' title='bbox 1659 941 1799 981; x_wconf 87' lang='lat' dir='ltr'>publice:</span> <span class='ocrx_word' id='word_1_292' title='bbox 1828 942 1880 975; x_wconf 65' lang='lat' dir='ltr'>id,</span> 
     </span>
    </p>
   </div>
   <div class='ocr_carea' id='block_1_6' title="bbox 982 978 1863 1024">
    <p class='ocr_par' dir='ltr' id='par_1_9' title="bbox 982 978 1863 1024">
     <span class='ocr_line' id='line_1_42' title="bbox 982 978 1863 1024; baseline 0.008 -15"><span class='ocrx_word' id='word_1_293' title='bbox 982 978 1040 1009; x_wconf 49' lang='lat' dir='ltr'>*est</span> <span class='ocrx_word' id='word_1_294' title='bbox 1056 1001 1065 1016; x_wconf 91' lang='lat'>‚</span> <span class='ocrx_word' id='word_1_295' title='bbox 1087 978 1108 1010; x_wconf 87' lang='lat' dir='ltr'>fi</span> <span class='ocrx_word' id='word_1_296' title='bbox 1126 980 1345 1019; x_wconf 84' lang='lat' dir='ltr'>permittatur;</span> <span class='ocrx_word' id='word_1_297' title='bbox 1371 981 1423 1012; x_wconf 88' lang='lat' dir='ltr'>vel</span> <span class='ocrx_word' id='word_1_298' title='bbox 1442 1003 1451 1018; x_wconf 95' lang='lat'><em>‚</em></span> <span class='ocrx_word' id='word_1_299' title='bbox 1483 990 1547 1013; x_wconf 89' lang='lat' dir='ltr'>non</span> <span class='ocrx_word' id='word_1_300' title='bbox 1567 982 1694 1023; x_wconf 77' lang='lat' dir='ltr'>prIvato</span> <span class='ocrx_word' id='word_1_301' title='bbox 1712 983 1804 1024; x_wconf 78' lang='lat' dir='ltr'>jure3</span> <span class='ocrx_word' id='word_1_302' title='bbox 1826 990 1863 1016; x_wconf 77' lang='lat' dir='ltr'>ut</span> 
     </span>
    </p>
   </div>
   <div class='ocr_carea' id='block_1_7' title="bbox 994 1019 1479 1061">
    <p class='ocr_par' dir='ltr' id='par_1_10' title="bbox 994 1019 1479 1061">
     <span class='ocr_line' id='line_1_43' title="bbox 994 1019 1479 1061; baseline 0.006 -10"><span class='ocrx_word' id='word_1_303' title='bbox 994 1019 1138 1052; x_wconf 88' lang='lat' dir='ltr'>Scaevola</span> <span class='ocrx_word' id='word_1_304' title='bbox 1160 1020 1302 1061; x_wconf 86' lang='lat' dir='ltr'>loquitur</span> <span class='ocrx_word' id='word_1_305' title='bbox 1324 1022 1352 1053; x_wconf 84' lang='lat' dir='ltr'>d.</span> <span class='ocrx_word' id='word_1_306' title='bbox 1374 1022 1396 1053; x_wconf 90' lang='lat' dir='ltr'>l.</span> <span class='ocrx_word' id='word_1_307' title='bbox 1421 1021 1479 1054; x_wconf 85' lang='lat' dir='ltr'>ult.</span> 
     </span>
    </p>
   </div>
   <div class='ocr_carea' id='block_1_8' title="bbox 810 1180 1138 1217">
    <p class='ocr_par' dir='ltr' id='par_1_11' title="bbox 810 1180 1138 1217">
     <span class='ocr_line' id='line_1_44' title="bbox 810 1180 1138 1217; baseline 0 0"><span class='ocrx_word' id='word_1_308' title='bbox 810 1180 1021 1217; x_wconf 78' lang='lat' dir='ltr'>CAPUT</span> <span class='ocrx_word' id='word_1_309' title='bbox 1072 1180 1138 1217; x_wconf 84' lang='lat'>11.</span> 
     </span>
    </p>
   </div>
   <div class='ocr_carea' id='block_1_9' title="bbox 95 1287 955 1384">
    <p class='ocr_par' dir='ltr' id='par_1_12' title="bbox 95 1287 955 1384">
     <span class='ocr_line' id='line_1_45' title="bbox 95 1287 955 1335; baseline -0.002 -11"><span class='ocrx_word' id='word_1_310' title='bbox 95 1289 314 1335; x_wconf 81' lang='lat' dir='ltr'>Imperatores,</span> <span class='ocrx_word' id='word_1_311' title='bbox 351 1287 464 1331; x_wconf 85' lang='lat' dir='ltr'>Carus,</span> <span class='ocrx_word' id='word_1_312' title='bbox 500 1288 629 1324; x_wconf 81' lang='lat' dir='ltr'>Carinus</span> <span class='ocrx_word' id='word_1_313' title='bbox 652 1287 693 1328; x_wconf 60' lang='grc' dir='ltr'>ἐξ</span> <span class='ocrx_word' id='word_1_314' title='bbox 717 1289 929 1324; x_wconf 81' lang='lat' dir='ltr'>Numerianus</span> <span class='ocrx_word' id='word_1_315' title='bbox 945 1314 955 1332; x_wconf 94' lang='lat'>,</span> 
     </span>
     <span class='ocr_line' id='line_1_46' title="bbox 142 1335 859 1384; baseline 0.006 -14"><span class='ocrx_word' id='word_1_316' title='bbox 142 1339 222 1371; x_wconf 84' lang='lat' dir='ltr'>inter</span> <span class='ocrx_word' id='word_1_317' title='bbox 239 1345 402 1383; x_wconf 80' lang='lat' dir='ltr'>emptorem</span> <span class='ocrx_word' id='word_1_318' title='bbox 425 1335 466 1377; x_wconf 65' lang='lat' dir='ltr'>E?</span> <span class='ocrx_word' id='word_1_319' title='bbox 480 1340 665 1373; x_wconf 84' lang='lat' dir='ltr'>venditorem</span> <span class='ocrx_word' id='word_1_320' title='bbox 684 1336 859 1384; x_wconf 78' lang='lat' dir='ltr'>compositis.</span> 
     </span>
    </p>
   </div>
   <div class='ocr_carea' id='block_1_10' title="bbox 86 1441 954 3248">
    <p class='ocr_par' dir='ltr' id='par_1_13' title="bbox 86 1441 954 3248">
     <span class='ocr_line' id='line_1_47' title="bbox 95 1441 951 1518; baseline 0.001 -44"><span class='ocrx_word' id='word_1_321' title='bbox 95 1445 356 1518; x_wconf 80' lang='lat' dir='ltr'>Imperatores,</span> <span class='ocrx_word' id='word_1_322' title='bbox 380 1441 494 1480; x_wconf 83' lang='lat' dir='ltr'>Carus,</span> <span class='ocrx_word' id='word_1_323' title='bbox 518 1441 650 1474; x_wconf 85' lang='lat' dir='ltr'>Carinus</span> <span class='ocrx_word' id='word_1_324' title='bbox 670 1442 699 1474; x_wconf 66' lang='grc' dir='ltr'>ὅ(</span> <span class='ocrx_word' id='word_1_325' title='bbox 717 1441 951 1483; x_wconf 82' lang='lat' dir='ltr'>Numerianus,</span> 
     </span>
     <span class='ocr_line' id='line_1_48' title="bbox 156 1482 951 1526; baseline 0.001 -11"><span class='ocrx_word' id='word_1_326' title='bbox 156 1484 267 1516; x_wconf 84' lang='lat' dir='ltr'>AAA.</span> <span class='ocrx_word' id='word_1_327' title='bbox 293 1483 418 1516; x_wconf 85' lang='lat' dir='ltr'>Rimulo</span> <span class='ocrx_word' id='word_1_328' title='bbox 440 1484 459 1514; x_wconf 92' lang='lat' dir='ltr'>l.</span> <span class='ocrx_word' id='word_1_329' title='bbox 476 1488 506 1516; x_wconf 89' lang='lat'>6.</span> <span class='ocrx_word' id='word_1_330' title='bbox 534 1485 566 1515; x_wconf 89' lang='lat' dir='ltr'>C.</span> <span class='ocrx_word' id='word_1_331' title='bbox 584 1485 617 1514; x_wconf 84' lang='lat' dir='ltr'>de</span> <span class='ocrx_word' id='word_1_332' title='bbox 637 1482 730 1525; x_wconf 55' lang='lat' dir='ltr'>poetis</span> <span class='ocrx_word' id='word_1_333' title='bbox 752 1485 827 1514; x_wconf 86' lang='lat' dir='ltr'>inter</span> <span class='ocrx_word' id='word_1_334' title='bbox 849 1491 951 1526; x_wconf 86' lang='lat' dir='ltr'>empto-</span> 
     </span>
     <span class='ocr_line' id='line_1_49' title="bbox 94 1524 587 1566; baseline 0.002 -10"><span class='ocrx_word' id='word_1_335' title='bbox 94 1534 152 1556; x_wconf 86' lang='lat' dir='ltr'>rem</span> <span class='ocrx_word' id='word_1_336' title='bbox 174 1525 211 1559; x_wconf 72' lang='lat'><em>&amp;</em></span> <span class='ocrx_word' id='word_1_337' title='bbox 228 1527 404 1557; x_wconf 83' lang='lat' dir='ltr'>venditorem</span> <span class='ocrx_word' id='word_1_338' title='bbox 421 1524 587 1566; x_wconf 84' lang='lat' dir='ltr'>conzposttis.</span> 
     </span>
     <span class='ocr_line' id='line_1_50' title="bbox 134 1565 953 1607; baseline 0.001 -10"><span class='ocrx_word' id='word_1_339' title='bbox 134 1565 207 1597; x_wconf 86' lang='lat' dir='ltr'>Cum</span> <span class='ocrx_word' id='word_1_340' title='bbox 227 1567 392 1606; x_wconf 66' lang='lat' dir='ltr'>nefandum</span> <span class='ocrx_word' id='word_1_341' title='bbox 406 1572 490 1597; x_wconf 85' lang='lat' dir='ltr'>tuum</span> <span class='ocrx_word' id='word_1_342' title='bbox 513 1572 593 1597; x_wconf 63' lang='lat' dir='ltr'>certae</span> <span class='ocrx_word' id='word_1_343' title='bbox 610 1567 652 1596; x_wconf 87' lang='lat' dir='ltr'>rei</span> <span class='ocrx_word' id='word_1_344' title='bbox 666 1566 896 1607; x_wconf 79' lang='lat' dir='ltr'>contemplatione</span> <span class='ocrx_word' id='word_1_345' title='bbox 909 1568 953 1598; x_wconf 89' lang='lat' dir='ltr'>in-</span> 
     </span>
     <span class='ocr_line' id='line_1_51' title="bbox 153 1606 951 1649; baseline 0.003 -12"><span class='ocrx_word' id='word_1_346' title='bbox 153 1614 196 1637; x_wconf 86' lang='lat' dir='ltr'>ter</span> <span class='ocrx_word' id='word_1_347' title='bbox 211 1617 262 1638; x_wconf 82' lang='lat' dir='ltr'>vos</span> <span class='ocrx_word' id='word_1_348' title='bbox 282 1609 397 1646; x_wconf 77' lang='lat' dir='ltr'>habita,</span> <span class='ocrx_word' id='word_1_349' title='bbox 428 1609 531 1649; x_wconf 73' lang='lat' dir='ltr'>exiguo</span> <span class='ocrx_word' id='word_1_350' title='bbox 544 1608 636 1648; x_wconf 82' lang='lat' dir='ltr'>pretio</span> <span class='ocrx_word' id='word_1_351' title='bbox 658 1609 690 1638; x_wconf 87' lang='lat' dir='ltr'>in</span> <span class='ocrx_word' id='word_1_352' title='bbox 711 1608 800 1639; x_wconf 83' lang='lat' dir='ltr'>alium</span> <span class='ocrx_word' id='word_1_353' title='bbox 823 1606 951 1649; x_wconf 71' lang='lat' dir='ltr'>transiu-</span> 
     </span>
     <span class='ocr_line' id='line_1_52' title="bbox 151 1647 953 1690; baseline 0.002 -11"><span class='ocrx_word' id='word_1_354' title='bbox 151 1647 211 1688; x_wconf 85' lang='lat' dir='ltr'>liffe</span> <span class='ocrx_word' id='word_1_355' title='bbox 240 1659 429 1680; x_wconf 83' lang='lat' dir='ltr'>commemores</span> <span class='ocrx_word' id='word_1_356' title='bbox 445 1672 454 1688; x_wconf 90' lang='lat'>,</span> <span class='ocrx_word' id='word_1_357' title='bbox 483 1650 587 1689; x_wconf 69' lang='lat' dir='ltr'>poterit</span> <span class='ocrx_word' id='word_1_358' title='bbox 617 1649 669 1679; x_wconf 83' lang='lat' dir='ltr'>tibi</span> <span class='ocrx_word' id='word_1_359' title='bbox 692 1658 723 1680; x_wconf 84' lang='lat' dir='ltr'>ea</span> <span class='ocrx_word' id='word_1_360' title='bbox 747 1659 792 1679; x_wconf 84' lang='lat' dir='ltr'>res</span> <span class='ocrx_word' id='word_1_361' title='bbox 824 1659 881 1681; x_wconf 89' lang='lat' dir='ltr'>non</span> <span class='ocrx_word' id='word_1_362' title='bbox 902 1649 953 1690; x_wconf 83' lang='lat' dir='ltr'>effe</span> 
     </span>
     <span class='ocr_line' id='line_1_53' title="bbox 146 1689 952 1731; baseline 0.002 -11"><span class='ocrx_word' id='word_1_363' title='bbox 146 1690 278 1729; x_wconf 78' lang='lat' dir='ltr'>fraudi:</span> <span class='ocrx_word' id='word_1_364' title='bbox 308 1692 421 1731; x_wconf 81' lang='lat' dir='ltr'>quando</span> <span class='ocrx_word' id='word_1_365' title='bbox 445 1700 502 1721; x_wconf 81' lang='lat' dir='ltr'>non</span> <span class='ocrx_word' id='word_1_366' title='bbox 523 1690 636 1730; x_wconf 82' lang='lat' dir='ltr'>impleta</span> <span class='ocrx_word' id='word_1_367' title='bbox 648 1689 774 1730; x_wconf 83' lang='lat' dir='ltr'>promz&#39;ffi</span> <span class='ocrx_word' id='word_1_368' title='bbox 790 1689 851 1729; x_wconf 81' lang='lat' dir='ltr'>fide</span> <span class='ocrx_word' id='word_1_369' title='bbox 867 1713 876 1729; x_wconf 91' lang='lat'>,</span> <span class='ocrx_word' id='word_1_370' title='bbox 906 1695 952 1722; x_wconf 80' lang='lat' dir='ltr'>do-</span> 
     </span>
     <span class='ocr_line' id='line_1_54' title="bbox 151 1732 949 1773; baseline 0.001 -11"><span class='ocrx_word' id='word_1_371' title='bbox 151 1732 237 1762; x_wconf 82' lang='lat' dir='ltr'>minii</span> <span class='ocrx_word' id='word_1_372' title='bbox 256 1733 300 1761; x_wconf 84' lang='lat' dir='ltr'>tui</span> <span class='ocrx_word' id='word_1_373' title='bbox 311 1732 363 1773; x_wconf 88' lang='lat' dir='ltr'>jus</span> <span class='ocrx_word' id='word_1_374' title='bbox 379 1732 506 1772; x_wconf 81' lang='lat' dir='ltr'>insuam</span> <span class='ocrx_word' id='word_1_375' title='bbox 523 1733 638 1769; x_wconf 72' lang='lat' dir='ltr'>caulam</span> <span class='ocrx_word' id='word_1_376' title='bbox 658 1734 763 1762; x_wconf 78' lang='lat' dir='ltr'>reverti</span> <span class='ocrx_word' id='word_1_377' title='bbox 785 1732 949 1763; x_wconf 80' lang='lat' dir='ltr'>conveniat.</span> 
     </span>
     <span class='ocr_line' id='line_1_55' title="bbox 151 1771 953 1813; baseline 0.001 -10"><span class='ocrx_word' id='word_1_378' title='bbox 151 1771 195 1803; x_wconf 91' lang='lat' dir='ltr'>Et</span> <span class='ocrx_word' id='word_1_379' title='bbox 218 1772 277 1802; x_wconf 85' lang='lat' dir='ltr'>ideo</span> <span class='ocrx_word' id='word_1_380' title='bbox 299 1773 396 1803; x_wconf 85' lang='lat' dir='ltr'>aditus</span> <span class='ocrx_word' id='word_1_381' title='bbox 418 1771 572 1813; x_wconf 78' lang='lat' dir='ltr'>competens</span> <span class='ocrx_word' id='word_1_382' title='bbox 589 1771 706 1811; x_wconf 81' lang='lat' dir='ltr'>judex,</span> <span class='ocrx_word' id='word_1_383' title='bbox 722 1773 953 1812; x_wconf 73' lang='lat' dir='ltr'>fundum„cu-</span> 
     </span>
     <span class='ocr_line' id='line_1_56' title="bbox 149 1812 951 1854; baseline 0.002 -11"><span class='ocrx_word' id='word_1_384' title='bbox 149 1813 201 1854; x_wconf 86' lang='lat' dir='ltr'>jus</span> <span class='ocrx_word' id='word_1_385' title='bbox 223 1815 390 1844; x_wconf 79' lang='lat' dir='ltr'>mentionem</span> <span class='ocrx_word' id='word_1_386' title='bbox 404 1814 486 1853; x_wconf 82' lang='lat' dir='ltr'>facis</span> <span class='ocrx_word' id='word_1_387' title='bbox 503 1836 513 1851; x_wconf 92' lang='lat'>,</span> <span class='ocrx_word' id='word_1_388' title='bbox 549 1812 661 1854; x_wconf 78' lang='lat' dir='ltr'>restitui</span> <span class='ocrx_word' id='word_1_389' title='bbox 682 1815 734 1844; x_wconf 81' lang='lat' dir='ltr'>tzln&#39;</span> <span class='ocrx_word' id='word_1_390' title='bbox 754 1823 819 1844; x_wconf 85' lang='lat' dir='ltr'>cum</span> <span class='ocrx_word' id='word_1_391' title='bbox 840 1814 951 1851; x_wconf 63' lang='lat' dir='ltr'>frueli-</span> 
     </span>
     <span class='ocr_line' id='line_1_57' title="bbox 154 1853 951 1893; baseline 0.003 -9"><span class='ocrx_word' id='word_1_392' title='bbox 154 1855 207 1884; x_wconf 86' lang='lat' dir='ltr'>hus</span> <span class='ocrx_word' id='word_1_393' title='bbox 227 1854 303 1890; x_wconf 84' lang='lat' dir='ltr'>luis,</span> <span class='ocrx_word' id='word_1_394' title='bbox 323 1853 383 1891; x_wconf 84' lang='lat' dir='ltr'>fine</span> <span class='ocrx_word' id='word_1_395' title='bbox 405 1854 466 1885; x_wconf 83' lang='lat' dir='ltr'>ulla</span> <span class='ocrx_word' id='word_1_396' title='bbox 487 1853 700 1893; x_wconf 80' lang='lat' dir='ltr'>ludificatione,</span> <span class='ocrx_word' id='word_1_397' title='bbox 717 1854 775 1893; x_wconf 81' lang='lat' dir='ltr'>sua</span> <span class='ocrx_word' id='word_1_398' title='bbox 797 1854 951 1886; x_wconf 65' lang='lat' dir='ltr'>auctorita-</span> 
     </span>
     <span class='ocr_line' id='line_1_58' title="bbox 153 1893 951 1935; baseline 0.001 -11"><span class='ocrx_word' id='word_1_399' title='bbox 153 1899 181 1925; x_wconf 81' lang='lat' dir='ltr'>te</span> <span class='ocrx_word' id='word_1_400' title='bbox 197 1894 350 1935; x_wconf 86' lang='lat' dir='ltr'>perficiet:</span> <span class='ocrx_word' id='word_1_401' title='bbox 376 1897 516 1935; x_wconf 85' lang='lat' dir='ltr'>praecipue</span> <span class='ocrx_word' id='word_1_402' title='bbox 538 1904 604 1926; x_wconf 86' lang='lat' dir='ltr'>cum</span> <span class='ocrx_word' id='word_1_403' title='bbox 629 1893 664 1929; x_wconf 57' lang='grc' dir='ltr'>ὅ)</span> <span class='ocrx_word' id='word_1_404' title='bbox 685 1895 804 1933; x_wconf 64' lang='lat' dir='ltr'>adverso</span> <span class='ocrx_word' id='word_1_405' title='bbox 825 1901 951 1935; x_wconf 66' lang='lat' dir='ltr'>parme-</span> 
     </span>
     <span class='ocr_line' id='line_1_59' title="bbox 155 1935 953 1977; baseline 0.001 -11"><span class='ocrx_word' id='word_1_406' title='bbox 155 1937 242 1976; x_wconf 87' lang='lat' dir='ltr'>ceptis</span> <span class='ocrx_word' id='word_1_407' title='bbox 263 1937 389 1967; x_wconf 88' lang='lat' dir='ltr'>nummis</span> <span class='ocrx_word' id='word_1_408' title='bbox 395 1938 463 1977; x_wconf 83' lang='lat' dir='ltr'>suis</span> <span class='ocrx_word' id='word_1_409' title='bbox 479 1958 490 1975; x_wconf 94' lang='lat'>,</span> <span class='ocrx_word' id='word_1_410' title='bbox 525 1936 633 1968; x_wconf 81' lang='lat' dir='ltr'>nullam</span> <span class='ocrx_word' id='word_1_411' title='bbox 651 1935 734 1977; x_wconf 79' lang='lat' dir='ltr'>paffa</span> <span class='ocrx_word' id='word_1_412' title='bbox 758 1937 854 1967; x_wconf 86' lang='lat' dir='ltr'>videri</span> <span class='ocrx_word' id='word_1_413' title='bbox 868 1935 953 1977; x_wconf 83' lang='lat' dir='ltr'>poffit</span> 
     </span>
     <span class='ocr_line' id='line_1_60' title="bbox 153 1986 302 2018; baseline 0.007 -11"><span class='ocrx_word' id='word_1_414' title='bbox 153 1986 302 2018; x_wconf 65' lang='lat' dir='ltr'>injuriam.</span> 
     </span>
     <span class='ocr_line' id='line_1_61' title="bbox 93 2017 950 2059; baseline 0.002 -10"><span class='ocrx_word' id='word_1_415' title='bbox 93 2017 221 2050; x_wconf 88' lang='lat' dir='ltr'>Multos</span> <span class='ocrx_word' id='word_1_416' title='bbox 238 2019 339 2049; x_wconf 89' lang='lat' dir='ltr'>mirari</span> <span class='ocrx_word' id='word_1_417' title='bbox 357 2018 473 2056; x_wconf 85' lang='lat' dir='ltr'>video,</span> <span class='ocrx_word' id='word_1_418' title='bbox 496 2027 557 2059; x_wconf 90' lang='lat' dir='ltr'>qua</span> <span class='ocrx_word' id='word_1_419' title='bbox 579 2018 702 2049; x_wconf 86' lang='lat' dir='ltr'>ratione</span> <span class='ocrx_word' id='word_1_420' title='bbox 718 2017 950 2058; x_wconf 82' lang='lat' dir='ltr'>Imperatores,</span> 
     </span>
     <span class='ocr_line' id='line_1_62' title="bbox 92 2058 951 2101; baseline 0.001 -11"><span class='ocrx_word' id='word_1_421' title='bbox 92 2058 197 2090; x_wconf 82' lang='lat' dir='ltr'>fundo</span> <span class='ocrx_word' id='word_1_422' title='bbox 228 2067 324 2090; x_wconf 83' lang='lat' dir='ltr'>certae</span> <span class='ocrx_word' id='word_1_423' title='bbox 354 2061 397 2090; x_wconf 80' lang='lat' dir='ltr'>rei</span> <span class='ocrx_word' id='word_1_424' title='bbox 424 2060 700 2101; x_wconf 83' lang='lat' dir='ltr'>contemplatione</span> <span class='ocrx_word' id='word_1_425' title='bbox 730 2059 862 2090; x_wconf 88' lang='lat' dir='ltr'>vendito</span> <span class='ocrx_word' id='word_1_426' title='bbox 886 2060 951 2091; x_wconf 82' lang='lat' dir='ltr'>exi-</span> 
     </span>
     <span class='ocr_line' id='line_1_63' title="bbox 92 2100 950 2142; baseline 0.002 -12"><span class='ocrx_word' id='word_1_427' title='bbox 92 2109 158 2140; x_wconf 72' lang='lat' dir='ltr'>guo</span> <span class='ocrx_word' id='word_1_428' title='bbox 177 2101 280 2140; x_wconf 86' lang='lat' dir='ltr'>pretio</span> <span class='ocrx_word' id='word_1_429' title='bbox 297 2124 306 2139; x_wconf 88' lang='lat'>,</span> <span class='ocrx_word' id='word_1_430' title='bbox 340 2109 404 2132; x_wconf 83' lang='lat' dir='ltr'>non</span> <span class='ocrx_word' id='word_1_431' title='bbox 428 2109 534 2132; x_wconf 78' lang='lat' dir='ltr'>autem</span> <span class='ocrx_word' id='word_1_432' title='bbox 552 2102 682 2142; x_wconf 86' lang='lat' dir='ltr'>impleta</span> <span class='ocrx_word' id='word_1_433' title='bbox 705 2101 844 2141; x_wconf 87' lang='lat' dir='ltr'>promiffi</span> <span class='ocrx_word' id='word_1_434' title='bbox 867 2100 950 2140; x_wconf 84' lang='lat' dir='ltr'>fide,</span> 
     </span>
     <span class='ocr_line' id='line_1_64' title="bbox 93 2141 951 2183; baseline 0.001 -11"><span class='ocrx_word' id='word_1_435' title='bbox 93 2141 222 2173; x_wconf 89' lang='lat' dir='ltr'>Rimulo</span> <span class='ocrx_word' id='word_1_436' title='bbox 248 2141 336 2173; x_wconf 89' lang='lat' dir='ltr'>fundi</span> <span class='ocrx_word' id='word_1_437' title='bbox 368 2143 592 2181; x_wconf 82' lang='lat' dir='ltr'>repetitionem</span> <span class='ocrx_word' id='word_1_438' title='bbox 624 2142 830 2183; x_wconf 81' lang='lat' dir='ltr'>permittant:</span> <span class='ocrx_word' id='word_1_439' title='bbox 860 2141 951 2181; x_wconf 84' lang='lat' dir='ltr'>fiqui-</span> 
     </span>
     <span class='ocr_line' id='line_1_65' title="bbox 92 2182 952 2223; baseline 0.001 -10"><span class='ocrx_word' id='word_1_440' title='bbox 92 2182 167 2213; x_wconf 81' lang='lat' dir='ltr'>&#39;dem</span> <span class='ocrx_word' id='word_1_441' title='bbox 187 2184 264 2214; x_wconf 88' lang='lat' dir='ltr'>certi</span> <span class='ocrx_word' id='word_1_442' title='bbox 280 2183 354 2223; x_wconf 85' lang='lat' dir='ltr'>juris</span> <span class='ocrx_word' id='word_1_443' title='bbox 370 2183 434 2221; x_wconf 87' lang='lat' dir='ltr'>est,</span> <span class='ocrx_word' id='word_1_444' title='bbox 465 2193 570 2223; x_wconf 85' lang='lat' dir='ltr'>neque</span> <span class='ocrx_word' id='word_1_445' title='bbox 592 2193 608 2214; x_wconf 86' lang='lat' dir='ltr'>a</span> <span class='ocrx_word' id='word_1_446' title='bbox 630 2182 769 2223; x_wconf 71' lang='lat' dir='ltr'>perFecta</span> <span class='ocrx_word' id='word_1_447' title='bbox 786 2184 952 2223; x_wconf 90' lang='lat' dir='ltr'>emptione</span> 
     </span>
     <span class='ocr_line' id='line_1_66' title="bbox 93 2223 952 2265; baseline 0.003 -12"><span class='ocrx_word' id='word_1_448' title='bbox 93 2225 281 2255; x_wconf 86' lang='lat' dir='ltr'>venditione</span> <span class='ocrx_word' id='word_1_449' title='bbox 300 2223 395 2256; x_wconf 87' lang='lat' dir='ltr'>facile</span> <span class='ocrx_word' id='word_1_450' title='bbox 418 2225 524 2256; x_wconf 84' lang='lat' dir='ltr'>recedi</span> <span class='ocrx_word' id='word_1_451' title='bbox 549 2224 658 2265; x_wconf 80' lang='lat' dir='ltr'>poffe,</span> <span class='ocrx_word' id='word_1_452' title='bbox 688 2234 791 2264; x_wconf 87' lang='lat' dir='ltr'>neque</span> <span class='ocrx_word' id='word_1_453' title='bbox 817 2225 860 2256; x_wconf 92' lang='lat' dir='ltr'>rei</span> <span class='ocrx_word' id='word_1_454' title='bbox 880 2234 952 2256; x_wconf 86' lang='lat' dir='ltr'>vcn-</span> 
     </span>
     <span class='ocr_line' id='line_1_67' title="bbox 94 2264 951 2307; baseline 0.001 -13"><span class='ocrx_word' id='word_1_455' title='bbox 94 2265 167 2295; x_wconf 79' lang='lat' dir='ltr'>‹iitae</span> <span class='ocrx_word' id='word_1_456' title='bbox 189 2274 226 2295; x_wconf 88' lang='lat' dir='ltr'>ac</span> <span class='ocrx_word' id='word_1_457' title='bbox 250 2267 370 2296; x_wconf 68' lang='lat' dir='ltr'>traditae</span> <span class='ocrx_word' id='word_1_458' title='bbox 401 2266 494 2297; x_wconf 88' lang='lat' dir='ltr'>ullam</span> <span class='ocrx_word' id='word_1_459' title='bbox 525 2266 750 2307; x_wconf 85' lang='lat' dir='ltr'>repetitionem</span> <span class='ocrx_word' id='word_1_460' title='bbox 779 2264 841 2296; x_wconf 87' lang='lat' dir='ltr'>esse</span> <span class='ocrx_word' id='word_1_461' title='bbox 865 2265 884 2296; x_wconf 90' lang='lat' dir='ltr'>l.</span> <span class='ocrx_word' id='word_1_462' title='bbox 906 2275 951 2305; x_wconf 81' lang='lat'>14.</span> 
     </span>
     <span class='ocr_line' id='line_1_68' title="bbox 96 2306 951 2340; baseline 0.002 -6"><span class='ocrx_word' id='word_1_463' title='bbox 96 2306 129 2335; x_wconf 90' lang='lat' dir='ltr'>C.</span> <span class='ocrx_word' id='word_1_464' title='bbox 153 2308 184 2335; x_wconf 79' lang='lat' dir='ltr'>cie</span> <span class='ocrx_word' id='word_1_465' title='bbox 209 2307 388 2340; x_wconf 67' lang='lat' dir='ltr'>rescindenda</span> <span class='ocrx_word' id='word_1_466' title='bbox 413 2308 584 2339; x_wconf 77' lang='lat' dir='ltr'>venditione.</span> <span class='ocrx_word' id='word_1_467' title='bbox 609 2308 628 2338; x_wconf 88' lang='lat' dir='ltr'>l.</span> <span class='ocrx_word' id='word_1_468' title='bbox 653 2317 697 2338; x_wconf 79' lang='lat'>12.</span> <span class='ocrx_word' id='word_1_469' title='bbox 724 2306 756 2337; x_wconf 91' lang='lat' dir='ltr'>C.</span> <span class='ocrx_word' id='word_1_470' title='bbox 780 2308 812 2337; x_wconf 79' lang='lat' dir='ltr'>‹le</span> <span class='ocrx_word' id='word_1_471' title='bbox 837 2313 951 2337; x_wconf 78' lang='lat' dir='ltr'>contra-</span> 
     </span>
     <span class='ocr_line' id='line_1_69' title="bbox 96 2346 950 2388; baseline 0.002 -12"><span class='ocrx_word' id='word_1_472' title='bbox 96 2346 188 2377; x_wconf 77' lang='lat' dir='ltr'>henda</span> <span class='ocrx_word' id='word_1_473' title='bbox 204 2350 349 2387; x_wconf 80' lang='lat' dir='ltr'>emptione.</span> <span class='ocrx_word' id='word_1_474' title='bbox 391 2347 452 2379; x_wconf 88' lang='lat' dir='ltr'>Sed</span> <span class='ocrx_word' id='word_1_475' title='bbox 477 2348 498 2380; x_wconf 89' lang='lat' dir='ltr'>fi</span> <span class='ocrx_word' id='word_1_476' title='bbox 521 2349 642 2387; x_wconf 84' lang='lat' dir='ltr'>placet,</span> <span class='ocrx_word' id='word_1_477' title='bbox 674 2348 761 2388; x_wconf 87' lang='lat' dir='ltr'>quod</span> <span class='ocrx_word' id='word_1_478' title='bbox 786 2348 950 2379; x_wconf 75' lang='lat' dir='ltr'>Accursius</span> 
     </span>
     <span class='ocr_line' id='line_1_70' title="bbox 93 2385 950 2429; baseline 0.002 -11"><span class='ocrx_word' id='word_1_479' title='bbox 93 2385 204 2418; x_wconf 82' lang='lat' dir='ltr'>Gloss&#39;a</span> <span class='ocrx_word' id='word_1_480' title='bbox 221 2389 320 2428; x_wconf 85' lang='lat' dir='ltr'>prima</span> <span class='ocrx_word' id='word_1_481' title='bbox 336 2390 492 2429; x_wconf 79' lang='lat' dir='ltr'>conjecit,</span> <span class='ocrx_word' id='word_1_482' title='bbox 514 2390 637 2428; x_wconf 64' lang='lat' dir='ltr'>paetum</span> <span class='ocrx_word' id='word_1_483' title='bbox 654 2397 850 2420; x_wconf 86' lang='lat' dir='ltr'>conventum</span> <span class='ocrx_word' id='word_1_484' title='bbox 870 2389 950 2428; x_wconf 86' lang='lat' dir='ltr'>esse,</span> 
     </span>
     <span class='ocr_line' id='line_1_71' title="bbox 92 2428 951 2470; baseline 0.005 -12"><span class='ocrx_word' id='word_1_485' title='bbox 92 2435 151 2467; x_wconf 85' lang='lat' dir='ltr'>ut,</span> <span class='ocrx_word' id='word_1_486' title='bbox 175 2428 194 2459; x_wconf 79' lang='lat' dir='ltr'>ii</span> <span class='ocrx_word' id='word_1_487' title='bbox 212 2437 340 2470; x_wconf 87' lang='lat' dir='ltr'>emptor</span> <span class='ocrx_word' id='word_1_488' title='bbox 355 2429 450 2461; x_wconf 84' lang='lat' dir='ltr'>fidem</span> <span class='ocrx_word' id='word_1_489' title='bbox 465 2429 572 2470; x_wconf 87' lang='lat' dir='ltr'>fallat,</span> <span class='ocrx_word' id='word_1_490' title='bbox 590 2430 750 2462; x_wconf 84' lang='lat' dir='ltr'>venditori</span> <span class='ocrx_word' id='word_1_491' title='bbox 771 2429 887 2462; x_wconf 89' lang='lat' dir='ltr'>fundus</span> <span class='ocrx_word' id='word_1_492' title='bbox 905 2440 951 2462; x_wconf 85' lang='lat' dir='ltr'>re-</span> 
     </span>
     <span class='ocr_line' id='line_1_72' title="bbox 95 2468 950 2511; baseline 0.001 -10"><span class='ocrx_word' id='word_1_493' title='bbox 95 2468 268 2509; x_wconf 78' lang='lat' dir='ltr'>stituatur3</span> <span class='ocrx_word' id='word_1_494' title='bbox 298 2470 400 2502; x_wconf 83' lang='lat' dir='ltr'>decisa</span> <span class='ocrx_word' id='word_1_495' title='bbox 424 2471 555 2508; x_wconf 80' lang='lat' dir='ltr'>quaestio</span> <span class='ocrx_word' id='word_1_496' title='bbox 572 2471 642 2504; x_wconf 88' lang='lat' dir='ltr'>est:</span> <span class='ocrx_word' id='word_1_497' title='bbox 673 2480 744 2502; x_wconf 90' lang='lat' dir='ltr'>cum</span> <span class='ocrx_word' id='word_1_498' title='bbox 769 2472 870 2511; x_wconf 84' lang='lat' dir='ltr'>palam</span> <span class='ocrx_word' id='word_1_499' title='bbox 896 2471 950 2510; x_wconf 85' lang='lat' dir='ltr'>fit,</span> 
     </span>
     <span class='ocr_line' id='line_1_73' title="bbox 95 2511 951 2554; baseline 0.002 -13"><span class='ocrx_word' id='word_1_500' title='bbox 95 2511 293 2551; x_wconf 88' lang='lat' dir='ltr'>emptionem</span> <span class='ocrx_word' id='word_1_501' title='bbox 311 2522 351 2543; x_wconf 90' lang='lat' dir='ltr'>eo</span> <span class='ocrx_word' id='word_1_502' title='bbox 371 2512 464 2553; x_wconf 56' lang='lat' dir='ltr'>paeto</span> <span class='ocrx_word' id='word_1_503' title='bbox 481 2511 557 2554; x_wconf 83' lang='lat' dir='ltr'>fingi</span> <span class='ocrx_word' id='word_1_504' title='bbox 581 2521 678 2553; x_wconf 86' lang='lat' dir='ltr'>atque</span> <span class='ocrx_word' id='word_1_505' title='bbox 695 2513 879 2551; x_wconf 76' lang='lat' dir='ltr'>informari3</span> <span class='ocrx_word' id='word_1_506' title='bbox 911 2522 951 2544; x_wconf 82' lang='lat' dir='ltr'>ex</span> 
     </span>
     <span class='ocr_line' id='line_1_74' title="bbox 95 2554 952 2594; baseline 0.002 -12"><span class='ocrx_word' id='word_1_507' title='bbox 95 2560 201 2593; x_wconf 86' lang='lat' dir='ltr'>eoque</span> <span class='ocrx_word' id='word_1_508' title='bbox 224 2559 277 2584; x_wconf 86' lang='lat' dir='ltr'>aut</span> <span class='ocrx_word' id='word_1_509' title='bbox 300 2555 448 2592; x_wconf 81' lang='lat' dir='ltr'>venditi.</span> <span class='ocrx_word' id='word_1_510' title='bbox 479 2562 532 2585; x_wconf 85' lang='lat' dir='ltr'>aut</span> <span class='ocrx_word' id='word_1_511' title='bbox 555 2554 742 2594; x_wconf 67' lang='lat' dir='ltr'>praescriptis</span> <span class='ocrx_word' id='word_1_512' title='bbox 764 2555 867 2585; x_wconf 82' lang='lat' dir='ltr'>verbis</span> <span class='ocrx_word' id='word_1_513' title='bbox 884 2577 893 2592; x_wconf 94' lang='lat'>,</span> <span class='ocrx_word' id='word_1_514' title='bbox 924 2563 952 2584; x_wconf 91' lang='lat' dir='ltr'>a-</span> 
     </span>
     <span class='ocr_line' id='line_1_75' title="bbox 96 2592 951 2635; baseline 0.002 -12"><span class='ocrx_word' id='word_1_515' title='bbox 96 2592 234 2625; x_wconf 72' lang='lat' dir='ltr'>ctionem</span> <span class='ocrx_word' id='word_1_516' title='bbox 252 2595 315 2625; x_wconf 85' lang='lat' dir='ltr'>dari</span> <span class='ocrx_word' id='word_1_517' title='bbox 333 2618 343 2633; x_wconf 86' lang='lat'><em>‚</em></span> <span class='ocrx_word' id='word_1_518' title='bbox 372 2604 406 2625; x_wconf 90' lang='lat' dir='ltr'>ut</span> <span class='ocrx_word' id='word_1_519' title='bbox 424 2604 545 2635; x_wconf 83' lang='lat' dir='ltr'>emptio</span> <span class='ocrx_word' id='word_1_520' title='bbox 563 2595 735 2627; x_wconf 88' lang='lat' dir='ltr'>resolvatur</span> <span class='ocrx_word' id='word_1_521' title='bbox 755 2606 762 2627; x_wconf 75' lang='grc' dir='ltr'><strong>ε</strong></span> <span class='ocrx_word' id='word_1_522' title='bbox 794 2595 823 2626; x_wconf 71' lang='grc' dir='ltr'>δι</span> <span class='ocrx_word' id='word_1_523' title='bbox 847 2595 951 2634; x_wconf 87' lang='lat' dir='ltr'>pretio</span> 
     </span>
     <span class='ocr_line' id='line_1_76' title="bbox 96 2634 951 2675; baseline 0.001 -11"><span class='ocrx_word' id='word_1_524' title='bbox 96 2634 241 2666; x_wconf 79' lang='lat' dir='ltr'>restituto</span> <span class='ocrx_word' id='word_1_525' title='bbox 261 2637 418 2667; x_wconf 88' lang='lat' dir='ltr'>venditori</span> <span class='ocrx_word' id='word_1_526' title='bbox 441 2636 556 2668; x_wconf 86' lang='lat' dir='ltr'>fundus</span> <span class='ocrx_word' id='word_1_527' title='bbox 581 2637 729 2668; x_wconf 79' lang='lat' dir='ltr'>reddatur</span> <span class='ocrx_word' id='word_1_528' title='bbox 750 2637 769 2667; x_wconf 94' lang='lat' dir='ltr'>l.</span> <span class='ocrx_word' id='word_1_529' title='bbox 789 2646 819 2675; x_wconf 90' lang='lat'>4.</span> <span class='ocrx_word' id='word_1_530' title='bbox 853 2635 893 2666; x_wconf 90' lang='lat' dir='ltr'>I).</span> <span class='ocrx_word' id='word_1_531' title='bbox 918 2637 951 2666; x_wconf 84' lang='lat' dir='ltr'>de</span> 
     </span>
     <span class='ocr_line' id='line_1_77' title="bbox 86 2673 950 2718; baseline -0.001 -11"><span class='ocrx_word' id='word_1_532' title='bbox 86 2673 155 2713; x_wconf 80' lang='lat' dir='ltr'>&#39;lege</span> <span class='ocrx_word' id='word_1_533' title='bbox 186 2676 367 2716; x_wconf 84' lang='lat' dir='ltr'>commifforia</span> <span class='ocrx_word' id='word_1_534' title='bbox 391 2677 409 2708; x_wconf 89' lang='lat' dir='ltr'>l.</span> <span class='ocrx_word' id='word_1_535' title='bbox 429 2687 456 2709; x_wconf 83' lang='lat'>2.</span> <span class='ocrx_word' id='word_1_536' title='bbox 471 2687 499 2718; x_wconf 83' lang='lat'>3.</span> <span class='ocrx_word' id='word_1_537' title='bbox 530 2678 563 2709; x_wconf 91' lang='lat' dir='ltr'>C.</span> <span class='ocrx_word' id='word_1_538' title='bbox 587 2679 619 2708; x_wconf 75' lang='lat' dir='ltr'>ile</span> <span class='ocrx_word' id='word_1_539' title='bbox 639 2677 733 2718; x_wconf 65' lang='lat' dir='ltr'>pactis</span> <span class='ocrx_word' id='word_1_540' title='bbox 750 2679 825 2708; x_wconf 83' lang='lat' dir='ltr'>inter</span> <span class='ocrx_word' id='word_1_541' title='bbox 848 2683 950 2716; x_wconf 83' lang='lat' dir='ltr'>empto-</span> 
     </span>
     <span class='ocr_line' id='line_1_78' title="bbox 99 2715 951 2759; baseline -0.002 -10"><span class='ocrx_word' id='word_1_542' title='bbox 99 2723 156 2744; x_wconf 69' lang='lat' dir='ltr'>rem</span> <span class='ocrx_word' id='word_1_543' title='bbox 179 2715 214 2749; x_wconf 55' lang='grc' dir='ltr'>ὅ)</span> <span class='ocrx_word' id='word_1_544' title='bbox 241 2719 412 2750; x_wconf 79' lang='lat' dir='ltr'>venditorem</span> <span class='ocrx_word' id='word_1_545' title='bbox 438 2718 601 2759; x_wconf 84' lang='lat' dir='ltr'>compofitis.</span> <span class='ocrx_word' id='word_1_546' title='bbox 624 2720 643 2750; x_wconf 90' lang='lat' dir='ltr'>l.</span> <span class='ocrx_word' id='word_1_547' title='bbox 661 2723 690 2750; x_wconf 89' lang='lat'>6.</span> <span class='ocrx_word' id='word_1_548' title='bbox 725 2717 768 2749; x_wconf 90' lang='lat' dir='ltr'>D.</span> <span class='ocrx_word' id='word_1_549' title='bbox 791 2720 824 2748; x_wconf 82' lang='lat' dir='ltr'>de</span> <span class='ocrx_word' id='word_1_550' title='bbox 848 2719 951 2758; x_wconf 80' lang='lat' dir='ltr'>rescin-</span> 
     </span>
     <span class='ocr_line' id='line_1_79' title="bbox 100 2755 951 2799; baseline 0.007 -16"><span class='ocrx_word' id='word_1_551' title='bbox 100 2755 191 2785; x_wconf 73' lang='lat' dir='ltr'>denda</span> <span class='ocrx_word' id='word_1_552' title='bbox 220 2760 388 2790; x_wconf 79' lang='lat' dir='ltr'>venditione.</span> <span class='ocrx_word' id='word_1_553' title='bbox 433 2760 474 2790; x_wconf 90' lang='lat' dir='ltr'>At</span> <span class='ocrx_word' id='word_1_554' title='bbox 508 2760 540 2791; x_wconf 94' lang='lat' dir='ltr'>id</span> <span class='ocrx_word' id='word_1_555' title='bbox 572 2761 694 2799; x_wconf 64' lang='lat' dir='ltr'>patrum</span> <span class='ocrx_word' id='word_1_556' title='bbox 726 2766 951 2797; x_wconf 89' lang='lat' dir='ltr'>conventum,</span> 
     </span>
     <span class='ocr_line' id='line_1_80' title="bbox 102 2798 952 2841; baseline 0.005 -15"><span class='ocrx_word' id='word_1_557' title='bbox 102 2803 286 2836; x_wconf 83' lang='lat' dir='ltr'>quamquam</span> <span class='ocrx_word' id='word_1_558' title='bbox 303 2799 382 2839; x_wconf 63' lang='lat' dir='ltr'>s‘aepe</span> <span class='ocrx_word' id='word_1_559' title='bbox 405 2800 434 2831; x_wconf 71' lang='grc' dir='ltr'>ἀ</span> <span class='ocrx_word' id='word_1_560' title='bbox 458 2802 590 2832; x_wconf 85' lang='lat' dir='ltr'>multum</span> <span class='ocrx_word' id='word_1_561' title='bbox 609 2800 752 2841; x_wconf 81' lang='lat' dir='ltr'>quaefivi,</span> <span class='ocrx_word' id='word_1_562' title='bbox 785 2798 952 2839; x_wconf 87' lang='lat' dir='ltr'>Rescripti-</span> 
     </span>
     <span class='ocr_line' id='line_1_81' title="bbox 101 2837 953 2882; baseline 0.009 -17"><span class='ocrx_word' id='word_1_563' title='bbox 101 2843 164 2874; x_wconf 84' lang='lat' dir='ltr'>que</span> <span class='ocrx_word' id='word_1_564' title='bbox 183 2837 275 2868; x_wconf 89' lang='lat' dir='ltr'>verba</span> <span class='ocrx_word' id='word_1_565' title='bbox 291 2841 410 2872; x_wconf 78' lang='lat' dir='ltr'>curiose</span> <span class='ocrx_word' id='word_1_566' title='bbox 431 2850 526 2882; x_wconf 82' lang='lat' dir='ltr'>atque</span> <span class='ocrx_word' id='word_1_567' title='bbox 554 2850 708 2874; x_wconf 86' lang='lat' dir='ltr'>contente</span> <span class='ocrx_word' id='word_1_568' title='bbox 733 2841 793 2880; x_wconf 80' lang='lat' dir='ltr'>legi</span> <span class='ocrx_word' id='word_1_569' title='bbox 809 2864 818 2878; x_wconf 95' lang='lat'>‚</span> <span class='ocrx_word' id='word_1_570' title='bbox 850 2841 881 2872; x_wconf 92' lang='lat' dir='ltr'>in</span> <span class='ocrx_word' id='word_1_571' title='bbox 905 2840 953 2873; x_wconf 88' lang='lat' dir='ltr'>his</span> 
     </span>
     <span class='ocr_line' id='line_1_82' title="bbox 101 2878 954 2924; baseline 0.008 -19"><span class='ocrx_word' id='word_1_572' title='bbox 101 2885 207 2922; x_wconf 76' lang='lat' dir='ltr'>neque</span> <span class='ocrx_word' id='word_1_573' title='bbox 227 2878 301 2909; x_wconf 90' lang='lat' dir='ltr'>mihi</span> <span class='ocrx_word' id='word_1_574' title='bbox 320 2884 476 2921; x_wconf 86' lang='lat' dir='ltr'>occurrit,</span> <span class='ocrx_word' id='word_1_575' title='bbox 501 2892 605 2924; x_wconf 88' lang='lat' dir='ltr'>neque</span> <span class='ocrx_word' id='word_1_576' title='bbox 628 2884 666 2914; x_wconf 88' lang='lat' dir='ltr'>ab</span> <span class='ocrx_word' id='word_1_577' title='bbox 684 2881 833 2914; x_wconf 73' lang='lat' dir='ltr'>Accurfio</span> <span class='ocrx_word' id='word_1_578' title='bbox 852 2890 904 2912; x_wconf 90' lang='lat' dir='ltr'>aut</span> <span class='ocrx_word' id='word_1_579' title='bbox 925 2891 954 2912; x_wconf 82' lang='lat' dir='ltr'>a·</span> 
     </span>
     <span class='ocr_line' id='line_1_83' title="bbox 100 2917 954 2964; baseline 0.007 -17"><span class='ocrx_word' id='word_1_580' title='bbox 100 2917 143 2947; x_wconf 86' lang='lat' dir='ltr'>lio</span> <span class='ocrx_word' id='word_1_581' title='bbox 170 2918 346 2962; x_wconf 80' lang='lat' dir='ltr'>Interprete</span> <span class='ocrx_word' id='word_1_582' title='bbox 368 2922 534 2955; x_wconf 87' lang='lat' dir='ltr'>indicatur.</span> <span class='ocrx_word' id='word_1_583' title='bbox 558 2925 633 2964; x_wconf 89' lang='lat' dir='ltr'>quin</span> <span class='ocrx_word' id='word_1_584' title='bbox 655 2924 719 2964; x_wconf 88' lang='lat' dir='ltr'>ipse</span> <span class='ocrx_word' id='word_1_585' title='bbox 742 2933 818 2954; x_wconf 81' lang='lat' dir='ltr'>mox</span> <span class='ocrx_word' id='word_1_586' title='bbox 837 2923 954 2954; x_wconf 86' lang='lat' dir='ltr'>Accur-</span> 
     </span>
     <span class='ocr_line' id='line_1_84' title="bbox 99 2957 953 3004; baseline 0.007 -15"><span class='ocrx_word' id='word_1_587' title='bbox 99 2957 158 2989; x_wconf 79' lang='lat' dir='ltr'>ssus</span> <span class='ocrx_word' id='word_1_588' title='bbox 176 2961 326 2998; x_wconf 76' lang='lat' dir='ltr'>iequente</span> <span class='ocrx_word' id='word_1_589' title='bbox 343 2961 468 3002; x_wconf 76' lang='lat' dir='ltr'>Gloss‘a‚</span> <span class='ocrx_word' id='word_1_590' title='bbox 493 2974 547 2996; x_wconf 87' lang='lat' dir='ltr'>cur</span> <span class='ocrx_word' id='word_1_591' title='bbox 562 2966 614 2996; x_wconf 83' lang='lat' dir='ltr'>hic</span> <span class='ocrx_word' id='word_1_592' title='bbox 629 2964 744 2996; x_wconf 83' lang='lat' dir='ltr'>fundus</span> <span class='ocrx_word' id='word_1_593' title='bbox 760 2964 861 3004; x_wconf 86' lang='lat' dir='ltr'>repeti</span> <span class='ocrx_word' id='word_1_594' title='bbox 880 2973 953 3003; x_wconf 89' lang='lat' dir='ltr'>pos-</span> 
     </span>
     <span class='ocr_line' id='line_1_85' title="bbox 97 2998 953 3046; baseline 0.008 -16"><span class='ocrx_word' id='word_1_595' title='bbox 97 2998 154 3033; x_wconf 82' lang='lat' dir='ltr'>fit,</span> <span class='ocrx_word' id='word_1_596' title='bbox 172 2999 332 3046; x_wconf 25' lang='lat' dir='ltr'>hanc-effe</span> <span class='ocrx_word' id='word_1_597' title='bbox 347 3004 504 3036; x_wconf 88' lang='lat' dir='ltr'>veriorem</span> <span class='ocrx_word' id='word_1_598' title='bbox 522 3007 641 3037; x_wconf 84' lang='lat' dir='ltr'>causam</span> <span class='ocrx_word' id='word_1_599' title='bbox 658 3006 846 3043; x_wconf 79' lang='lat' dir='ltr'>arbitratur3</span> <span class='ocrx_word' id='word_1_600' title='bbox 867 3005 953 3044; x_wconf 91' lang='lat' dir='ltr'>quod</span> 
     </span>
     <span class='ocr_line' id='line_1_86' title="bbox 97 3039 953 3086; baseline 0.011 -17"><span class='ocrx_word' id='word_1_601' title='bbox 97 3049 162 3085; x_wconf 79' lang='lat' dir='ltr'>ripn</span> <span class='ocrx_word' id='word_1_602' title='bbox 187 3039 292 3086; x_wconf 77' lang='lat' dir='ltr'>fuiilet</span> <span class='ocrx_word' id='word_1_603' title='bbox 315 3044 532 3076; x_wconf 68' lang='lat' dir='ltr'>contracturus</span> <span class='ocrx_word' id='word_1_604' title='bbox 554 3046 696 3078; x_wconf 85' lang='lat' dir='ltr'>Rimulus</span> <span class='ocrx_word' id='word_1_605' title='bbox 713 3070 722 3085; x_wconf 93' lang='lat'>‚</span> <span class='ocrx_word' id='word_1_606' title='bbox 752 3045 806 3077; x_wconf 87' lang='lat' dir='ltr'>nifi</span> <span class='ocrx_word' id='word_1_607' title='bbox 827 3053 953 3085; x_wconf 85' lang='lat' dir='ltr'>emptor</span> 
     </span>
     <span class='ocr_line' id='line_1_87' title="bbox 96 3082 953 3128; baseline 0.011 -18"><span class='ocrx_word' id='word_1_608' title='bbox 96 3089 126 3111; x_wconf 87' lang='lat' dir='ltr'>ei</span> <span class='ocrx_word' id='word_1_609' title='bbox 149 3082 331 3120; x_wconf 76' lang='lat' dir='ltr'>promiiiffet</span> <span class='ocrx_word' id='word_1_610' title='bbox 354 3085 418 3115; x_wconf 83' lang='lat' dir='ltr'>hoc</span> <span class='ocrx_word' id='word_1_611' title='bbox 441 3086 526 3125; x_wconf 85' lang='lat' dir='ltr'>cujus</span> <span class='ocrx_word' id='word_1_612' title='bbox 543 3088 814 3128; x_wconf 81' lang='lat' dir='ltr'>contemplatione</span> <span class='ocrx_word' id='word_1_613' title='bbox 839 3087 865 3117; x_wconf 90' lang='lat' dir='ltr'>ei</span> <span class='ocrx_word' id='word_1_614' title='bbox 885 3086 953 3119; x_wconf 90' lang='lat' dir='ltr'>fun-</span> 
     </span>
     <span class='ocr_line' id='line_1_88' title="bbox 99 3122 953 3168; baseline 0.009 -18"><span class='ocrx_word' id='word_1_615' title='bbox 99 3122 156 3167; x_wconf 60' lang='grc' dir='ltr'>«ἅμα</span> <span class='ocrx_word' id='word_1_616' title='bbox 173 3123 261 3153; x_wconf 81' lang='lat' dir='ltr'>datus</span> <span class='ocrx_word' id='word_1_617' title='bbox 284 3123 353 3156; x_wconf 87' lang='lat' dir='ltr'>fuit.</span> <span class='ocrx_word' id='word_1_618' title='bbox 399 3125 471 3167; x_wconf 86' lang='lat' dir='ltr'>Qua</span> <span class='ocrx_word' id='word_1_619' title='bbox 494 3128 524 3157; x_wconf 91' lang='lat' dir='ltr'>in</span> <span class='ocrx_word' id='word_1_620' title='bbox 544 3137 577 3159; x_wconf 90' lang='lat' dir='ltr'>re</span> <span class='ocrx_word' id='word_1_621' title='bbox 595 3128 741 3160; x_wconf 87' lang='lat' dir='ltr'>Accurfio</span> <span class='ocrx_word' id='word_1_622' title='bbox 758 3128 847 3158; x_wconf 88' lang='lat' dir='ltr'>multi</span> <span class='ocrx_word' id='word_1_623' title='bbox 867 3137 953 3168; x_wconf 84' lang='lat' dir='ltr'>egre-</span> 
     </span>
     <span class='ocr_line' id='line_1_89' title="bbox 98 3164 951 3210; baseline 0.009 -18"><span class='ocrx_word' id='word_1_624' title='bbox 98 3164 140 3202; x_wconf 76' lang='lat' dir='ltr'>gii</span> <span class='ocrx_word' id='word_1_625' title='bbox 170 3173 206 3195; x_wconf 86' lang='lat' dir='ltr'>ac</span> <span class='ocrx_word' id='word_1_626' title='bbox 237 3168 372 3203; x_wconf 62' lang='lat' dir='ltr'>praeclari</span> <span class='ocrx_word' id='word_1_627' title='bbox 404 3167 551 3198; x_wconf 88' lang='lat' dir='ltr'>homines</span> <span class='ocrx_word' id='word_1_628' title='bbox 573 3169 823 3210; x_wconf 83' lang='lat' dir='ltr'>adstipulantur:</span> <span class='ocrx_word' id='word_1_629' title='bbox 855 3170 907 3210; x_wconf 89' lang='lat' dir='ltr'>qui</span> <span class='ocrx_word' id='word_1_630' title='bbox 930 3170 951 3201; x_wconf 91' lang='lat' dir='ltr'>i-</span> 
     </span>
     <span class='ocr_line' id='line_1_90' title="bbox 98 3204 952 3248; baseline 0.009 -15"><span class='ocrx_word' id='word_1_631' title='bbox 98 3204 179 3241; x_wconf 76' lang='lat' dir='ltr'>deo,</span> <span class='ocrx_word' id='word_1_632' title='bbox 204 3207 289 3244; x_wconf 82' lang='lat' dir='ltr'>quod</span> <span class='ocrx_word' id='word_1_633' title='bbox 315 3210 468 3247; x_wconf 77' lang='lat' dir='ltr'>emptioni</span> <span class='ocrx_word' id='word_1_634' title='bbox 490 3209 607 3248; x_wconf 67' lang='lat' dir='ltr'>aejefta</span> <span class='ocrx_word' id='word_1_635' title='bbox 633 3220 649 3240; x_wconf 89' lang='lat' dir='ltr'>a</span> <span class='ocrx_word' id='word_1_636' title='bbox 669 3210 795 3241; x_wconf 89' lang='lat' dir='ltr'>Rimulo</span> <span class='ocrx_word' id='word_1_637' title='bbox 819 3208 878 3241; x_wconf 89' lang='lat' dir='ltr'>fuit</span> <span class='ocrx_word' id='word_1_638' title='bbox 901 3211 952 3242; x_wconf 81' lang='lat' dir='ltr'>lex</span> 
     </span>
    </p>
   </div>
   <div class='ocr_carea' id='block_1_11' title="bbox 96 3241 950 3319">
    <p class='ocr_par' dir='ltr' id='par_1_14' title="bbox 96 3241 950 3319">
     <span class='ocr_line' id='line_1_91' title="bbox 96 3241 950 3319; baseline 0.006 -41"><span class='ocrx_word' id='word_1_639' title='bbox 96 3241 324 3319; x_wconf 47' lang='lat' dir='ltr'>fiffiffnonffmo</span> <span class='ocrx_word' id='word_1_640' title='bbox 342 3258 412 3291; x_wconf 74' lang='lat' dir='ltr'>qua:</span> <span class='ocrx_word' id='word_1_641' title='bbox 427 3251 464 3283; x_wconf 82' lang='lat' dir='ltr'>ad</span> <span class='ocrx_word' id='word_1_642' title='bbox 483 3251 547 3290; x_wconf 75' lang='lat' dir='ltr'>ejus</span> <span class='ocrx_word' id='word_1_643' title='bbox 564 3250 761 3284; x_wconf 83' lang='lat' dir='ltr'>substantiam</span> <span class='ocrx_word' id='word_1_644' title='bbox 779 3251 950 3293; x_wconf 84' lang='lat' dir='ltr'>pertinuit,</span> 
     </span>
    </p>
   </div>
   <div class='ocr_carea' id='block_1_12' title="bbox 991 1287 1859 1338">
    <p class='ocr_par' dir='ltr' id='par_1_15' title="bbox 991 1287 1859 1338">
     <span class='ocr_line' id='line_1_92' title="bbox 991 1287 1859 1338; baseline 0.003 -14"><span class='ocrx_word' id='word_1_645' title='bbox 991 1288 1165 1333; x_wconf 83' lang='lat' dir='ltr'>emendati,</span> <span class='ocrx_word' id='word_1_646' title='bbox 1198 1289 1352 1336; x_wconf 61' lang='lat' dir='ltr'>expantia</span> <span class='ocrx_word' id='word_1_647' title='bbox 1377 1289 1467 1325; x_wconf 81' lang='lat' dir='ltr'>litera</span> <span class='ocrx_word' id='word_1_648' title='bbox 1489 1289 1520 1324; x_wconf 86' lang='lat' dir='ltr'>in</span> <span class='ocrx_word' id='word_1_649' title='bbox 1544 1288 1565 1324; x_wconf 84' lang='lat' dir='ltr'>l.</span> <span class='ocrx_word' id='word_1_650' title='bbox 1586 1289 1618 1325; x_wconf 92' lang='lat'>6.</span> <span class='ocrx_word' id='word_1_651' title='bbox 1648 1287 1680 1324; x_wconf 89' lang='lat' dir='ltr'>C.</span> <span class='ocrx_word' id='word_1_652' title='bbox 1709 1290 1743 1325; x_wconf 86' lang='lat' dir='ltr'>de</span> <span class='ocrx_word' id='word_1_653' title='bbox 1758 1290 1859 1338; x_wconf 64' lang='lat' dir='ltr'>pactis</span> 
     </span>
    </p>
   </div>
   <div class='ocr_carea' id='block_1_13' title="bbox 985 1442 1865 3327">
    <p class='ocr_par' dir='ltr' id='par_1_16' title="bbox 985 1442 1865 3327">
     <span class='ocr_line' id='line_1_93' title="bbox 994 1442 1864 1485; baseline 0.001 -11"><span class='ocrx_word' id='word_1_654' title='bbox 994 1443 1059 1475; x_wconf 88' lang='lat' dir='ltr'>hoc</span> <span class='ocrx_word' id='word_1_655' title='bbox 1084 1443 1180 1474; x_wconf 88' lang='lat' dir='ltr'>tacite</span> <span class='ocrx_word' id='word_1_656' title='bbox 1204 1442 1306 1475; x_wconf 63' lang='lat' dir='ltr'>actum</span> <span class='ocrx_word' id='word_1_657' title='bbox 1332 1443 1609 1485; x_wconf 81' lang='lat' dir='ltr'>interpretantur3</span> <span class='ocrx_word' id='word_1_658' title='bbox 1639 1451 1675 1476; x_wconf 86' lang='lat' dir='ltr'>ut</span> <span class='ocrx_word' id='word_1_659' title='bbox 1691 1467 1701 1483; x_wconf 89' lang='lat'>‚</span> <span class='ocrx_word' id='word_1_660' title='bbox 1740 1443 1795 1476; x_wconf 87' lang='lat' dir='ltr'>nifi</span> <span class='ocrx_word' id='word_1_661' title='bbox 1823 1453 1864 1476; x_wconf 74' lang='lat' dir='ltr'>ea</span> 
     </span>
     <span class='ocr_line' id='line_1_94' title="bbox 995 1484 1862 1526; baseline -0.001 -9"><span class='ocrx_word' id='word_1_662' title='bbox 995 1486 1047 1517; x_wconf 83' lang='lat' dir='ltr'>lex</span> <span class='ocrx_word' id='word_1_663' title='bbox 1077 1484 1128 1516; x_wconf 92' lang='lat' dir='ltr'>seu</span> <span class='ocrx_word' id='word_1_664' title='bbox 1151 1486 1296 1516; x_wconf 82' lang='lat' dir='ltr'>conditio</span> <span class='ocrx_word' id='word_1_665' title='bbox 1325 1486 1496 1525; x_wconf 85' lang='lat' dir='ltr'>impleatur</span> <span class='ocrx_word' id='word_1_666' title='bbox 1516 1511 1525 1526; x_wconf 96' lang='lat'>‚</span> <span class='ocrx_word' id='word_1_667' title='bbox 1560 1497 1609 1518; x_wconf 90' lang='lat' dir='ltr'>res</span> <span class='ocrx_word' id='word_1_668' title='bbox 1640 1487 1782 1526; x_wconf 88' lang='lat' dir='ltr'>inempta</span> <span class='ocrx_word' id='word_1_669' title='bbox 1813 1485 1862 1517; x_wconf 80' lang='lat' dir='ltr'>fit‘.</span> 
     </span>
     <span class='ocr_line' id='line_1_95' title="bbox 994 1525 1862 1567; baseline 0.002 -11"><span class='ocrx_word' id='word_1_670' title='bbox 994 1526 1058 1557; x_wconf 91' lang='lat' dir='ltr'>Sed</span> <span class='ocrx_word' id='word_1_671' title='bbox 1075 1534 1109 1557; x_wconf 88' lang='lat' dir='ltr'>ut</span> <span class='ocrx_word' id='word_1_672' title='bbox 1134 1525 1316 1557; x_wconf 85' lang='lat' dir='ltr'>Accurfium</span> <span class='ocrx_word' id='word_1_673' title='bbox 1336 1528 1423 1566; x_wconf 85' lang='lat' dir='ltr'>piget</span> <span class='ocrx_word' id='word_1_674' title='bbox 1442 1528 1556 1567; x_wconf 79' lang='lat' dir='ltr'>prioris</span> <span class='ocrx_word' id='word_1_675' title='bbox 1575 1527 1710 1559; x_wconf 77' lang='lat' dir='ltr'>Gloss‘ae:</span> <span class='ocrx_word' id='word_1_676' title='bbox 1742 1527 1784 1558; x_wconf 87' lang='lat' dir='ltr'>ita</span> <span class='ocrx_word' id='word_1_677' title='bbox 1803 1536 1862 1567; x_wconf 90' lang='lat' dir='ltr'>po-</span> 
     </span>
     <span class='ocr_line' id='line_1_96' title="bbox 994 1566 1863 1608; baseline 0.002 -10"><span class='ocrx_word' id='word_1_678' title='bbox 994 1567 1159 1599; x_wconf 83' lang='lat' dir='ltr'>steriorem</span> <span class='ocrx_word' id='word_1_679' title='bbox 1184 1566 1332 1599; x_wconf 81' lang='lat' dir='ltr'>sollicitat</span> <span class='ocrx_word' id='word_1_680' title='bbox 1350 1568 1407 1599; x_wconf 82' lang='lat' dir='ltr'>Vir</span> <span class='ocrx_word' id='word_1_681' title='bbox 1424 1568 1638 1608; x_wconf 83' lang='lat' dir='ltr'>Ampliffimus</span> <span class='ocrx_word' id='word_1_682' title='bbox 1658 1592 1668 1607; x_wconf 93' lang='lat'>,</span> <span class='ocrx_word' id='word_1_683' title='bbox 1701 1568 1863 1600; x_wconf 72' lang='lat' dir='ltr'>Antonius</span> 
     </span>
     <span class='ocr_line' id='line_1_97' title="bbox 996 1608 1862 1650; baseline 0 -11"><span class='ocrx_word' id='word_1_684' title='bbox 996 1608 1116 1647; x_wconf 86' lang='lat' dir='ltr'>Faber,</span> <span class='ocrx_word' id='word_1_685' title='bbox 1141 1608 1188 1639; x_wconf 85' lang='lat' dir='ltr'>De</span> <span class='ocrx_word' id='word_1_686' title='bbox 1209 1610 1348 1639; x_wconf 81' lang='lat' dir='ltr'>erroribus</span> <span class='ocrx_word' id='word_1_687' title='bbox 1367 1610 1638 1650; x_wconf 77' lang='lat' dir='ltr'>Pragmaticorum‚</span> <span class='ocrx_word' id='word_1_688' title='bbox 1657 1615 1737 1650; x_wconf 80' lang='lat' dir='ltr'>part.</span> <span class='ocrx_word' id='word_1_689' title='bbox 1760 1619 1788 1640; x_wconf 89' lang='lat'>2.</span> <span class='ocrx_word' id='word_1_690' title='bbox 1812 1610 1862 1640; x_wconf 86' lang='lat' dir='ltr'>de-</span> 
     </span>
     <span class='ocr_line' id='line_1_98' title="bbox 995 1649 1864 1692; baseline 0 -11"><span class='ocrx_word' id='word_1_691' title='bbox 995 1650 1056 1681; x_wconf 82' lang='lat' dir='ltr'>cad.</span> <span class='ocrx_word' id='word_1_692' title='bbox 1076 1660 1126 1690; x_wconf 80' lang='lat'>45.</span> <span class='ocrx_word' id='word_1_693' title='bbox 1150 1656 1236 1680; x_wconf 85' lang='lat' dir='ltr'>error.</span> <span class='ocrx_word' id='word_1_694' title='bbox 1254 1654 1282 1684; x_wconf 82' lang='lat'>8.</span> <span class='ocrx_word' id='word_1_695' title='bbox 1311 1659 1341 1681; x_wconf 85' lang='lat' dir='ltr'>n.</span> <span class='ocrx_word' id='word_1_696' title='bbox 1361 1660 1407 1690; x_wconf 84' lang='lat'>14.</span> <span class='ocrx_word' id='word_1_697' title='bbox 1430 1650 1556 1691; x_wconf 75' lang='lat' dir='ltr'>&amp;seqq.</span> <span class='ocrx_word' id='word_1_698' title='bbox 1573 1659 1666 1692; x_wconf 82' lang='lat' dir='ltr'>negat</span> <span class='ocrx_word' id='word_1_699' title='bbox 1683 1659 1789 1689; x_wconf 89' lang='lat' dir='ltr'>certe,</span> <span class='ocrx_word' id='word_1_700' title='bbox 1802 1649 1864 1681; x_wconf 85' lang='lat' dir='ltr'>Im-</span> 
     </span>
     <span class='ocr_line' id='line_1_99' title="bbox 995 1690 1863 1732; baseline 0 -10"><span class='ocrx_word' id='word_1_701' title='bbox 995 1698 1157 1732; x_wconf 84' lang='lat' dir='ltr'>peratores</span> <span class='ocrx_word' id='word_1_702' title='bbox 1177 1690 1266 1730; x_wconf 85' lang='lat' dir='ltr'>loqui</span> <span class='ocrx_word' id='word_1_703' title='bbox 1292 1692 1332 1722; x_wconf 87' lang='lat' dir='ltr'>de</span> <span class='ocrx_word' id='word_1_704' title='bbox 1356 1693 1543 1723; x_wconf 83' lang='lat' dir='ltr'>venditione</span> <span class='ocrx_word' id='word_1_705' title='bbox 1561 1701 1630 1732; x_wconf 81' lang='lat' dir='ltr'>quae</span> <span class='ocrx_word' id='word_1_706' title='bbox 1649 1691 1731 1723; x_wconf 74' lang='lat' dir='ltr'>faCta</span> <span class='ocrx_word' id='word_1_707' title='bbox 1753 1691 1789 1722; x_wconf 85' lang='lat' dir='ltr'>fit</span> <span class='ocrx_word' id='word_1_708' title='bbox 1805 1690 1863 1722; x_wconf 84' lang='lat' dir='ltr'>sub</span> 
     </span>
     <span class='ocr_line' id='line_1_100' title="bbox 995 1732 1865 1774; baseline 0 -11"><span class='ocrx_word' id='word_1_709' title='bbox 995 1732 1089 1774; x_wconf 67' lang='lat' dir='ltr'>pasto</span> <span class='ocrx_word' id='word_1_710' title='bbox 1117 1733 1166 1762; x_wconf 89' lang='lat' dir='ltr'>cni</span> <span class='ocrx_word' id='word_1_711' title='bbox 1190 1741 1255 1763; x_wconf 84' lang='lat' dir='ltr'>non</span> <span class='ocrx_word' id='word_1_712' title='bbox 1279 1733 1383 1772; x_wconf 80' lang='lat' dir='ltr'>paruit</span> <span class='ocrx_word' id='word_1_713' title='bbox 1402 1741 1549 1773; x_wconf 73' lang='lat' dir='ltr'>emptor,</span> <span class='ocrx_word' id='word_1_714' title='bbox 1580 1733 1630 1764; x_wconf 87' lang='lat' dir='ltr'>sed</span> <span class='ocrx_word' id='word_1_715' title='bbox 1656 1735 1694 1764; x_wconf 83' lang='lat' dir='ltr'>de</span> <span class='ocrx_word' id='word_1_716' title='bbox 1715 1733 1865 1764; x_wconf 88' lang='lat' dir='ltr'>vendito-</span> 
     </span>
     <span class='ocr_line' id='line_1_101' title="bbox 994 1772 1863 1815; baseline -0.001 -10"><span class='ocrx_word' id='word_1_717' title='bbox 994 1784 1029 1805; x_wconf 85' lang='lat' dir='ltr'>re</span> <span class='ocrx_word' id='word_1_718' title='bbox 1056 1774 1107 1813; x_wconf 89' lang='lat' dir='ltr'>qui</span> <span class='ocrx_word' id='word_1_719' title='bbox 1135 1772 1270 1804; x_wconf 89' lang='lat' dir='ltr'>fundum</span> <span class='ocrx_word' id='word_1_720' title='bbox 1298 1774 1416 1815; x_wconf 85' lang='lat' dir='ltr'>exiguo</span> <span class='ocrx_word' id='word_1_721' title='bbox 1448 1775 1551 1814; x_wconf 88' lang='lat' dir='ltr'>pretio</span> <span class='ocrx_word' id='word_1_722' title='bbox 1577 1774 1731 1806; x_wconf 80' lang='lat' dir='ltr'>transtulit</span> <span class='ocrx_word' id='word_1_723' title='bbox 1763 1781 1863 1805; x_wconf 82' lang='lat' dir='ltr'>certae</span> 
     </span>
     <span class='ocr_line' id='line_1_102' title="bbox 994 1814 1864 1855; baseline 0.002 -11"><span class='ocrx_word' id='word_1_724' title='bbox 994 1815 1040 1845; x_wconf 91' lang='lat' dir='ltr'>rei</span> <span class='ocrx_word' id='word_1_725' title='bbox 1065 1814 1341 1854; x_wconf 85' lang='lat' dir='ltr'>contemplatione</span> <span class='ocrx_word' id='word_1_726' title='bbox 1359 1838 1369 1853; x_wconf 94' lang='lat'><em>‚</em></span> <span class='ocrx_word' id='word_1_727' title='bbox 1399 1816 1553 1855; x_wconf 87' lang='lat' dir='ltr'>emptoris</span> <span class='ocrx_word' id='word_1_728' title='bbox 1571 1825 1687 1847; x_wconf 88' lang='lat' dir='ltr'>meram</span> <span class='ocrx_word' id='word_1_729' title='bbox 1711 1814 1809 1846; x_wconf 84' lang='lat' dir='ltr'>fidem</span> <span class='ocrx_word' id='word_1_730' title='bbox 1829 1814 1864 1846; x_wconf 57' lang='grc' dir='ltr'>ᾆξ’</span> 
     </span>
     <span class='ocr_line' id='line_1_103' title="bbox 995 1854 1863 1897; baseline 0.005 -12"><span class='ocrx_word' id='word_1_731' title='bbox 995 1856 1111 1886; x_wconf 86' lang='lat' dir='ltr'>nudam</span> <span class='ocrx_word' id='word_1_732' title='bbox 1128 1855 1396 1895; x_wconf 81' lang='lat' dir='ltr'>pollicitationem</span> <span class='ocrx_word' id='word_1_733' title='bbox 1413 1854 1581 1896; x_wconf 82' lang='lat' dir='ltr'>sequutus:</span> <span class='ocrx_word' id='word_1_734' title='bbox 1604 1858 1756 1897; x_wconf 82' lang='lat' dir='ltr'>additque</span> <span class='ocrx_word' id='word_1_735' title='bbox 1773 1857 1863 1889; x_wconf 84' lang='lat' dir='ltr'>idem</span> 
     </span>
     <span class='ocr_line' id='line_1_104' title="bbox 996 1895 1864 1938; baseline 0.002 -12"><span class='ocrx_word' id='word_1_736' title='bbox 996 1895 1117 1935; x_wconf 87' lang='lat' dir='ltr'>Faber,</span> <span class='ocrx_word' id='word_1_737' title='bbox 1140 1905 1205 1927; x_wconf 90' lang='lat' dir='ltr'>non</span> <span class='ocrx_word' id='word_1_738' title='bbox 1217 1918 1227 1934; x_wconf 91' lang='lat'>‚</span> <span class='ocrx_word' id='word_1_739' title='bbox 1251 1904 1285 1927; x_wconf 86' lang='lat' dir='ltr'>ut</span> <span class='ocrx_word' id='word_1_740' title='bbox 1301 1897 1391 1937; x_wconf 69' lang='lat' dir='ltr'>pafta</span> <span class='ocrx_word' id='word_1_741' title='bbox 1407 1904 1566 1928; x_wconf 88' lang='lat' dir='ltr'>conventa</span> <span class='ocrx_word' id='word_1_742' title='bbox 1585 1921 1594 1936; x_wconf 94' lang='lat'>,</span> <span class='ocrx_word' id='word_1_743' title='bbox 1627 1898 1670 1928; x_wconf 90' lang='lat' dir='ltr'>ita</span> <span class='ocrx_word' id='word_1_744' title='bbox 1686 1898 1716 1929; x_wconf 66' lang='grc' dir='ltr'>ἂ</span> <span class='ocrx_word' id='word_1_745' title='bbox 1733 1897 1864 1938; x_wconf 87' lang='lat' dir='ltr'>pollici-</span> 
     </span>
     <span class='ocr_line' id='line_1_105' title="bbox 996 1936 1865 1977; baseline 0.001 -9"><span class='ocrx_word' id='word_1_746' title='bbox 996 1936 1132 1968; x_wconf 87' lang='lat' dir='ltr'>tationes</span> <span class='ocrx_word' id='word_1_747' title='bbox 1149 1960 1159 1976; x_wconf 89' lang='lat'>,</span> <span class='ocrx_word' id='word_1_748' title='bbox 1191 1937 1282 1968; x_wconf 88' lang='lat' dir='ltr'>bonae</span> <span class='ocrx_word' id='word_1_749' title='bbox 1305 1937 1378 1968; x_wconf 84' lang='lat' dir='ltr'>fidei</span> <span class='ocrx_word' id='word_1_750' title='bbox 1392 1938 1519 1977; x_wconf 86' lang='lat' dir='ltr'>judiciis</span> <span class='ocrx_word' id='word_1_751' title='bbox 1533 1937 1651 1970; x_wconf 82' lang='lat' dir='ltr'>ineffe:</span> <span class='ocrx_word' id='word_1_752' title='bbox 1684 1939 1794 1969; x_wconf 86' lang='lat' dir='ltr'>harum</span> <span class='ocrx_word' id='word_1_753' title='bbox 1814 1946 1865 1969; x_wconf 85' lang='lat' dir='ltr'>ta·</span> 
     </span>
     <span class='ocr_line' id='line_1_106' title="bbox 994 1977 1865 2017; baseline 0.002 -8"><span class='ocrx_word' id='word_1_754' title='bbox 994 1987 1086 2015; x_wconf 83' lang='lat' dir='ltr'>rnen,</span> <span class='ocrx_word' id='word_1_755' title='bbox 1109 1977 1130 2009; x_wconf 88' lang='lat' dir='ltr'><strong>fi</strong></span> <span class='ocrx_word' id='word_1_756' title='bbox 1151 1978 1326 2010; x_wconf 63' lang='lat' dir='ltr'>contrafitui</span> <span class='ocrx_word' id='word_1_757' title='bbox 1351 1978 1473 2010; x_wconf 80' lang='lat' dir='ltr'>causam</span> <span class='ocrx_word' id='word_1_758' title='bbox 1497 1980 1644 2011; x_wconf 86' lang='lat' dir='ltr'>dederint</span> <span class='ocrx_word' id='word_1_759' title='bbox 1659 2002 1669 2017; x_wconf 98' lang='lat'>,</span> <span class='ocrx_word' id='word_1_760' title='bbox 1702 1981 1865 2012; x_wconf 84' lang='lat' dir='ltr'>rationem</span> 
     </span>
     <span class='ocr_line' id='line_1_107' title="bbox 993 2019 1864 2061; baseline 0.002 -12"><span class='ocrx_word' id='word_1_761' title='bbox 993 2020 1128 2058; x_wconf 88' lang='lat' dir='ltr'>perinde</span> <span class='ocrx_word' id='word_1_762' title='bbox 1144 2019 1273 2058; x_wconf 84' lang='lat' dir='ltr'>haberi,</span> <span class='ocrx_word' id='word_1_763' title='bbox 1305 2028 1339 2050; x_wconf 89' lang='lat' dir='ltr'>ut</span> <span class='ocrx_word' id='word_1_764' title='bbox 1354 2020 1518 2061; x_wconf 66' lang='lat' dir='ltr'>pactorum</span> <span class='ocrx_word' id='word_1_765' title='bbox 1541 2031 1548 2051; x_wconf 93' lang='lat'>:</span> <span class='ocrx_word' id='word_1_766' title='bbox 1579 2029 1768 2061; x_wconf 84' lang='lat' dir='ltr'>quamquam</span> <span class='ocrx_word' id='word_1_767' title='bbox 1793 2030 1864 2053; x_wconf 80' lang='lat' dir='ltr'>nou</span> 
     </span>
     <span class='ocr_line' id='line_1_108' title="bbox 993 2060 1863 2099; baseline 0.002 -8"><span class='ocrx_word' id='word_1_768' title='bbox 993 2060 1145 2091; x_wconf 69' lang='lat' dir='ltr'>haetenus</span> <span class='ocrx_word' id='word_1_769' title='bbox 1164 2084 1174 2099; x_wconf 95' lang='lat'>,</span> <span class='ocrx_word' id='word_1_770' title='bbox 1202 2067 1236 2091; x_wconf 88' lang='lat' dir='ltr'>ut</span> <span class='ocrx_word' id='word_1_771' title='bbox 1261 2070 1301 2092; x_wconf 85' lang='lat' dir='ltr'>ex</span> <span class='ocrx_word' id='word_1_772' title='bbox 1318 2061 1483 2092; x_wconf 67' lang='lat' dir='ltr'>contratru</span> <span class='ocrx_word' id='word_1_773' title='bbox 1507 2061 1590 2092; x_wconf 60' lang='lat' dir='ltr'>aetio</span> <span class='ocrx_word' id='word_1_774' title='bbox 1618 2063 1711 2093; x_wconf 86' lang='lat' dir='ltr'>detur</span> <span class='ocrx_word' id='word_1_775' title='bbox 1734 2063 1772 2093; x_wconf 84' lang='lat' dir='ltr'>ad</span> <span class='ocrx_word' id='word_1_776' title='bbox 1797 2063 1863 2093; x_wconf 82' lang='lat' dir='ltr'>hoe</span> 
     </span>
     <span class='ocr_line' id='line_1_109' title="bbox 994 2101 1862 2142; baseline 0.002 -10"><span class='ocrx_word' id='word_1_777' title='bbox 994 2102 1081 2142; x_wconf 90' lang='lat' dir='ltr'>quod</span> <span class='ocrx_word' id='word_1_778' title='bbox 1105 2103 1136 2132; x_wconf 90' lang='lat' dir='ltr'>in</span> <span class='ocrx_word' id='word_1_779' title='bbox 1153 2101 1420 2142; x_wconf 86' lang='lat' dir='ltr'>pollicitationem</span> <span class='ocrx_word' id='word_1_780' title='bbox 1439 2102 1610 2134; x_wconf 67' lang='lat' dir='ltr'>deductum</span> <span class='ocrx_word' id='word_1_781' title='bbox 1627 2103 1708 2142; x_wconf 82' lang='lat' dir='ltr'>suit3</span> <span class='ocrx_word' id='word_1_782' title='bbox 1741 2102 1794 2142; x_wconf 81' lang='lat' dir='ltr'>sed</span> <span class='ocrx_word' id='word_1_783' title='bbox 1818 2112 1862 2135; x_wconf 81' lang='lat' dir='ltr'>ne</span> 
     </span>
     <span class='ocr_line' id='line_1_110' title="bbox 994 2142 1861 2185; baseline 0.003 -12"><span class='ocrx_word' id='word_1_784' title='bbox 994 2142 1146 2174; x_wconf 87' lang='lat' dir='ltr'>venditor</span> <span class='ocrx_word' id='word_1_785' title='bbox 1162 2143 1216 2183; x_wconf 87' lang='lat' dir='ltr'>qui</span> <span class='ocrx_word' id='word_1_786' title='bbox 1234 2144 1389 2183; x_wconf 87' lang='lat' dir='ltr'>emptoris</span> <span class='ocrx_word' id='word_1_787' title='bbox 1409 2142 1506 2175; x_wconf 88' lang='lat' dir='ltr'>fidem</span> <span class='ocrx_word' id='word_1_788' title='bbox 1523 2144 1672 2185; x_wconf 88' lang='lat' dir='ltr'>sequutus</span> <span class='ocrx_word' id='word_1_789' title='bbox 1684 2168 1692 2182; x_wconf 91' lang='lat'>‚</span> <span class='ocrx_word' id='word_1_790' title='bbox 1709 2154 1775 2175; x_wconf 91' lang='lat' dir='ltr'>rem</span> <span class='ocrx_word' id='word_1_791' title='bbox 1794 2154 1861 2176; x_wconf 87' lang='lat' dir='ltr'>ma-</span> 
     </span>
     <span class='ocr_line' id='line_1_111' title="bbox 991 2184 1859 2225; baseline 0.002 -11"><span class='ocrx_word' id='word_1_792' title='bbox 991 2184 1069 2225; x_wconf 86' lang='lat' dir='ltr'>joris</span> <span class='ocrx_word' id='word_1_793' title='bbox 1092 2185 1186 2225; x_wconf 87' lang='lat' dir='ltr'>pretii</span> <span class='ocrx_word' id='word_1_794' title='bbox 1203 2185 1328 2216; x_wconf 87' lang='lat' dir='ltr'>minore</span> <span class='ocrx_word' id='word_1_795' title='bbox 1350 2185 1513 2224; x_wconf 85' lang='lat' dir='ltr'>vendidit,</span> <span class='ocrx_word' id='word_1_796' title='bbox 1537 2187 1667 2225; x_wconf 88' lang='lat' dir='ltr'>impune</span> <span class='ocrx_word' id='word_1_797' title='bbox 1681 2186 1859 2217; x_wconf 84' lang='lat' dir='ltr'>circumve-</span> 
     </span>
     <span class='ocr_line' id='line_1_112' title="bbox 993 2224 1861 2267; baseline 0.003 -12"><span class='ocrx_word' id='word_1_798' title='bbox 993 2226 1107 2256; x_wconf 87' lang='lat' dir='ltr'>niatur.</span> <span class='ocrx_word' id='word_1_799' title='bbox 1150 2224 1194 2256; x_wconf 86' lang='lat' dir='ltr'>lta</span> <span class='ocrx_word' id='word_1_800' title='bbox 1218 2225 1378 2257; x_wconf 86' lang='lat' dir='ltr'>Antonius</span> <span class='ocrx_word' id='word_1_801' title='bbox 1403 2225 1515 2257; x_wconf 83' lang='lat' dir='ltr'>Faber.</span> <span class='ocrx_word' id='word_1_802' title='bbox 1547 2226 1625 2265; x_wconf 91' lang='lat' dir='ltr'>sed,</span> <span class='ocrx_word' id='word_1_803' title='bbox 1662 2228 1750 2267; x_wconf 86' lang='lat' dir='ltr'>quod</span> <span class='ocrx_word' id='word_1_804' title='bbox 1785 2235 1861 2258; x_wconf 85' lang='lat' dir='ltr'>cum</span> 
     </span>
     <span class='ocr_line' id='line_1_113' title="bbox 993 2266 1860 2309; baseline 0.003 -13"><span class='ocrx_word' id='word_1_805' title='bbox 993 2267 1079 2297; x_wconf 88' lang='lat' dir='ltr'>bona</span> <span class='ocrx_word' id='word_1_806' title='bbox 1101 2266 1165 2306; x_wconf 80' lang='lat' dir='ltr'>ejus</span> <span class='ocrx_word' id='word_1_807' title='bbox 1190 2270 1282 2298; x_wconf 86' lang='lat' dir='ltr'>venia</span> <span class='ocrx_word' id='word_1_808' title='bbox 1299 2267 1432 2298; x_wconf 84' lang='lat' dir='ltr'>dixerim</span> <span class='ocrx_word' id='word_1_809' title='bbox 1452 2290 1462 2305; x_wconf 93' lang='lat'>,</span> <span class='ocrx_word' id='word_1_810' title='bbox 1492 2266 1654 2307; x_wconf 88' lang='lat' dir='ltr'>subtilius,</span> <span class='ocrx_word' id='word_1_811' title='bbox 1686 2277 1780 2309; x_wconf 87' lang='lat' dir='ltr'>quam</span> <span class='ocrx_word' id='word_1_812' title='bbox 1804 2277 1860 2299; x_wconf 89' lang='lat' dir='ltr'>ve·</span> 
     </span>
     <span class='ocr_line' id='line_1_114' title="bbox 994 2307 1859 2347; baseline 0.002 -9"><span class='ocrx_word' id='word_1_813' title='bbox 994 2309 1077 2339; x_wconf 83' lang='lat' dir='ltr'>rius:</span> <span class='ocrx_word' id='word_1_814' title='bbox 1102 2317 1173 2339; x_wconf 74' lang='lat' dir='ltr'>nam</span> <span class='ocrx_word' id='word_1_815' title='bbox 1197 2317 1247 2339; x_wconf 88' lang='lat' dir='ltr'>res</span> <span class='ocrx_word' id='word_1_816' title='bbox 1272 2308 1362 2340; x_wconf 83' lang='lat' dir='ltr'>aliter</span> <span class='ocrx_word' id='word_1_817' title='bbox 1383 2307 1510 2347; x_wconf 81' lang='lat' dir='ltr'>suadet3</span> <span class='ocrx_word' id='word_1_818' title='bbox 1540 2309 1635 2341; x_wconf 86' lang='lat' dir='ltr'>etiam</span> <span class='ocrx_word' id='word_1_819' title='bbox 1654 2309 1791 2340; x_wconf 84' lang='lat' dir='ltr'>Rubrica</span> <span class='ocrx_word' id='word_1_820' title='bbox 1809 2319 1859 2340; x_wconf 89' lang='lat' dir='ltr'>re-</span> 
     </span>
     <span class='ocr_line' id='line_1_115' title="bbox 995 2349 1858 2390; baseline 0 -10"><span class='ocrx_word' id='word_1_821' title='bbox 995 2349 1127 2380; x_wconf 88' lang='lat' dir='ltr'>clamat:</span> <span class='ocrx_word' id='word_1_822' title='bbox 1156 2358 1225 2389; x_wconf 83' lang='lat' dir='ltr'>quae</span> <span class='ocrx_word' id='word_1_823' title='bbox 1249 2350 1339 2390; x_wconf 60' lang='lat' dir='ltr'>pacta</span> <span class='ocrx_word' id='word_1_824' title='bbox 1355 2349 1439 2380; x_wconf 86' lang='lat' dir='ltr'>inter</span> <span class='ocrx_word' id='word_1_825' title='bbox 1456 2357 1636 2390; x_wconf 88' lang='lat' dir='ltr'>emptorem</span> <span class='ocrx_word' id='word_1_826' title='bbox 1660 2351 1690 2381; x_wconf 70' lang='grc' dir='ltr'>δε</span> <span class='ocrx_word' id='word_1_827' title='bbox 1710 2350 1858 2381; x_wconf 89' lang='lat' dir='ltr'>vendito-</span> 
     </span>
     <span class='ocr_line' id='line_1_116' title="bbox 995 2389 1859 2431; baseline 0.001 -10"><span class='ocrx_word' id='word_1_828' title='bbox 995 2400 1060 2421; x_wconf 88' lang='lat' dir='ltr'>rem</span> <span class='ocrx_word' id='word_1_829' title='bbox 1085 2390 1261 2430; x_wconf 78' lang='lat' dir='ltr'>composita</span> <span class='ocrx_word' id='word_1_830' title='bbox 1286 2391 1369 2422; x_wconf 84' lang='lat' dir='ltr'>clare</span> <span class='ocrx_word' id='word_1_831' title='bbox 1385 2389 1525 2430; x_wconf 88' lang='lat' dir='ltr'>praefert.</span> <span class='ocrx_word' id='word_1_832' title='bbox 1568 2392 1675 2431; x_wconf 86' lang='lat' dir='ltr'>Atque</span> <span class='ocrx_word' id='word_1_833' title='bbox 1701 2392 1784 2422; x_wconf 89' lang='lat' dir='ltr'>utin</span> <span class='ocrx_word' id='word_1_834' title='bbox 1809 2390 1859 2423; x_wconf 83' lang='lat' dir='ltr'>his</span> 
     </span>
     <span class='ocr_line' id='line_1_117' title="bbox 995 2430 1858 2472; baseline 0.001 -10"><span class='ocrx_word' id='word_1_835' title='bbox 995 2432 1139 2463; x_wconf 84' lang='lat' dir='ltr'>Antonio</span> <span class='ocrx_word' id='word_1_836' title='bbox 1163 2430 1266 2462; x_wconf 83' lang='lat' dir='ltr'>Fabro</span> <span class='ocrx_word' id='word_1_837' title='bbox 1292 2441 1355 2462; x_wconf 91' lang='lat' dir='ltr'>non</span> <span class='ocrx_word' id='word_1_838' title='bbox 1380 2430 1557 2471; x_wconf 79' lang='lat' dir='ltr'>assentior3</span> <span class='ocrx_word' id='word_1_839' title='bbox 1593 2431 1635 2463; x_wconf 77' lang='lat' dir='ltr'>{ic</span> <span class='ocrx_word' id='word_1_840' title='bbox 1666 2439 1699 2463; x_wconf 92' lang='lat' dir='ltr'>ut</span> <span class='ocrx_word' id='word_1_841' title='bbox 1720 2433 1858 2472; x_wconf 87' lang='lat' dir='ltr'>probem</span> 
     </span>
     <span class='ocr_line' id='line_1_118' title="bbox 994 2471 1857 2513; baseline 0.001 -10"><span class='ocrx_word' id='word_1_842' title='bbox 994 2472 1202 2513; x_wconf 83' lang='lat' dir='ltr'>posteriorem</span> <span class='ocrx_word' id='word_1_843' title='bbox 1225 2472 1363 2504; x_wconf 70' lang='lat' dir='ltr'>Aecus-fii</span> <span class='ocrx_word' id='word_1_844' title='bbox 1386 2471 1527 2503; x_wconf 84' lang='lat' dir='ltr'>Glossam</span> <span class='ocrx_word' id='word_1_845' title='bbox 1544 2496 1555 2512; x_wconf 92' lang='lat'>‚</span> <span class='ocrx_word' id='word_1_846' title='bbox 1586 2482 1603 2504; x_wconf 88' lang='lat' dir='ltr'>a</span> <span class='ocrx_word' id='word_1_847' title='bbox 1630 2482 1682 2505; x_wconf 86' lang='lat' dir='ltr'>me</span> <span class='ocrx_word' id='word_1_848' title='bbox 1713 2473 1857 2504; x_wconf 86' lang='lat' dir='ltr'>nondum</span> 
     </span>
     <span class='ocr_line' id='line_1_119' title="bbox 994 2513 1859 2554; baseline 0.001 -10"><span class='ocrx_word' id='word_1_849' title='bbox 994 2522 1150 2553; x_wconf 83' lang='lat' dir='ltr'>impetro:</span> <span class='ocrx_word' id='word_1_850' title='bbox 1174 2513 1247 2553; x_wconf 85' lang='lat' dir='ltr'>quia</span> <span class='ocrx_word' id='word_1_851' title='bbox 1262 2513 1341 2544; x_wconf 86' lang='lat' dir='ltr'>nihil</span> <span class='ocrx_word' id='word_1_852' title='bbox 1363 2513 1466 2544; x_wconf 85' lang='lat' dir='ltr'>verius</span> <span class='ocrx_word' id='word_1_853' title='bbox 1483 2513 1546 2553; x_wconf 88' lang='lat' dir='ltr'>est,</span> <span class='ocrx_word' id='word_1_854' title='bbox 1577 2523 1671 2554; x_wconf 90' lang='lat' dir='ltr'>quam</span> <span class='ocrx_word' id='word_1_855' title='bbox 1696 2514 1777 2545; x_wconf 82' lang='lat' dir='ltr'>hane</span> <span class='ocrx_word' id='word_1_856' title='bbox 1794 2514 1859 2545; x_wconf 85' lang='lat' dir='ltr'>effe</span> 
     </span>
     <span class='ocr_line' id='line_1_120' title="bbox 994 2554 1858 2596; baseline 0.002 -11"><span class='ocrx_word' id='word_1_857' title='bbox 994 2555 1187 2586; x_wconf 89' lang='lat' dir='ltr'>venditionis</span> <span class='ocrx_word' id='word_1_858' title='bbox 1210 2554 1409 2586; x_wconf 87' lang='lat' dir='ltr'>substantiam</span> <span class='ocrx_word' id='word_1_859' title='bbox 1426 2577 1436 2592; x_wconf 92' lang='lat'>‚</span> <span class='ocrx_word' id='word_1_860' title='bbox 1468 2556 1511 2586; x_wconf 89' lang='lat' dir='ltr'>uti</span> <span class='ocrx_word' id='word_1_861' title='bbox 1543 2556 1695 2587; x_wconf 83' lang='lat' dir='ltr'>venditor</span> <span class='ocrx_word' id='word_1_862' title='bbox 1717 2556 1858 2596; x_wconf 89' lang='lat' dir='ltr'>pretium</span> 
     </span>
     <span class='ocr_line' id='line_1_121' title="bbox 994 2595 1858 2636; baseline 0.002 -10"><span class='ocrx_word' id='word_1_863' title='bbox 994 2605 1052 2636; x_wconf 84' lang='lat' dir='ltr'>pro</span> <span class='ocrx_word' id='word_1_864' title='bbox 1077 2605 1110 2627; x_wconf 87' lang='lat' dir='ltr'>re</span> <span class='ocrx_word' id='word_1_865' title='bbox 1130 2595 1266 2635; x_wconf 84' lang='lat' dir='ltr'>habeat,</span> <span class='ocrx_word' id='word_1_866' title='bbox 1289 2605 1394 2636; x_wconf 86' lang='lat' dir='ltr'>neque</span> <span class='ocrx_word' id='word_1_867' title='bbox 1410 2596 1491 2627; x_wconf 87' lang='lat' dir='ltr'>adeo</span> <span class='ocrx_word' id='word_1_868' title='bbox 1507 2596 1601 2628; x_wconf 86' lang='lat' dir='ltr'>facile</span> <span class='ocrx_word' id='word_1_869' title='bbox 1621 2597 1858 2629; x_wconf 70' lang='lat' dir='ltr'>contraCkurum</span> 
     </span>
     <span class='ocr_line' id='line_1_122' title="bbox 995 2636 1858 2679; baseline 0.002 -12"><span class='ocrx_word' id='word_1_870' title='bbox 995 2637 1094 2667; x_wconf 78' lang='lat' dir='ltr'>videri</span> <span class='ocrx_word' id='word_1_871' title='bbox 1110 2659 1119 2675; x_wconf 89' lang='lat'>,</span> <span class='ocrx_word' id='word_1_872' title='bbox 1150 2636 1204 2668; x_wconf 86' lang='lat' dir='ltr'>nifi</span> <span class='ocrx_word' id='word_1_873' title='bbox 1221 2637 1250 2668; x_wconf 87' lang='lat' dir='ltr'>ei</span> <span class='ocrx_word' id='word_1_874' title='bbox 1268 2639 1403 2677; x_wconf 87' lang='lat' dir='ltr'>pretium</span> <span class='ocrx_word' id='word_1_875' title='bbox 1422 2660 1432 2676; x_wconf 91' lang='lat'>,</span> <span class='ocrx_word' id='word_1_876' title='bbox 1464 2639 1596 2679; x_wconf 86' lang='lat' dir='ltr'>amplius</span> <span class='ocrx_word' id='word_1_877' title='bbox 1613 2661 1622 2677; x_wconf 92' lang='lat'>,</span> <span class='ocrx_word' id='word_1_878' title='bbox 1654 2637 1708 2669; x_wconf 84' lang='lat' dir='ltr'>nifi</span> <span class='ocrx_word' id='word_1_879' title='bbox 1731 2645 1858 2669; x_wconf 87' lang='lat' dir='ltr'>certum</span> 
     </span>
     <span class='ocr_line' id='line_1_123' title="bbox 993 2677 1857 2719; baseline 0.003 -11"><span class='ocrx_word' id='word_1_880' title='bbox 993 2678 1148 2718; x_wconf 85' lang='lat' dir='ltr'>pretium,</span> <span class='ocrx_word' id='word_1_881' title='bbox 1167 2679 1380 2718; x_wconf 86' lang='lat' dir='ltr'>promittatur.</span> <span class='ocrx_word' id='word_1_882' title='bbox 1397 2677 1418 2709; x_wconf 86' lang='lat' dir='ltr'><strong>fi</strong></span> <span class='ocrx_word' id='word_1_883' title='bbox 1433 2687 1538 2710; x_wconf 89' lang='lat' dir='ltr'>tamen</span> <span class='ocrx_word' id='word_1_884' title='bbox 1553 2679 1618 2711; x_wconf 90' lang='lat' dir='ltr'>hoc</span> <span class='ocrx_word' id='word_1_885' title='bbox 1635 2688 1763 2719; x_wconf 86' lang='lat' dir='ltr'>emptor</span> <span class='ocrx_word' id='word_1_886' title='bbox 1785 2688 1857 2719; x_wconf 90' lang='lat' dir='ltr'>pro-</span> 
     </span>
     <span class='ocr_line' id='line_1_124' title="bbox 995 2717 1857 2761; baseline 0 -11"><span class='ocrx_word' id='word_1_887' title='bbox 995 2721 1120 2756; x_wconf 85' lang='lat' dir='ltr'>mittat,</span> <span class='ocrx_word' id='word_1_888' title='bbox 1144 2717 1196 2750; x_wconf 85' lang='lat' dir='ltr'>sed</span> <span class='ocrx_word' id='word_1_889' title='bbox 1211 2728 1276 2751; x_wconf 91' lang='lat' dir='ltr'>non</span> <span class='ocrx_word' id='word_1_890' title='bbox 1295 2718 1414 2757; x_wconf 85' lang='lat' dir='ltr'>solvat3</span> <span class='ocrx_word' id='word_1_891' title='bbox 1437 2720 1541 2759; x_wconf 87' lang='lat' dir='ltr'>piacet</span> <span class='ocrx_word' id='word_1_892' title='bbox 1559 2744 1568 2759; x_wconf 92' lang='lat'>,</span> <span class='ocrx_word' id='word_1_893' title='bbox 1599 2721 1726 2761; x_wconf 87' lang='lat' dir='ltr'>quidem</span> <span class='ocrx_word' id='word_1_894' title='bbox 1748 2721 1857 2751; x_wconf 89' lang='lat' dir='ltr'>vendi-</span> 
     </span>
     <span class='ocr_line' id='line_1_125' title="bbox 996 2760 1857 2802; baseline 0.002 -12"><span class='ocrx_word' id='word_1_895' title='bbox 996 2761 1056 2792; x_wconf 90' lang='lat' dir='ltr'>tori</span> <span class='ocrx_word' id='word_1_896' title='bbox 1084 2760 1229 2792; x_wconf 84' lang='lat' dir='ltr'>adversus</span> <span class='ocrx_word' id='word_1_897' title='bbox 1253 2768 1433 2801; x_wconf 89' lang='lat' dir='ltr'>emptorem</span> <span class='ocrx_word' id='word_1_898' title='bbox 1459 2761 1499 2792; x_wconf 89' lang='lat' dir='ltr'>ad</span> <span class='ocrx_word' id='word_1_899' title='bbox 1522 2763 1615 2802; x_wconf 89' lang='lat' dir='ltr'>pretii</span> <span class='ocrx_word' id='word_1_900' title='bbox 1640 2761 1829 2793; x_wconf 89' lang='lat' dir='ltr'>solutionem</span> <span class='ocrx_word' id='word_1_901' title='bbox 1844 2783 1857 2799; x_wconf 89' lang='lat'>‚</span> 
     </span>
     <span class='ocr_line' id='line_1_126' title="bbox 995 2801 1855 2842; baseline -0.001 -10"><span class='ocrx_word' id='word_1_902' title='bbox 995 2801 1048 2833; x_wconf 92' lang='lat' dir='ltr'>sed</span> <span class='ocrx_word' id='word_1_903' title='bbox 1063 2810 1128 2832; x_wconf 90' lang='lat' dir='ltr'>non</span> <span class='ocrx_word' id='word_1_904' title='bbox 1146 2802 1184 2832; x_wconf 86' lang='lat' dir='ltr'>ad</span> <span class='ocrx_word' id='word_1_905' title='bbox 1204 2803 1326 2833; x_wconf 85' lang='lat' dir='ltr'>traditae</span> <span class='ocrx_word' id='word_1_906' title='bbox 1344 2802 1387 2833; x_wconf 87' lang='lat' dir='ltr'>rei</span> <span class='ocrx_word' id='word_1_907' title='bbox 1403 2801 1634 2835; x_wconf 87' lang='lat' dir='ltr'>restitutionem</span> <span class='ocrx_word' id='word_1_908' title='bbox 1648 2827 1657 2842; x_wconf 94' lang='lat'><em>‚</em></span> <span class='ocrx_word' id='word_1_909' title='bbox 1689 2812 1729 2834; x_wconf 86' lang='lat' dir='ltr'>ex</span> <span class='ocrx_word' id='word_1_910' title='bbox 1745 2802 1855 2833; x_wconf 87' lang='lat' dir='ltr'>vendi-</span> 
     </span>
     <span class='ocr_line' id='line_1_127' title="bbox 995 2842 1853 2876; baseline -0.002 -2"><span class='ocrx_word' id='word_1_911' title='bbox 995 2850 1031 2874; x_wconf 93' lang='lat' dir='ltr'>to</span> <span class='ocrx_word' id='word_1_912' title='bbox 1056 2842 1212 2874; x_wconf 71' lang='lat' dir='ltr'>actionem</span> <span class='ocrx_word' id='word_1_913' title='bbox 1238 2844 1301 2875; x_wconf 89' lang='lat' dir='ltr'>dari</span> <span class='ocrx_word' id='word_1_914' title='bbox 1326 2843 1346 2876; x_wconf 89' lang='lat' dir='ltr'>l.</span> <span class='ocrx_word' id='word_1_915' title='bbox 1367 2852 1413 2875; x_wconf 86' lang='lat'>12.</span> <span class='ocrx_word' id='word_1_916' title='bbox 1438 2843 1471 2875; x_wconf 92' lang='lat' dir='ltr'>C.</span> <span class='ocrx_word' id='word_1_917' title='bbox 1490 2846 1523 2875; x_wconf 83' lang='lat' dir='ltr'>de</span> <span class='ocrx_word' id='word_1_918' title='bbox 1538 2846 1580 2875; x_wconf 88' lang='lat' dir='ltr'>rei</span> <span class='ocrx_word' id='word_1_919' title='bbox 1600 2845 1804 2876; x_wconf 80' lang='lat' dir='ltr'>vindicatione.</span> <span class='ocrx_word' id='word_1_920' title='bbox 1830 2842 1853 2872; x_wconf 81' lang='lat' dir='ltr'>l.</span> 
     </span>
     <span class='ocr_line' id='line_1_128' title="bbox 999 2883 1854 2925; baseline -0.004 -10"><span class='ocrx_word' id='word_1_921' title='bbox 999 2892 1044 2915; x_wconf 83' lang='lat'>12.</span> <span class='ocrx_word' id='word_1_922' title='bbox 1070 2883 1103 2914; x_wconf 90' lang='lat' dir='ltr'>C.</span> <span class='ocrx_word' id='word_1_923' title='bbox 1128 2885 1161 2915; x_wconf 82' lang='lat' dir='ltr'>de</span> <span class='ocrx_word' id='word_1_924' title='bbox 1183 2885 1377 2916; x_wconf 74' lang='lat' dir='ltr'>contrahenda</span> <span class='ocrx_word' id='word_1_925' title='bbox 1399 2885 1545 2925; x_wconf 81' lang='lat' dir='ltr'>emptione.</span> <span class='ocrx_word' id='word_1_926' title='bbox 1576 2886 1596 2916; x_wconf 92' lang='lat' dir='ltr'>l.</span> <span class='ocrx_word' id='word_1_927' title='bbox 1624 2895 1670 2924; x_wconf 79' lang='lat'>14.</span> <span class='ocrx_word' id='word_1_928' title='bbox 1698 2885 1728 2915; x_wconf 67' lang='lat' dir='ltr'>C,</span> <span class='ocrx_word' id='word_1_929' title='bbox 1755 2885 1787 2913; x_wconf 83' lang='lat' dir='ltr'>de</span> <span class='ocrx_word' id='word_1_930' title='bbox 1808 2892 1854 2913; x_wconf 83' lang='lat' dir='ltr'>re-</span> 
     </span>
     <span class='ocr_line' id='line_1_129' title="bbox 985 2924 1854 2969; baseline -0.002 -14"><span class='ocrx_word' id='word_1_931' title='bbox 985 2926 1146 2965; x_wconf 80' lang='lat' dir='ltr'>scindenda</span> <span class='ocrx_word' id='word_1_932' title='bbox 1162 2927 1335 2957; x_wconf 74' lang='lat' dir='ltr'>venditione.</span> <span class='ocrx_word' id='word_1_933' title='bbox 1377 2924 1477 2969; x_wconf 88' lang='lat' dir='ltr'>Quod</span> <span class='ocrx_word' id='word_1_934' title='bbox 1493 2927 1513 2958; x_wconf 83' lang='lat' dir='ltr'>ss</span> <span class='ocrx_word' id='word_1_935' title='bbox 1538 2927 1601 2965; x_wconf 82' lang='lat' dir='ltr'>est3</span> <span class='ocrx_word' id='word_1_936' title='bbox 1635 2925 1780 2967; x_wconf 65' lang='lat' dir='ltr'>profeflo</span> <span class='ocrx_word' id='word_1_937' title='bbox 1797 2933 1854 2954; x_wconf 87' lang='lat' dir='ltr'>ve-</span> 
     </span>
     <span class='ocr_line' id='line_1_130' title="bbox 995 2964 1854 3009; baseline -0.002 -13"><span class='ocrx_word' id='word_1_938' title='bbox 995 2976 1092 3004; x_wconf 90' lang='lat' dir='ltr'>reor,</span> <span class='ocrx_word' id='word_1_939' title='bbox 1123 2974 1158 2997; x_wconf 89' lang='lat' dir='ltr'>ut</span> <span class='ocrx_word' id='word_1_940' title='bbox 1180 2967 1259 2998; x_wconf 84' lang='lat' dir='ltr'>serio</span> <span class='ocrx_word' id='word_1_941' title='bbox 1278 2968 1341 2999; x_wconf 90' lang='lat' dir='ltr'>dici</span> <span class='ocrx_word' id='word_1_942' title='bbox 1365 2967 1478 3007; x_wconf 87' lang='lat' dir='ltr'>poffit,</span> <span class='ocrx_word' id='word_1_943' title='bbox 1509 2969 1597 3009; x_wconf 89' lang='lat' dir='ltr'>quod</span> <span class='ocrx_word' id='word_1_944' title='bbox 1620 2965 1782 2998; x_wconf 81' lang='lat' dir='ltr'>Accuriius</span> <span class='ocrx_word' id='word_1_945' title='bbox 1806 2964 1854 2995; x_wconf 87' lang='lat' dir='ltr'>su-</span> 
     </span>
     <span class='ocr_line' id='line_1_131' title="bbox 994 3006 1854 3048; baseline 0.001 -10"><span class='ocrx_word' id='word_1_946' title='bbox 994 3007 1130 3047; x_wconf 79' lang='lat' dir='ltr'>spicatus</span> <span class='ocrx_word' id='word_1_947' title='bbox 1147 3008 1323 3048; x_wconf 89' lang='lat' dir='ltr'>posteriore</span> <span class='ocrx_word' id='word_1_948' title='bbox 1345 3008 1453 3040; x_wconf 79' lang='lat' dir='ltr'>Gloffa</span> <span class='ocrx_word' id='word_1_949' title='bbox 1471 3032 1480 3047; x_wconf 92' lang='lat'>‚</span> <span class='ocrx_word' id='word_1_950' title='bbox 1511 3019 1582 3040; x_wconf 89' lang='lat' dir='ltr'>cum</span> <span class='ocrx_word' id='word_1_951' title='bbox 1601 3009 1640 3039; x_wconf 89' lang='lat' dir='ltr'>de</span> <span class='ocrx_word' id='word_1_952' title='bbox 1659 3006 1854 3037; x_wconf 83' lang='lat' dir='ltr'>venditionis</span> 
     </span>
     <span class='ocr_line' id='line_1_132' title="bbox 995 3047 1854 3090; baseline 0 -11"><span class='ocrx_word' id='word_1_953' title='bbox 995 3047 1162 3080; x_wconf 87' lang='lat' dir='ltr'>substantia</span> <span class='ocrx_word' id='word_1_954' title='bbox 1187 3050 1313 3090; x_wconf 71' lang='lat' dir='ltr'>pactum</span> <span class='ocrx_word' id='word_1_955' title='bbox 1340 3058 1537 3081; x_wconf 85' lang='lat' dir='ltr'>conventum</span> <span class='ocrx_word' id='word_1_956' title='bbox 1562 3049 1629 3084; x_wconf 85' lang='lat' dir='ltr'>est,</span> <span class='ocrx_word' id='word_1_957' title='bbox 1661 3048 1724 3078; x_wconf 81' lang='lat' dir='ltr'>hoc</span> <span class='ocrx_word' id='word_1_958' title='bbox 1749 3047 1854 3083; x_wconf 62' lang='lat' dir='ltr'>actum</span> 
     </span>
     <span class='ocr_line' id='line_1_133' title="bbox 995 3088 1853 3130; baseline -0.001 -10"><span class='ocrx_word' id='word_1_959' title='bbox 995 3090 1121 3129; x_wconf 89' lang='lat' dir='ltr'>videri,</span> <span class='ocrx_word' id='word_1_960' title='bbox 1151 3098 1212 3130; x_wconf 90' lang='lat' dir='ltr'>ut,</span> <span class='ocrx_word' id='word_1_961' title='bbox 1243 3091 1263 3122; x_wconf 86' lang='lat' dir='ltr'>fi</span> <span class='ocrx_word' id='word_1_962' title='bbox 1295 3100 1360 3122; x_wconf 90' lang='lat' dir='ltr'>non</span> <span class='ocrx_word' id='word_1_963' title='bbox 1389 3090 1528 3122; x_wconf 85' lang='lat' dir='ltr'>servetur</span> <span class='ocrx_word' id='word_1_964' title='bbox 1554 3090 1635 3130; x_wconf 64' lang='lat' dir='ltr'>pacti</span> <span class='ocrx_word' id='word_1_965' title='bbox 1668 3088 1769 3125; x_wconf 80' lang='lat' dir='ltr'>fides,</span> <span class='ocrx_word' id='word_1_966' title='bbox 1801 3097 1853 3119; x_wconf 83' lang='lat' dir='ltr'>res</span> 
     </span>
     <span class='ocr_line' id='line_1_134' title="bbox 994 3129 1853 3173; baseline -0.001 -12"><span class='ocrx_word' id='word_1_967' title='bbox 994 3131 1135 3172; x_wconf 88' lang='lat' dir='ltr'>inempta</span> <span class='ocrx_word' id='word_1_968' title='bbox 1150 3132 1204 3164; x_wconf 88' lang='lat' dir='ltr'>fit:</span> <span class='ocrx_word' id='word_1_969' title='bbox 1228 3133 1366 3173; x_wconf 88' lang='lat' dir='ltr'>denique</span> <span class='ocrx_word' id='word_1_970' title='bbox 1387 3132 1425 3162; x_wconf 85' lang='lat' dir='ltr'>ab</span> <span class='ocrx_word' id='word_1_971' title='bbox 1451 3131 1614 3171; x_wconf 87' lang='lat' dir='ltr'>emptione</span> <span class='ocrx_word' id='word_1_972' title='bbox 1631 3139 1666 3160; x_wconf 85' lang='lat' dir='ltr'>ac</span> <span class='ocrx_word' id='word_1_973' title='bbox 1691 3129 1853 3160; x_wconf 86' lang='lat' dir='ltr'>venditio-</span> 
     </span>
     <span class='ocr_line' id='line_1_135' title="bbox 994 3170 1852 3215; baseline -0.003 -12"><span class='ocrx_word' id='word_1_974' title='bbox 994 3180 1035 3203; x_wconf 88' lang='lat' dir='ltr'>ne</span> <span class='ocrx_word' id='word_1_975' title='bbox 1050 3173 1094 3203; x_wconf 92' lang='lat' dir='ltr'>ob</span> <span class='ocrx_word' id='word_1_976' title='bbox 1111 3173 1142 3204; x_wconf 88' lang='lat' dir='ltr'>id</span> <span class='ocrx_word' id='word_1_977' title='bbox 1159 3174 1262 3205; x_wconf 90' lang='lat' dir='ltr'>recedi</span> <span class='ocrx_word' id='word_1_978' title='bbox 1281 3173 1368 3215; x_wconf 81' lang='lat' dir='ltr'>poss&#39;e</span> <span class='ocrx_word' id='word_1_979' title='bbox 1411 3171 1497 3213; x_wconf 87' lang='lat' dir='ltr'>Quid</span> <span class='ocrx_word' id='word_1_980' title='bbox 1517 3181 1593 3212; x_wconf 82' lang='lat' dir='ltr'>ergo</span> <span class='ocrx_word' id='word_1_981' title='bbox 1610 3170 1680 3203; x_wconf 77' lang='lat' dir='ltr'>est?</span> <span class='ocrx_word' id='word_1_982' title='bbox 1701 3170 1740 3209; x_wconf 84' lang='lat' dir='ltr'>fi,</span> <span class='ocrx_word' id='word_1_983' title='bbox 1764 3170 1852 3210; x_wconf 84' lang='lat' dir='ltr'>quod</span> 
     </span>
     <span class='ocr_line' id='line_1_136' title="bbox 994 3211 1853 3254; baseline -0.003 -11"><span class='ocrx_word' id='word_1_984' title='bbox 994 3212 1115 3250; x_wconf 85' lang='lat' dir='ltr'>sentio,</span> <span class='ocrx_word' id='word_1_985' title='bbox 1140 3215 1262 3254; x_wconf 81' lang='lat' dir='ltr'>dicam3</span> <span class='ocrx_word' id='word_1_986' title='bbox 1285 3224 1348 3246; x_wconf 90' lang='lat' dir='ltr'>non</span> <span class='ocrx_word' id='word_1_987' title='bbox 1373 3211 1516 3252; x_wconf 81' lang='lat' dir='ltr'>displicet</span> <span class='ocrx_word' id='word_1_988' title='bbox 1534 3212 1610 3244; x_wconf 88' lang='lat' dir='ltr'>mihi</span> <span class='ocrx_word' id='word_1_989' title='bbox 1633 3212 1720 3253; x_wconf 88' lang='lat' dir='ltr'>prior</span> <span class='ocrx_word' id='word_1_990' title='bbox 1736 3212 1853 3254; x_wconf 63' lang='lat' dir='ltr'>Accur7</span> 
     </span>
     <span class='ocr_line' id='line_1_137' title="bbox 993 3252 1853 3327; baseline -0.005 -41"><span class='ocrx_word' id='word_1_991' title='bbox 993 3253 1026 3286; x_wconf 85' lang='lat' dir='ltr'>sii</span> <span class='ocrx_word' id='word_1_992' title='bbox 1043 3253 1151 3289; x_wconf 80' lang='lat' dir='ltr'>Gioffa</span> <span class='ocrx_word' id='word_1_993' title='bbox 1169 3266 1177 3289; x_wconf 78' lang='lat' dir='ltr'><strong><em>z</em></strong></span> <span class='ocrx_word' id='word_1_994' title='bbox 1206 3264 1288 3297; x_wconf 86' lang='lat' dir='ltr'>puto</span> <span class='ocrx_word' id='word_1_995' title='bbox 1306 3255 1388 3327; x_wconf 58' lang='lat' dir='ltr'>eniff</span> <span class='ocrx_word' id='word_1_996' title='bbox 1405 3276 1415 3291; x_wconf 94' lang='lat'><strong>‚</strong></span> <span class='ocrx_word' id='word_1_997' title='bbox 1444 3253 1573 3288; x_wconf 82' lang='lat' dir='ltr'>Rimulo</span> <span class='ocrx_word' id='word_1_998' title='bbox 1592 3253 1736 3296; x_wconf 82' lang='lat' dir='ltr'>permitti</span> <span class='ocrx_word' id='word_1_999' title='bbox 1759 3252 1853 3284; x_wconf 75' lang='lat' dir='ltr'>fundi</span> 
     </span>
    </p>

    <p class='ocr_par' dir='ltr' id='par_1_17' title="bbox 1405 3300 1851 3327">
     <span class='ocr_line' id='line_1_138' title="bbox 1405 3300 1851 3327; baseline -0.002 -4"><span class='ocrx_word' id='word_1_1000' title='bbox 1405 3304 1422 3327; x_wconf 83' lang='lat'><strong>2</strong></span> <span class='ocrx_word' id='word_1_1001' title='bbox 1803 3300 1851 3323; x_wconf 75' lang='lat' dir='ltr'>re-</span> 
     </span>
    </p>
   </div>
  </div>
 </body>
</html>
