2036 3495
200 95 270 133 374
617 81 650 117 G
683 90 704 114 E
737 91 759 114 iz
793 89 814 114 Λ
846 87 869 112 R
900 88 924 113 n
959 87 972 112 1

210 174 309 215 GaJus
327 174 346 205 l.
363 182 393 212 4.
413 173 454 204 D.
479 172 507 204 b.
526 175 546 202 t.
573 169 685 206 Fiunt,
706 165 872 206 inquiens,
903 163 1079 206 scripturae,

209 224 244 247 ut
261 216 348 256 quod
365 215 467 246 astum
485 211 608 250 est‚per
624 218 677 240 eas
695 207 819 238 facilius
836 206 962 246 probari
980 206 1080 246 posfit.

208 257 304 288 Addit
322 253 510 294 Gajus,fine
527 252 574 283 his
584 250 687 281 valere
699 248 782 288 quod
792 248 892 279 astum
911 247 973 285 est,
990 246 1010 278 fi
1028 246 1078 277 ha-

208 299 284 329 beat
294 296 517 338 probationem
527 303 534 322 :
546 293 574 322 δι
588 291 683 322 utitur
698 289 861 329 exemplo,
872 287 1078 327 ficutnuptiae

209 339 298 375 sunt,
315 339 389 369 licet
406 334 531 365 testatio
546 332 612 364 sine
626 331 745 372 scriptis
768 330 873 361 habita
889 329 944 360 est.
966 327 1075 360 Simili-

211 388 259 410 ter
283 380 313 409 in
339 378 357 406 l.
381 385 410 412 9·
436 375 469 405 C.
494 375 522 405 h.
541 380 562 405 ε.
582 373 721 411 dicitur,
749 371 966 404 Iusti-umentis
982 372 1078 401 etiam

208 428 273 451 non
301 414 607 452 intervenientibus,
632 414 727 445 semel
752 411 864 445 divisio
886 411 972 442 recte
996 410 1078 442 faeta

209 469 273 490 non
292 458 426 489 habetur
442 455 602 488 irriraAEst
616 464 722 486 autem
743 453 774 485 id
786 452 923 485 maxime
944 461 1074 490 verum,

207 500 264 536 nili
284 499 314 531 in
338 495 560 530 contrahendo
585 497 711 538 paetum
735 500 934 526 conventum
956 492 1010 531 fit,
1043 500 1078 525 ut

207 540 360 580 scriptura
383 539 447 571 fiat.
471 548 538 570 tuin
564 537 646 569 enim
672 544 737 568 non
753 536 812 567 erit
828 533 987 576 perfectus
1002 543 1076 566 con-

207 582 342 613 tractus:
367 580 421 613 niss
443 579 495 612 illa
519 577 667 611 omnibus
691 577 793 610 modis
816 575 956 617 perse-fta
981 583 1077 615 atque

208 623 361 655 absoluta.
386 622 509 662 prorsus
520 628 554 652 ut
572 619 768 661 poenitentiae
778 617 903 650 interim
912 617 947 648 fit
965 617 1075 654 locus,

206 672 303 704 atque
327 665 474 703 impune:
497 660 551 694 nifi
575 661 673 693 arrhae
691 658 921 691 intervenerint
935 658 954 689 l.
976 668 1020 697 17.
1041 658 1074 689 C.

204 705 233 736 h.
250 712 271 736 ε.
297 705 461 736 Pertinent
482 703 574 744 igitur
597 702 754 741 scripturae
770 707 891 732 tantum
909 699 947 730 ad
964 699 1078 739 proba·

207 746 328 779 tionem
355 745 398 778 rei
414 745 523 787 gestae:
547 744 585 775 ad
601 744 666 783 ejus
691 741 887 773 substantiam
901 749 965 772 non
984 740 1079 780 perti·

205 796 295 821 nent.
318 787 360 819 Et
385 785 620 826 consequenter
645 785 768 824 optime
793 781 834 814 fic
858 781 1078 813 Diocletianus

209 830 242 861 &
268 827 481 861 Maximianus
504 827 525 857 1.
557 835 603 858 10.
621 826 654 856 C.
672 826 699 856 cl⁴
719 831 740 855 ε.
762 823 843 855 Cum
866 820 1079 854 instrumentis

206 872 304 903 etiam
328 879 393 901 non
421 867 709 908 intervenientibus
737 865 878 896 venditio
905 863 989 894 faeta
1016 870 1081 894 rata

207 918 352 943 maneat:
382 908 618 949 consequenter
642 906 752 939 amiffis
773 906 867 937 etiam
892 913 962 945 quae
988 904 1082 935 inter—

208 951 382 989 cesserant,
405 959 467 982 noti
485 948 553 982 tolli
572 947 771 981 substantiam
795 945 935 978 veritatis
958 945 1085 985 placuit.

208 996 341 1033 utique,
364 992 473 1032 (quod
496 990 657 1031 subjicitur
680 990 700 1021 l.
729 988 795 1029 ιι.)
819 987 839 1020 fi
857 987 924 1019 aliis
949 985 1085 1018 indubiis

204 1034 451 1078 probationibus
468 1032 594 1072 probari
614 1030 718 1072 possit.
894 1036 897 1038 ’
938 1067 943 1073 .

249 1075 350 1118 Quod
380 1076 495 1107 attinet
523 1074 561 1106 ad
584 1072 721 1104 formam
752 1068 945 1102 conficiendi
969 1067 1079 1100 instru-

207 1125 338 1157 menta,
360 1115 400 1148 de
423 1125 460 1147 ea
482 1121 572 1147 extat
592 1112 788 1146 Constitutio
814 1111 893 1152 Imp.
918 1109 1081 1150 Justiniani

208 1159 327 1192 Novell.
350 1167 401 1198 47.
424 1167 451 1189 c.
479 1165 505 1188 1.
526 1156 658 1197 jubens,
690 1163 747 1185 eos
773 1152 965 1194 quicumque
986 1149 1081 1192 gestis

209 1199 410 1238 ministrant,
454 1197 516 1230 five
546 1197 577 1229 in
606 1195 749 1238 judiciis,
791 1194 854 1226 five
885 1193 1080 1233 ubicumque

207 1240 422 1274 conficiuntur
447 1239 514 1271 acia
530 1261 540 1277 ,
578 1238 608 1270 &
647 1236 832 1268 tabelliones
865 1235 937 1275 quia
978 1234 1080 1265 omni-

205 1293 253 1316 no
288 1282 430 1323 qualibet
471 1279 575 1312 forma
618 1278 813 1310 documenta
846 1274 1051 1307 conscribunt
1072 1295 1082 1312 ,

216 1323 249 1357 id
272 1322 468 1360 observare3
506 1330 540 1352 ut
573 1321 708 1362 primum
738 1324 859 1360 ponant
882 1325 999 1348 annum
1029 1316 1084 1348 im·

209 1366 292 1406 perii
331 1363 557 1404 Imperatoris,
598 1369 664 1392 tum
703 1369 817 1391 nomen
851 1357 997 1390 Consulis
1028 1358 1082 1396 qui

210 1409 245 1438 in
269 1416 310 1438 eo
349 1414 434 1436 anno
457 1403 512 1439 fit,
542 1404 617 1434 dein
643 1401 870 1437 indictionem,
895 1400 971 1430 item
996 1408 1083 1430 men·

212 1447 277 1479 sem
296 1447 325 1478 &
355 1447 437 1477 diem
462 1453 527 1483 quo
544 1441 756 1481 conscriptum
777 1441 812 1473 fit
829 1440 1082 1472 instrumentum.

212 1497 250 1519 ac
266 1488 286 1519 fi
304 1486 357 1527 qui
374 1486 431 1517 sint
448 1484 591 1516 Orientis
615 1483 812 1514 habitatores
829 1482 882 1522 qui
898 1480 1083 1513 insti-umen-

213 1530 252 1561 tis
265 1528 321 1560 suis
337 1534 485 1568 praeterea
498 1524 597 1556 velint
613 1523 748 1555 inserere
766 1531 882 1555 annum
891 1531 956 1562 quo
973 1521 1084 1554 condi-

213 1578 246 1602 ta
262 1568 420 1601 fitcivitas
437 1568 467 1598 in
486 1575 547 1610 qua
563 1565 693 1604 vivunt,
707 1565 788 1597 neid
805 1564 933 1605 quidem
952 1563 1021 1604 ipfis
1037 1564 1082 1595 in-

213 1610 311 1643 videt.
330 1608 382 1641 De
399 1610 607 1644 invocatione
623 1605 757 1638 nominis
783 1604 892 1637 Divini
911 1603 1083 1644 quaeritur,

213 1662 253 1684 an
277 1651 328 1682 vel
353 1660 428 1686 eam,
448 1649 597 1690 praemitti
624 1648 802 1688 Imperator
825 1645 928 1677 velit?
959 1646 1084 1688 putavit

212 1694 297 1725 inter
319 1692 398 1723 alios
424 1691 604 1723 Bernartius
628 1689 817 1721 VValtherus
845 1684 886 1719 V.
910 1687 969 1718 CL.
991 1688 1039 1718 lib.
1056 1697 1083 1718 2.

213 1733 373 1773 Miscellan
388 1742 414 1764 c.
436 1742 462 1764 1.
481 1730 614 1764 voluisse
629 1730 794 1772 praemitti3
807 1729 836 1761 ἀ
848 1752 857 1767 ,
872 1728 894 1760 ss
910 1728 1015 1760 om'tffa
1031 1728 1087 1767 fit,

212 1784 275 1818 pro
292 1774 380 1806 nullo
399 1773 507 1805 haberi
524 1771 777 1804 instrumentum.
794 1769 857 1802 Sed
875 1768 970 1802 ausim
988 1776 1086 1801 certa-

210 1827 249 1850 re
267 1816 319 1848 vel
340 1815 484 1856 deposito
506 1815 662 1855 pignore,
686 1813 770 1854 quod
794 1810 979 1843 waltherus
998 1818 1087 1852 puta·

211 1858 282 1897 vit,
307 1865 479 1897 numquam
504 1854 657 1897 cogitaffe
680 1850 897 1895 justinianum.
920 1852 1011 1883 Scio:
1035 1851 1087 1883 ille

215 1900 379 1943 provocat
395 1898 433 1930 ad
449 1895 610 1937 sequentia
627 1893 831 1936 Imperatoris
847 1893 962 1925 verba:
987 1893 1027 1925 Et
1041 1894 1086 1924 in·

216 1941 337 1973 cboetur
352 1949 436 1979 mox,
460 1938 592 1970 aussore
607 1934 731 1976 Deo,a
743 1936 919 1978 proecedenze
933 1936 1028 1974 prima
1042 1935 1085 1965 in-

215 1981 348 2014 dictione.
374 1979 514 2012 Frustra:
538 1988 601 2011 non
627 1978 712 2020 ,enim
729 1976 896 2010 referenda
923 1976 992 2008 sunt
1017 1975 1086 2007 haec

216 2023 318 2055 verba
342 2022 380 2053 ad
406 2021 578 2053 formulam
594 2018 809 2059 instrumenti:
833 2017 884 2049 sed
902 2017 938 2048 ad
955 2017 984 2049 id
1002 2014 1090 2057 quod

217 2074 236 2097 a
254 2063 427 2105 justiniano
444 2062 489 2094 est
507 2064 546 2094 de
563 2071 599 2094 ea
611 2060 836 2098 constitutum,
853 2059 916 2091 huc
933 2057 1091 2100 spectant,

218 2115 257 2138 ac
272 2105 312 2137 de
329 2114 370 2136 eo
387 2104 567 2144 loquuntur.
591 2103 692 2135 sensus
709 2101 761 2133 hic
777 2101 839 2133 est:
865 2100 907 2132 Et
922 2099 1094 2131 inchoetur

217 2157 295 2181 mox
310 2146 380 2178 haec
396 2144 612 2183 Constituti0‚
629 2143 692 2175 five
709 2143 796 2183 quod
812 2142 866 2173 hic
883 2141 1092 2173 constitutum

222 2189 286 2228 est,
311 2198 327 2218 a
343 2186 543 2229 praecedente
559 2185 658 2226 prima
675 2184 859 2216 indictione.
883 2192 948 2222 quo
966 2182 1092 2214 modo?

222 2230 282 2267 ait,
306 2229 354 2261 Ιια
369 2228 572 2270 quodammodo
597 2228 636 2257 eis
657 2226 863 2263 scribentibus.-
886 2223 916 2255 id
941 2223 986 2255 est
1000 2247 1009 2262 ‚
1033 2223 1094 2254 hac

223 2270 382 2308 formula,
406 2277 476 2309 quae
507 2267 665 2307 sequitur:
691 2267 806 2306 Imperii
827 2263 1015 2306 Jufliniani,
1044 2264 1093 2306 slt-

226 2314 299 2343 crati
323 2313 373 2342 imi
389 2307 518 2351 Augusti
536 2309 572 2344 ὅ)
593 2307 775 2349 imperatoris
796 2316 874 2338 anno
892 2315 936 2338 11.
951 2304 1013 2346 poll
1029 2315 1094 2337 con·

217 2354 350 2393 sulatum
367 2352 465 2384 Flavii
487 2350 622 2390 Belisarz'i
643 2347 798 2390 Clariffimi
815 2347 887 2380 Viri
910 2357 986 2379 anno
1005 2357 1033 2379 2.
1051 2348 1095 2378 die

225 2401 322 2425 autem
337 2400 394 2431 tot,
418 2392 455 2428 ὅ)
483 2397 533 2422 tot.
555 2392 606 2423 ccii.
631 2390 692 2422 Sed
719 2400 736 2421 a
762 2396 870 2430 paret,
894 2387 925 2420 in
949 2388 1008 2419 hac
1031 2387 1097 2419 for-

225 2435 310 2467 mula
334 2444 426 2476 quam
448 2432 603 2464 observari
626 2433 717 2473 jubet
736 2399 931 2472 Fmperator,
954 2439 1018 2460 non
1037 2438 1096 2469 po-

224 2474 282 2508 fita
299 2475 504 2507 invocatione
529 2472 641 2505 Divini
654 2473 813 2510 nominis,
836 2480 904 2504 eam
922 2481 938 2502 a
954 2470 1096 2510 justinia-

229 2525 276 2549 no
294 2515 504 2548 insti-umentis
520 2515 637 2547 nullam
657 2513 843 2553 defiderari,
873 2521 934 2545 nec
958 2511 1021 2544 effe
1045 2521 1098 2544 ne·

230 2557 401 2590 cessariam.

267 2597 364 2630 Nunc
389 2598 427 2628 de
449 2597 510 2630 fide
539 2597 821 2629 instrumentorum
845 2595 1026 2636 disputabo.
1058 2603 1094 2625 ea

227 2649 294 2672 non
311 2638 354 2669 est
370 2646 424 2677 par
439 2640 589 2671 omnium.
614 2648 685 2670 nam
706 2637 848 2677 quaedam
864 2637 931 2668 sunt
947 2634 1092 2677 publica,

228 2679 372 2721 quaedam
390 2678 517 2718 privata.
533 2680 661 2720 publica
676 2684 755 2710 vero
778 2678 829 2709 vel
847 2678 975 2719 publice
991 2675 1093 2714 facta,

228 2724 319 2765 (quae
337 2728 411 2754 vere
425 2719 568 2761 publica:
592 2729 626 2754 ut
648 2720 719 2753 libri
734 2719 864 2759 census,
887 2725 1093 2752 monumenta

900 2801 1092 2839 Τιτυ

1030 74 1294 111 Noonr

1350 80 1377 114 C
1408 93 1429 115 o
1462 91 1488 115 M
1524 90 1560 113 ii.

1123 164 1249 204 publica
1276 166 1295 198 l.
1321 177 1365 200 ιο.
1391 167 1434 200 D.
1457 170 1489 200 de
1499 169 1632 210 probat.)
1651 171 1703 203 vel
1722 170 1850 212 publice
1867 171 1982 203 confirm

1122 213 1223 244 mat-a,
1247 216 1317 254 quaa
1335 209 1417 249 quasi
1444 210 1569 250 publica
1586 212 1800 252 appellantur;
1827 212 1856 242 ὅ(
1871 211 1915 243 est
1930 221 1985 243 ex-

1121 247 1260 286 emplum
1287 258 1317 281 in
1341 251 1359 282 i.
1387 260 1431 282 ii.
1455 252 1486 282 C.
1511 251 1575 294 Qui
1594 254 1695 292 potior.
1719 255 1750 284 in
1768 255 1852 294 pigri.
1867 253 1944 284 item
1960 251 1983 284 si

1119 287 1207 334 quod
1222 288 1339 335 saelum
1355 291 1390 323 fit
1403 301 1420 323 a
1443 291 1642 325 Tabellione.
1666 295 1783 335 privata
1798 293 1984 326 iiii'trumen*

1122 336 1252 375 tainter
1267 331 1323 376 alia
1338 332 1406 364 sunt
1424 333 1653 375 chirographa,
1676 335 1833 374 epistolae,
1858 342 1983 366 annota<³

1122 378 1226 418 tiones
1247 380 1375 410 privatae
1400 374 1430 405 ἁ
1456 375 1648 407 domesticae.
1678 375 1816 408 Effeclus
1838 376 1985 417 publico*

1121 420 1189 442 rum
1208 412 1504 461 instrumentorum,
1527 417 1652 456 plenam
1669 416 1775 448 facere
1792 416 1886 448 fidem
1896 417 1915 448 1.
1935 425 1984 457 15.
2034 443 2036 447 .

1121 452 1157 486 ὅ)
1175 461 1221 483 11.
1241 453 1274 483 C.
1292 455 1321 485 h.
1337 460 1462 488 aetiam
1478 458 1628 498 majorem
1639 467 1732 498 quam
1742 458 1835 490 testes
1850 461 1877 489 d.
1896 459 1914 489 l.
1934 467 1984 491 10.
2034 454 2036 471 ³

1119 493 1163 524 D.
1180 494 1213 525 de
1228 495 1343 534 probat.
1360 495 1394 527 In
1409 498 1538 537 privatis
1554 498 1618 530 duo
1629 507 1828 539 quaeruntur:
1845 500 1983 539 primum

1119 533 1182 573 est,
1208 544 1245 565 an
1271 535 1386 567 debeat
1411 538 1559 570 scribenti
1584 539 1659 572 fides
1682 540 1788 572 haberi
1804 548 1916 572 contra
1931 541 1980 572 se:

1118 576 1251 607 alterum
1269 575 1331 613 est,
1354 585 1391 607 an
1409 579 1437 609 ei
1460 578 1575 610 debeat
1593 582 1677 612 credi
1699 581 1844 613 scribenti
1862 590 1919 621 pro
1940 581 1984 614 se.

1117 618 1206 656 quod
1223 616 1260 648 ad
1279 616 1413 663 primum
1427 620 1698 658 attinet3interest
1712 645 1720 660 ‚
1733 631 1835 654 utrum
1853 623 1984 664 scriptu-

1118 667 1160 690 rae
1176 657 1337 704 adfuerint
1354 657 1468 702 testes,
1491 668 1529 690 an
1553 669 1626 692 non.
1650 663 1754 702 priore.
1772 664 1841 695 casu
1858 673 1920 696 non
1936 663 1983 697 est

1123 699 1271 738 dubium,
1295 700 1370 738 quin
1394 699 1538 730 scribenti
1566 701 1706 734 habenda
1728 703 1763 735 fit
1785 705 1928 736 adversus
1951 705 1983 737 se

1124 739 1200 771 fides
1211 763 1230 788 ’,
1243 739 1374 772 testibus
1391 739 1571 780 scripturam
1588 743 1817 782 adiuvantibus:
1833 745 1988 786 posterio-

1124 791 1158 812 re
1176 784 1242 811 calu
1257 789 1373 825 *contra
1395 780 1459 819 est,
1488 781 1509 813 fi
1525 781 1652 821 quidem
1677 783 1839 816 indiscreta
1861 786 1897 818 fit
1920 787 1992 819 scri-

1122 829 1231 863 ptura:
1256 823 1286 853 id
1303 822 1367 860 est,
1394 823 1415 854 fi
1441 831 1502 854 non
1520 823 1684 854 contineat
1704 825 1837 857 debendi
1852 828 1985 860 causam.

1125 871 1157 897 at
1173 863 1193 895 fi
1210 862 1344 908 discrete
1368 864 1535 903 loquatur,
1559 863 1589 894 id
1613 863 1677 902 est,
1700 864 1722 895 fi
1745 866 1774 896 in
1792 875 1830 897 ea
1850 869 1989 909 expreffa

1128 904 1165 936 sit
1182 905 1320 950 debendi
1335 904 1440 943 causa;
1464 914 1525 936 non
1555 905 1616 943 est,
1640 914 1696 936 cui·
1713 904 1741 936 ei
1756 907 1841 937 credi
1857 917 1920 940 non
1934 910 1988 941 de-

1129 946 1219 977 beat:
1244 945 1298 977 nisi
1321 947 1515 978 contrarium
1543 946 1775 978 evidentissime
1798 948 1947 986 probetur
1963 951 1984 982 l.

1128 997 1176 1027 25.
1197 986 1226 1028 §.
1251 987 1306 1018 ult.
1333 988 1377 1017 D.
1406 988 1439 1017 de
1456 989 1570 1027 probat.
1594 986 1684 1018 Hoc:
1707 986 1727 1018 fi
1744 989 1768 1018 is
1785 986 1836 1027 qui
1857 987 1990 1035 scripsit,

1128 1028 1211 1059 suam
1227 1027 1401 1069 adgnoscat
1418 1037 1564 1067 manum3
1582 1027 1762 1068 confessus,
1785 1028 1815 1059 se
1833 1028 1989 1068 scripnffe.

1123 1070 1210 1114 quod
1226 1069 1245 1101 fi
1261 1069 1417 1101 inficietur
1428 1092 1438 1108 ,
1465 1068 1541 1101 solet
1557 1070 1715 1101 literarum
1733 1071 1928 1110 comparatio
1943 1071 1991 1102 in-

1122 1110 1205 1142 stitui
1223 1120 1263 1142 ex
1280 1110 1428 1142 similibus
1445 1111 1509 1150 ejus
1526 1110 1667 1151 scriptis,
1691 1110 1845 1152 publicis,
1863 1111 1913 1142 vel
1930 1111 1991 1152 pri-

1122 1153 1223 1196 yatis‚
1249 1152 1317 1191 iure
1343 1152 1405 1191 jam
1435 1159 1508 1183 ante
1530 1152 1735 1192 justinianum
1769 1159 1911 1193 recepto.
1941 1152 1992 1184 sed

1123 1194 1203 1224 isid
1235 1193 1380 1225 coercuit
1414 1192 1435 1224 l.
1468 1202 1516 1225 20.
1552 1193 1590 1228 δ’
1621 1193 1716 1225 Auzh.
1740 1193 1820 1235 seqq.
1853 1193 1885 1224 C.
1915 1193 1944 1225 b.
1967 1199 1990 1225 t.

1125 1242 1263 1280 vetans,
1301 1235 1458 1270 literarum
1495 1235 1766 1274 comparationem
1802 1234 1869 1265 fieri
1892 1244 1902 1274 3
1938 1233 1994 1267 nisi

1126 1285 1167 1321 eit
1191 1274 1360 1314 scriptura,
1385 1276 1523 1307 habente
1546 1274 1806 1316 subscriptionem
1831 1276 1924 1309 trium
1948 1283 1997 1307 te-

1124 1315 1227 1348 stium.
1250 1317 1396 1348 Secunda
1414 1316 1545 1357 quaestio
1563 1316 1626 1356 est,
1651 1326 1690 1348 an
1712 1316 1858 1348 scribenti
1877 1316 1996 1349 haben-

1125 1358 1163 1390 da
1189 1357 1230 1404 sit·
1249 1357 1326 1389 fides
1352 1366 1410 1397 pro
1442 1357 1498 1390 se?
1532 1357 1596 1389 Sed
1628 1367 1693 1389 non
1719 1358 1847 1398 placet:
1881 1358 1911 1389 ὅ(
1935 1359 1999 1390 cla·

1125 1408 1156 1431 ra
1174 1406 1313 1436 ratione,
1337 1398 1425 1437 quod
1448 1399 1493 1430 est
1515 1400 1667 1440 exemplo
1691 1398 1922 1439 perniciosum,
1945 1399 1999 1431 ali·

1127 1448 1222 1479 quem
1240 1439 1289 1471 sua
1310 1439 1431 1479 privata
1448 1439 1596 1482 scriptura
1611 1447 1664 1472 aut
1678 1440 1885 1472 annotatione
1901 1440 1997 1473 alium

1126 1481 1235 1526 fac-ere
1257 1481 1457 1517 debitorem:
1487 1490 1561 1512 curn
1585 1481 1695 1522 point,
1726 1481 1879 1521 quidquid
1909 1482 1998 1521 vult,

1126 1522 1282 1561 sci-ibere3
1298 1531 1358 1566 nec
1374 1522 1454 1553 alter
1470 1529 1586 1553 contra
1599 1522 1689 1564 poffit
1702 1521 1732 1553 id
1749 1522 1810 1553 ulla
1826 1523 1999 1563 providen-

1127 1564 1170 1595 tia
1198 1571 1393 1604 praevenire,
1425 1570 1479 1594 aut
1514 1562 1679 1604 impedire.
1719 1571 1780 1594 nec
1812 1563 1864 1595 hic
1895 1562 1999 1595 distin-

1127 1604 1305 1646 guendum,
1318 1612 1424 1636 utrum
1437 1605 1462 1635 is
1480 1604 1533 1645 qui
1545 1604 1674 1646 scripsit,
1694 1603 1730 1636 fit
1747 1603 1836 1643 vilis,
1852 1613 1890 1636 an
1906 1605 1939 1636 in
1955 1604 2002 1636 di-

1128 1647 1251 1687 gnitate
1278 1645 1413 1686 pofitus,
1445 1645 1614 1683 honestus,
1645 1654 1684 1677 an
1709 1646 1893 1687 improbus:
1924 1655 1999 1678 cum

1127 1687 1316 1729 plerumque
1332 1686 1477 1719 homines
1493 1687 1668 1727 nequiffimi
1685 1685 1715 1718 se
1731 1685 1836 1718 ferant
1850 1696 1909 1728 pro
1923 1687 1999 1720 viris

1130 1729 1223 1760 bonis
1240 1728 1271 1760 ὅ(
1288 1727 1451 1768 honestis,
1475 1736 1541 1768 quo
1556 1727 1680 1760 facilius
1705 1728 1865 1770 decipiant
1882 1729 2001 1770 impru-

1129 1770 1252 1802 dentes.
1275 1770 1358 1814 adeo
1377 1778 1443 1801 non
1459 1769 1499 1801 de
1516 1769 1660 1802 moribus
1678 1773 1867 1810 quaerimus,
1889 1770 1940 1802 sed
1956 1769 1998 1802 de

1128 1811 1208 1851 jure.
1231 1811 1302 1851 plus
1330 1811 1452 1850 dicam,
1477 1819 1538 1842 nec
1562 1809 1635 1842 fisco
1651 1811 1740 1842 credi
1765 1810 1824 1842 hac
1840 1812 1871 1843 in
1889 1819 1998 1852 parte,

1131 1861 1191 1898 nec
1217 1851 1372 1897 defuneto
1393 1852 1424 1884 in
1442 1851 1552 1884 ultima
1577 1852 1746 1884 voluntate
1770 1860 1889 1885 certam
1907 1861 2001 1893 pecu·

1132 1903 1192 1925 niae
1210 1901 1422 1934 quantitatem
1450 1901 1502 1925 aut
1524 1902 1574 1925 res
1597 1900 1700 1925 certas
1717 1892 1772 1925 sibi
1787 1894 1895 1926 deberi
1910 1893 2008 1935 figni-

1131 1934 1238 1982 fican-ti
1255 1935 1274 1966 l.
1292 1944 1323 1976 5.
1336 1937 1366 1981 55.
1385 1944 1414 1976 7.
1433 1934 1466 1980 (³-
1484 1935 1516 1965 de
1525 1936 1637 1975 probat.
1660 1934 1815 1974 maxime,
1832 1936 1851 1967 ii
1871 1934 2002 1968 testator

1129 1985 1192 2008 non
1207 1984 1373 2016 juraverit:
1403 1976 1543 2016 alioquin
1570 1976 1693 2008 necesse
1724 1976 1844 2007 habent
1869 1976 2002 2009 heredes

1135 2017 1279 2058 religioni
1303 2016 1381 2048 stare
1395 2041 1405 2057 ,
1428 2025 1480 2048 aut
1502 2017 1617 2048 relictis
1642 2026 1706 2049 non
1722 2016 1879 2048 fruentur.
1902 2016 2003 2049 credi-

1137 2060 1262 2091 toribus
1278 2065 1384 2090 tamen
1403 2068 1442 2090 ex
1460 2058 1525 2089 hoc
1542 2057 1618 2090 nihil
1631 2058 1800 2100 praejudicii
1812 2059 1883 2090 erit.
1907 2058 2003 2090 Auth.

1141 2099 1229 2142 Quod
1244 2100 1350 2131 attinet
1364 2101 1392 2130 d.
1411 2106 1432 2131 t.
1452 2099 1532 2131 Sunt
1557 2099 1626 2130 haec
1641 2100 1719 2131 certi
1732 2099 1807 2139 juris
1818 2123 1827 2138 ‚
1851 2099 2004 2139 producta

1140 2142 1204 2172 iola
1221 2142 1429 2172 annotatione
1444 2141 1566 2182 privata
1584 2141 1635 2171 seu
1651 2140 1841 2178 domestica,
1858 2140 1921 2172 fine
1934 2141 2003 2172 aliis

1134 2182 1347 2254 adminiicullis:
1370 2191 1442 2214 nam
1460 2181 1479 2213 fi
1498 2181 1546 2214 his
1560 2182 1746 2224 adjuvatur,
1769 2190 1882 2214 contra
1897 2180 2003 2213 obser-

1137 2231 1228 2256 vatur
1263 2248 1270 2254 .
1299 2247 1306 2253 .
1322 2234 1352 2263 5.

1178 2263 1255 2296 Non
1275 2264 1376 2296 minus
1400 2264 1485 2296 ret‘Jte
1508 2264 1601 2296 tradit
1625 2264 1738 2296 Paulus
1765 2264 1785 2295 l.
1811 2274 1838 2296 2.
1863 2264 1908 2294 D.
1934 2263 1960 2294 h.
1979 2267 2002 2293 t,

1139 2307 1334 2346 quicumque
1358 2315 1385 2336 a.
1402 2305 1476 2337 fisco
1503 2307 1713 2344 convenitur,
1738 2315 1808 2336 eum
1825 2314 1887 2335 non
1902 2313 1940 2334 ex
1957 2303 2002 2334 in-

1139 2349 1210 2379 dice
1235 2347 1264 2378 &
1288 2347 1438 2388 exemplo
1461 2346 1592 2387 alicujus
1616 2347 1793 2387 scripturae,
1817 2344 1867 2375 sed
1894 2353 1934 2374 ex
1951 2353 2000 2374 au·

1142 2389 1291 2419 thentico
1310 2388 1418 2429 [quod
1436 2388 1597 2429 exemplar
1611 2397 1648 2429 ap
1673 2383 2003 2425 ellatuchonvenien-

1141 2430 1216 2462 dum
1232 2429 1304 2461 esse.
1328 2430 1372 2460 ita
1397 2428 1417 2460 fi
1436 2429 1616 2460 contractus
1664 2429 1719 2459 des
1744 2425 1846 2466 potest
1863 2425 2002 2457 ostendit

1142 2479 1295 2502 caeterum
1312 2469 1535 2502 calumniosam
1553 2469 1735 2510 scripturam
1760 2467 1823 2498 vim
1841 2466 1871 2498 in
1885 2467 2005 2507 judicio

1142 2511 1312 2551 obtinere,
1333 2521 1397 2542 non
1418 2511 1582 2542 convenit.
1995 2540 1998 2543 ,

1181 2552 1263 2592 Illud
1282 2561 1412 2593 quoque
1427 2550 1624 2582 retinendum
1650 2549 1835 2590 diligenter,
1858 2547 1944 2588 quod
1961 2546 2006 2579 est

1139 2604 1156 2625 a
1179 2593 1352 2631 justiniano
1376 2591 1524 2633 scripturn
1549 2591 1667 2623 Novell.
1697 2599 1761 2626 119-
1788 2599 1812 2620 c.
1837 2598 1865 2630 3.
1884 2588 1904 2620 fi
1921 2587 2004 2628 quod

1140 2634 1383 2666 instrumentum
1402 2631 1432 2663 se
1455 2631 1573 2663 referat
1588 2633 1625 2663 ad
1649 2632 1752 2671 aliud,
1775 2629 1927 2663 referenti
1943 2639 2003 2662 non

1144 2676 1252 2715 credi,
1280 2674 1334 2707 nifi
1351 2673 1475 2707 constet
1500 2673 1540 2705 de
1553 2673 1664 2705 relato,

1123 2811 1247 2837 Lus
1297 2791 1345 2835 V.

1016 2877 1074 2913 De·
1084 2876 1222 2926 testibus.

305 2970 425 3012 xpossta
458 2967 520 3000 fide
551 2965 828 3012 instrumentorum
846 2990 857 3007 ,
888 2966 918 2998 id
941 2965 1013 3007 est,
1042 2975 1103 2999 una

326 3020 414 3054 parte
438 3010 634 3050 probationis
656 3006 876 3047 inartificialis3
907 3008 1047 3049 sequitur
1060 3009 1102 3040 al·

236 3060 303 3087 tera
320 3057 360 3086 de
383 3051 524 3084 testibus.
559 3048 612 3080 Est
636 3057 734 3084 vem,
767 3055 800 3077 ut
821 3049 971 3081 Arcadius
993 3049 1104 3081 Chari-

234 3095 294 3128 fius
309 3096 326 3126 l.
351 3104 375 3126 1.
390 3095 418 3125 h.
440 3098 461 3123 t.
488 3091 649 3132 loquitur,
672 3087 925 3132 testimoniorum
952 3091 1021 3122 usus
1040 3089 1102 3122 fre-

235 3145 335 3177 quens
358 3144 394 3165 nc
417 3128 614 3166 necessarius.
645 3130 796 3172 Arcadius
820 3127 996 3172 testimonia
1021 3131 1103 3163 dixit

236 3187 292 3220 pro
315 3175 460 3208 testibus:
483 3183 549 3215 quo
572 3173 673 3208 modo
693 3167 861 3207 ministeria
884 3178 943 3212 pro
957 3171 1105 3208 ministris

1146 2966 1292 2998 dicuntur
1319 2964 1339 2997 l.
1361 2973 1390 3002 9.
1415 2964 1457 2997 D.
1479 2965 1512 2996 de
1528 2964 1716 3007 pignoribus,
1748 2963 1778 2995 δι
1803 2961 1926 2994 servitia
1951 2969 2009 3000 pro

1145 3006 1261 3046 servis,
1284 3006 1366 3047 apud
1380 3004 1531 3038 Tacitum
1546 3006 1594 3037 lib.
1604 3015 1634 3044 4.
1649 3003 1761 3046 Hister.
1779 3014 1803 3036 c.
1825 3013 1837 3035 1
1867 3001 1904 3036 ἃ
1917 3012 1939 3031 ε.
1958 3011 2007 3041 23.

1147 3049 1223 3080 item
1250 3046 1397 3079 amicitiae
1418 3047 1447 3079 ὅ(
1471 3046 1698 3079 familiaritates
1720 3055 1777 3084 pro
1794 3046 1900 3075 amicis
1917 3043 1944 3073 ἂ
1963 3038 2010 3073 fa-

1147 3088 1321 3121 miliaribus
1347 3091 1430 3128 apud
1452 3088 1661 3127 Suetonium,
1693 3086 1801 3118 Tiberio
1824 3094 1848 3115 c.
1875 3091 1921 3119 fr
1957 3082 2012 3114 Esl:

1145 3130 1211 3162 hoc
1251 3130 1480 3162 observandum
1501 3139 1508 3161 :
1551 3130 1623 3170 quia
1661 3126 1832 3160 testimonia
1865 3124 1932 3155 sunt
1969 3132 2013 3156 te-

1144 3171 1237 3210 stium
1272 3170 1508 3214 depositiones:
1537 3169 1628 3204 testes
1657 3169 1728 3203 sunt
1768 3165 1909 3208 personae
1925 3188 1936 3205 ,
1966 3163 2011 3236 ἐξ
