2036 3495
364 69 431 105 An
464 68 555 103 Lu.
583 61 676 100 XIII.
712 61 812 96 Τιτ.
840 58 905 96 IV.
940 59 991 95 De
1010 70 1040 94 eo
1056 58 1135 105 quod
1149 65 1228 95 certo
1243 59 1303 94 loco
1319 58 1389 94 dari
1402 67 1522 107 oportet.

46 167 101 205 lis;
128 172 200 196 cum
217 161 282 194 hoc
299 159 363 192 fide
383 158 433 189 sua
450 155 511 189 effe
525 154 650 196 juberet
670 149 840 196 fidejussor.
865 148 918 196 sed

44 209 77 240 in
95 207 123 238 d.
145 206 164 236 l.
183 214 234 245 54.
259 212 323 234 non
343 200 387 232 est
404 199 427 231 is
442 197 535 230 casus.
558 203 668 226 contra
682 200 876 238 proponitur
893 200 916 221 i-

45 250 77 281 bi
94 248 205 286 aliquis
223 241 394 283 fidejusfisse
412 241 442 272 in
459 246 588 270 omnem
611 234 732 280 caulam
745 242 837 278 :quo
867 241 915 277 ca-

45 290 80 321 su
99 287 229 320 rationis
254 284 315 323 est,
339 291 411 314 eum
436 278 603 321 agnoscere
628 284 734 307 omnia
758 275 801 319 illi
817 274 914 320 causae

46 328 295 369 consequentia:
325 331 482 364 tamquam
516 319 537 351 fi
561 318 604 350 ita
638 315 850 357 fidejuffisset,
885 324 915 345 in

46 379 198 412 quantum
223 367 309 399 illum
337 361 542 396 condemnari
566 366 717 400 oportet,
742 365 865 388 tantum
884 356 916 387 fi-

47 417 87 444 de
109 420 178 442 mea
195 408 256 440 esse
271 408 377 448 jubeo.
493 442 498 448 ι
563 441 568 447 ι
757 439 763 444 .
893 438 898 443 .

85 451 153 485 Nifi
177 450 308 482 moletia
333 447 392 478 erit
413 446 538 484 longior
561 446 807 480 interpretatio,
833 437 914 484 Afri-

47 503 129 526 cano
147 494 176 523 in
195 493 222 522 d.
241 491 259 521 l.
274 494 302 524 8.
326 487 482 527 subjiciam
511 482 706 515 intellectum
726 481 811 527 Pauli
826 489 870 526 .¹s.¹
895 479 913 510 l.

46 536 98 567 ult.
118 535 146 565 b.
163 540 184 564 t.
207 531 258 563 sed
274 539 336 561 non
354 528 397 560 est
416 527 559 567 longior,
585 524 752 564 profutura
772 529 901 552 Vicinita

47 585 80 608 te
97 574 242 607 materiae.
272 570 396 602 Thema
415 568 485 600 talc.
525 566 644 605 Aliquis
666 564 827 603 stipulatus
850 561 913 599 est,

47 625 176 649 centum
203 613 255 646 fibi
278 613 340 643 dari
360 610 486 649 Capuae.
512 617 601 639 mora
623 615 712 637 areo
730 604 836 648 fac‘ta':
859 612 913 633 vo-

46 658 133 691 ]ebat
156 654 316 694 stipulator
331 661 402 683 eum
419 650 594 681 convenire
614 648 739 679 actione
754 646 913 692 aroitraria

46 700 88 731 de
105 708 145 730 eo
170 695 256 736 quod
281 701 371 725 cei-to
398 693 483 724 loco.
510 700 580 722 reus
597 712 606 728 ‚
637 691 717 733 dato·
737 685 913 730 fidejussore

47 741 112 780 ejus
138 735 266 768 actionis
287 735 438 772 nomine,
461 743 476 763 a
501 732 685 771 stipulatore
711 733 912 776 impetravit,

46 789 83 813 ut
100 780 185 811 litem
208 787 266 818 pro
283 785 430 816 tempore
448 775 624 806 omitteret.
647 778 816 817 quaeritur,
840 777 911 813 qua-

46 830 137 854 tenus
154 827 298 850 teneatur
325 816 502 856 fidejuss'or,
526 822 677 854 acceptus
695 821 758 851 ejus
783 810 915 840 actionis

45 864 186 895 nomine.
211 860 278 890 haec
301 858 345 890 cst
373 858 508 889 formula
526 854 829 898 fidejuffionisgqua
854 850 916 881 fine

46 904 148 936 dubio
166 899 325 941 promisit,
349 901 377 931 ie
401 899 574 931 soluturum
597 897 627 927 id
645 895 730 935 quod
753 903 784 924 iii
802 901 870 923 eam
886 901 916 921 a·

46 945 185 977 ctionem
204 943 310 980 venit,
334 941 395 972 five
420 940 507 980 quod
524 948 563 969 ex
579 946 613 969 ea
632 937 774 968 debetur.
799 933 915 980 Quam-

47 995 141 1027 quam
159 993 218 1015 nec
235 983 298 1014 hoc
318 982 363 1014 est
380 981 443 1013 fine
466 981 681 1020 ambiguitate.
706 985 776 1008 nam
802 977 820 1006 [1
846 983 912 1013 age-

48 1035 99 1059 tur
118 1024 263 1057 adversus
292 1032 379 1055 reum
398 1021 624 1063 principalem3
648 1016 914 1063 condemnabitur

47 1078 114 1100 non
138 1067 237 1099 modo
261 1066 300 1097 ad
326 1065 473 1096 suminam
505 1065 533 1094 in
562 1061 792 1102 stipulationem
817 1059 913 1104 dedu·

50 1110 150 1141 Ctam:
175 1107 225 1138 sed
247 1115 400 1148 praeteica
419 1106 455 1136 ad
472 1113 568 1135 omne
584 1103 614 1134 id
632 1102 718 1142 quod
737 1100 849 1145 actoris
868 1107 912 1143 in-

50 1149 164 1185 terest,
188 1147 242 1189 ipsi
261 1147 379 1187 Capuae
404 1146 538 1177 solutum
563 1143 635 1175 ess‘e.
659 1142 749 1182 posfit
765 1149 861 1187 'igit—ur
883 1148 913 1170 in

48 1191 282 1232 praesentiarum
299 1187 456 1229 fidejussor
473 1194 621 1225 acceptus
635 1184 699 1224 ejus
714 1183 844 1228 actionis
863 1190 917 1211 no-

49 1233 162 1270 mine,
193 1232 308 1262 eodem
335 1230 433 1261 modo
460 1228 617 1268 obligatus
643 1227 762 1262 videri:
798 1224 828 1253 id
853 1221 917 1259 est,

49 1283 116 1305 non
133 1272 231 1304 modo
247 1273 285 1302 ad
305 1270 452 1302 summam
469 1276 616 1305 centum,
641 1266 692 1297 sed
711 1271 861 1309 praetcrea
880 1264 918 1294 ad

50 1323 148 1346 omne
174 1313 260 1352 quod
285 1312 398 1343 actoris
430 1309 567 1341 interest.
590 1316 679 1339 tenes
703 1305 918 1351 quaestionetn.

50 1356 125 1395 quid
148 1353 283 1386 Paulus?
306 1354 368 1391 ait,
393 1352 426 1383 Si
436 1349 498 1392 poli
523 1346 772 1388 mortimfafiam‚
796 1356 849 1387 quo
865 1356 914 1376 mi·

50 1406 105 1428 πω
122 1396 228 1435 Capuae
246 1394 419 1433 solveretur,
443 1402 508 1423 cum
534 1391 690 1422 arbitraria
714 1389 798 1419 vellet
818 1396 917 1427 agere,

46 1436 192 1478 fidejuffor
214 1441 343 1475 acceptus
362 1433 401 1473 fit
426 1433 556 1464 aetionis
581 1432 727 1462 nomine:
749 1431 917 1466 videmnus,

51 1488 86 1510 ne
108 1488 140 1509 ea
158 1478 280 1518 pecunia
302 1486 362 1517 qziae
389 1475 578 1515 exsentemia
593 1472 711 1513 Juciicit
728 1472 855 1502 accedere
869 1477 918 1510 po-

52 1517 121 1559 test,
147 1528 203 1549 non
230 1519 380 1555 debeatur,
404 1526 454 1547 nec
473 1514 512 1554 fit
536 1516 567 1545 in
584 1514 773 1554 obligatione;
795 1514 861 1542 adeo
885 1517 918 1542 uc

53 1570 132 1590 minc
148 1568 254 1600 quoque
263 1560 341 1598 sorte
357 1558 467 1594 soluta,
489 1556 535 1587 vel
547 1553 574 1593 fi
594 1555 697 1595 Capuae
714 1560 830 1594 petatur
842 1575 852 1591 ‚
872 1562 919 1582 ar-

56 1602 171 1633 bitrium
185 1599 302 1640 Juaici's
319 1598 406 1640 ceffi’t.
451 1597 536 1629 Pauli
554 1594 656 1628 sensus
678 1596 741 1635 est,
764 1593 918 1635 fidejusso-

711 1679 1064 1715 T1TuLus

1770 71 1839 108 243

962 160 1029 181 rem
1049 156 1172 180 tanturn
1192 147 1254 179 ess'e
1272 149 1482 182 damnandum
1509 150 1547 182 ad
1566 148 1756 182 solutionem
1773 151 1840 190 ejus

961 196 1049 230 quod
1070 191 1105 222 iit
1123 189 1152 221 in
1174 190 1390 230 obligatione:
1413 201 1482 223 nani
1509 193 1572 222 hoc
1594 194 1722 223 demum
1741 192 1837 222 debe-

961 232 1003 270 ri,
1038 231 1176 271 ideoque
1207 230 1304 263 solum
1331 233 1440 263 venire
1474 235 1502 264 in
1531 233 1715 270 actionem,
1748 233 1836 272 cujus

960 274 1090 304 nomine
1111 272 1265 312 fidejussit.
1290 274 1321 304 id
1339 273 1529 315 iiitelligi'ex
1547 285 1605 314 ec),
1623 276 1709 315 quod
1727 275 1756 305 in
1778 275 1836 304 ob-

960 314 1111 354 ligatione
1129 321 1251 344 tantum
1267 315 1311 345 est
1324 316 1462 354 ‘pecunia
1481 326 1510 348 in
1529 316 1762 357 stipulationem
1782 316 1836 346 de-

960 355 1060 386 ducta.
1085 355 1148 385 hoc
1178 364 1255 384 vero
1281 358 1367 394 quod
1399 358 1427 387 ei
1459 359 1585 389 accedit
1618 367 1655 389 ex
1678 357 1833 388 sententia

958 395 1094 435 judicis,
1120 405 1182 426 non
1209 395 1269 426 fuit
1297 396 1496 435 stipulatione
1523 407 1666 440 rogatum
1693 407 1743 429 aut
1763 407 1836 439 pro-

958 436 1096 468 missum:
1120 436 1171 467 sed
1195 438 1222 466 ei
1254 435 1364 468 officio
1383 438 1499 477 judicis
1526 450 1566 472 ex
1592 440 1751 479 postfacto
1776 441 1832 470 de-

959 487 1043 510 mum
1063 477 1259 508 extrinsecus
1275 483 1422 518 accedit3
1439 489 1509 511 cuin
1528 491 1592 511 non
1610 481 1685 513 effet
1706 492 1735 512 in
1753 481 1834 512 obli·

957 520 1135 562 gatione&
1155 518 1292 549 actione
1339 519 1389 550 Ne
1411 521 1474 551 hoc
1491 524 1618 560 quidem
1637 523 1699 553 fine
1718 532 1832 563 pigno·

957 571 989 591 re
1014 561 1100 591 credi
1126 561 1192 590 vult
1215 559 1346 592 Paulus:
1369 571 1447 601 ergo
1473 563 1504 593 id
1523 565 1646 594 duohti<
1665 563 1768 595 firmat
1789 574 1835 594 ar-

955 602 1122 643 gumentis.
1150 610 1244 632 unum
1262 601 1423 642 est,quod
1443 603 1462 634 fi
1480 613 1507 633 m
1528 604 1732 644 propi,fit0id
1745 605 1834 643 quod

957 642 1084 674 interest
1104 642 1240 672 debetur
1260 643 1330 682 jure
1355 645 1579 685 obligationis,
1602 647 1704 676 adhuc
1731 646 1835 686 posset

958 686 1042 725 peti,
1067 685 1165 714 ioluta
1191 684 1326 723 pecunia
1364 686 1393 715 in
1422 687 1658 724 ilipuiationtm
1683 688 1835 718 deducta:

958 725 1030 764 quia
1052 725 1167 756 deinde
1192 725 1296 756 adhuc
1329 727 1498 766 iuperesset
1530 728 1595 767 ejus
1622 729 1776 768 obligatio
1804 730 1835 758 <St

958 767 1050 798 actio.
1076 775 1296 810 nunccontra
1313 777 1368 807 per
1393 769 1581 800 loliitionem
1602 769 1718 800 sublata
1736 770 1833 800 astio-

959 818 1020 846 ne,
1044 808 1129 838 simul
1158 807 1313 839 sublatum
1343 809 1387 840 est
1418 810 1559 841 officium
1584 811 1721 849 judicis3
1748 812 1833 841 idt'O·

960 859 1021 889 que
1046 848 1127 879 nulla
1153 849 1278 879 actione
1305 851 1369 888 peti
1396 851 1518 889 potest:
1544 853 1608 883 imo
1633 861 1672 883 ne
1698 852 1834 882 debetur

958 892 1085 930 quidem
1098 898 1190 928 ‚cum
1211 900 1272 920 non
1291 891 1326 921 sit
1346 892 1455 923 officio
1473 894 1588 930 ,iudicis
1605 893 1833 932 adjudicatum.

959 933 1102 964 Alterum
1128 940 1348 971 argumentum
1375 933 1435 964 est:
1459 940 1544 973 quoii
1571 935 1729 972 creditor,
1756 933 1775 965 fi
1801 935 1833 965 in

959 971 1123 1013 proposito
1142 982 1211 1010 agat
1232 972 1368 1012 Capuae,
1393 978 1455 1015 agit
1475 976 1591 1007 directa
1616 976 1741 1007 aftione
1759 984 1831 1015 quae

957 1014 1001 1045 est
1021 1013 1112 1045 stricti
1129 1014 1222 1053 juris:
1248 1024 1276 1045 in
1296 1024 1396 1054 eaque
1424 1026 1458 1046 ut
1483 1016 1576 1048 ctss'at
1599 1017 1761 1048 arbitrium
1780 1018 1832 1056 ,lu-

957 1056 1056 1092 dicis;
1074 1054 1115 1085 ita
1137 1064 1196 1085 nec
1215 1054 1349 1087 hibetur
1365 1059 1445 1088 ratio
1465 1059 1530 1097 ejus
1549 1060 1635 1099 quod
1653 1058 1768 1089 aftoris
1787 1059 1836 1089 in-

958 1096 1055 1128 terest
1073 1098 1190 1135 capuae
1209 1096 1344 1129 solutum
1364 1097 1425 1129 css‘c
1463 1100 1584 1139 Aliquis
1603 1099 1682 1131 dicat
1695 1123 1703 1137 ‚
1729 1100 1833 1136 inquit

959 1139 1089 1182 Paulus,
1114 1138 1144 1169 Si
1159 1139 1256 1177 iudex
1272 1149 1401 1170 centum
1420 1142 1448 1171 ἃ
1475 1142 1586 1181 viginti
1611 1142 1829 1172 condemnare

961 1181 1126 1217 debuerit3
1149 1187 1277 1211 centum
1297 1180 1405 1212 solutis
1423 1190 1464 1212 ex
1481 1192 1548 1212 unii
1559 1182 1701 1220 erfitate,
1727 1185 1755 1213 id
1773 1181 1831 1221 est,

961 1231 1001 1252 ex
1019 1220 1164 1252 universo
1183 1221 1312 1260 debito,
1332 1230 1394 1253 tam
1414 1233 1453 1253 ex
1472 1222 1573 1261 sorte,
1592 1233 1683 1262 quam
1703 1234 1741 1254 ex
1762 1234 1830 1264 ρω-

961 1272 1018 1300 na,
1042 1261 1102 1302 (sic
1116 1262 1253 1301 appellat
1275 1262 1305 1293 id
1324 1266 1409 1302 quod
1428 1263 1555 1295 interest
1571 1274 1610 1295 ei<
1629 1264 1759 1303 persona
1779 1266 1833 1296 de·

962 1303 1092 1335 bitoris:
1118 1313 1150 1333 ut
1179 1305 1285 1344 laepius
1311 1304 1365 1345 fit)
1390 1314 1452 1336 tam
1480 1315 1519 1336 ex
1547 1305 1647 1344 sorte,
1672 1316 1764 1344 quam
1790 1314 1832 1337 ex

962 1354 1055 1386 poena
1083 1344 1216 1376 solutum
1243 1346 1341 1377 videri
1363 1355 1369 1377 :
1400 1347 1441 1377 iia
1467 1345 1618 1387 superesse
1642 1348 1834 1387 petitionem

962 1388 1025 1426 ejus
1044 1388 1130 1427 quod
1155 1387 1283 1417 excedit
1310 1390 1443 1423 {Oi-tem,
1469 1388 1498 1419 ἃ
1522 1391 1677 1420 accedere
1705 1397 1833 1428 poenam

962 1438 1020 1468 pio
1046 1430 1156 1458 eadem
1183 1437 1368 1466 quantitate.
1414 1431 1475 1460 Sed
1504 1430 1568 1460 hoc
1593 1439 1705 1460 tanum
1733 1430 1831 1460 Paulo

962 1470 1103 1500 videtur:
1127 1470 1281 1508 primum,
1307 1469 1365 1508 (fic
1384 1471 1482 1510 puto)
1506 1472 1576 1509 quia
1604 1481 1641 1502 ex
1665 1471 1748 1503 Pauli
1771 1471 1836 1502 len-

962 1519 1060 1541 tentia
1088 1510 1165 1541 nihil
1190 1511 1325 1542 debetur
1345 1512 1409 1552 ejus
1429 1513 1516 1551 quod
1534 1511 1663 1542 interest
1681 1514 1833 1544 nornine:

962 1553 1096 1589 deinde,
1129 1551 1200 1591 quia
1233 1553 1398 1590 creditor,
1432 1561 1600 1589 pecuniam
1622 1554 1835 1594 accipiendo,

963 1602 1092 1635 poenarn
1111 1591 1256 1626 remisisse
1271 1594 1469 1635 intelligitur.

1123 1678 1170 1715 V.

721 1756 771 1793 De
796 1754 962 1803 constituta
977 1756 1118 1803 pecunia.

56 1849 123 1926 In
147 1848 306 1887 Rubrica,
337 1847 384 1879 De
408 1847 563 1888 constituta
591 1846 715 1889 pecunia
733 1870 742 1884 ,
772 1844 922 1878 constitui

119 1891 236 1922 dicitur
259 1891 409 1929 pecunia:
432 1899 502 1920 cum
530 1898 597 1928 quis
628 1890 714 1920 nudo
735 1888 827 1928 pasto
852 1897 922 1928 pro-

55 1928 174 1970 mittit,
199 1930 228 1962 se
244 1930 417 1962 soluturum
441 1931 527 1970 quod
551 1931 600 1961 vel
627 1930 690 1971 ipse
709 1931 758 1961 vel
777 1930 852 1960 alius
871 1930 910 1960 de

56 1973 124 2004 bet.
149 1981 184 2003 ea
208 1979 311 2003 autem
338 1973 472 2011 pecunia
488 1973 606 2011 petitur
625 1972 749 2003 actione
773 1969 920 2002 constitu-

56 2014 147 2045 toria.
172 2013 213 2045 fic
232 2021 363 2043 vocatur
382 2013 463 2044 actio
480 2012 509 2043 in
526 2012 544 2043 l.
559 2023 607 2044 20.
625 2014 643 2044 b
671 2019 693 2044 t.
718 2013 791 2044 alias
809 2012 924 2043 dieitur

55 2054 137 2086 actio
164 2055 203 2085 de
227 2053 397 2085 constitura
421 2054 565 2092 pecunia.
591 2055 631 2086 de
655 2063 755 2094 eaque
784 2052 922 2093 proposi-

57 2104 124 2127 tum
146 2104 162 2125 a
181 2095 320 2127 Praetore
345 2094 435 2127 fuisse
454 2094 599 2127 Edictum
616 2119 625 2134 ‚
650 2095 757 2126 auctor
776 2094 819 2126 est
835 2093 922 2134 justi-

58 2137 167 2168 nianus
185 2137 213 2177 §.
232 2140 259 2170 8.
289 2135 360 2175 Infl.
387 2139 419 2167 de
444 2135 575 2167 aerioma.
610 2137 639 2167 ἃ
672 2135 791 2176 sparfim
816 2143 926 2167 extant

58 2178 125 2218 eius
144 2175 199 2208 Fra
226 2184 330 2208 menta
352 2178 371 2207 l.
394 2186 416 2208 1.
438 2177 467 2219 §.
490 2186 514 2208 i.
532 2178 550 2208 l.
574 2181 617 2209 16.
642 2177 671 2220 §.
690 2187 718 2209 2.
735 2176 771 2212 &²
788 2178 805 2207 l.
829 2182 871 2211 18.
896 2177 915 2218 §

61 2227 90 2250 1.
114 2219 140 2249 h.
159 2223 180 2248 t.
232 2218 264 2248 le
292 2217 410 2249 suasore
440 2219 481 2249 iic
504 2217 656 2250 restitues.
706 2219 738 2249 Si
769 2226 924 2259 appareat,

58 2269 122 2290 eum
141 2261 192 2300 qui
209 2261 359 2299 pecuniam
381 2259 546 2299 constituit,
570 2269 660 2301 neque
686 2262 814 2299 solvere,
838 2269 926 2300 neque

56 2300 168 2341 fectffe,
191 2310 280 2341 neque
291 2307 342 2341 per
365 2300 484 2331 at‘torem
500 2298 627 2341 steti'ffe,
649 2311 703 2342 quo
727 2302 823 2332 minus
842 2303 926 2341 fieret

78 2345 131 2373 uod
155 2341 341 2382 constitutum
370 2340 427 2381 eft,
450 2351 564 2382 eamque
586 2344 757 2382 pecuniam,
781 2352 844 2372 cum
861 2352 912 2372 con

84 2384 255 2420 machalim,
286 2384 407 2414 debitam
429 2382 515 2422 fuiffe
536 2406 545 2420 ‚
570 2383 714 2423 judicium
742 2385 811 2414 dabo
878 2382 926 2414 Ex

58 2424 122 2455 hoc
140 2423 253 2455 Edeo
277 2433 428 2464 apparet,
450 2423 619 2455 constituta
645 2434 684 2456 ex
718 2423 868 2455 consensu
885 2423 915 2454 fa

59 2465 125 2504 cia,
148 2475 163 2496 a
182 2464 322 2496 Praetore
347 2465 517 2502 custodiri,
543 2465 597 2496 etsi
620 2467 702 2496 nulla
720 2467 926 2497 intervenerit

57 2505 217 2545 stipulatio
248 2506 267 2547 §
294 2516 321 2542 9.
342 2504 411 2548 inst*
430 2508 462 2537 de
487 2505 655 2538 actiunzims.
680 2516 778 2547 puto,
803 2514 926 2546 arrepta

59 2545 224 2578 occasione
249 2558 264 2577 a
284 2556 417 2587 recepto
440 2549 478 2579 ab
496 2549 679 2589 argentariis
705 2556 791 2579 certa
810 2547 924 2578 forina.

58 2586 89 2618 in
122 2587 184 2617 hoc
204 2596 335 2628 recepto
358 2598 430 2621 cum
455 2590 557 2620 civilis
581 2589 743 2621 obtineret
771 2597 924 2627 aequitas:

58 2628 176 2668 placuit
197 2628 346 2668 Praetori,
370 2640 426 2669 pro
445 2630 493 2661 sua
512 2631 723 2668 humanitate,
746 2630 855 2661 favere
873 2639 912 2661 na

60 2669 149 2700 turali
175 2670 334 2713 aequitati,
357 2671 386 2701 δι
414 2671 472 2702 hac
497 2671 736 2711 qualiacumque
754 2671 925 2702 constituta

58 2709 122 2741 fine
140 2710 316 2741 discrimine
342 2713 430 2742 tueri.
454 2712 517 2743 hoc
541 2713 606 2743 vult
626 2711 778 2753 Uipianus
801 2714 818 2743 l.
841 2722 862 2743 i,
881 2720 924 2748 pr.

60 2751 90 2782 h.
108 2757 128 2781 τ.
153 2751 181 2781 &
207 2751 313 2790 addit,
338 2751 507 2784 Praetorem
531 2754 691 2793 arbitrari,
722 2762 819 2793 grave
843 2753 923 2790 eise,

60 2791 157 2824 fidem
175 2791 302 2823 fallere:
326 2792 356 2822 id
373 2792 435 2830 est,
457 2803 552 2834 grave
569 2794 647 2827 effe.
673 2796 782 2826 fallere
804 2797 832 2825 in
853 2804 912 2834 pro

59 2832 165 2874 posito
185 2833 300 2870 fidem,
326 2842 451 2872 agnito,
489 2844 543 2873 per
569 2836 774 2867 constitutum
804 2836 926 2866 debito.

59 2875 173 2913 utique
200 2874 307 2912 (quod
333 2874 478 2905 observat
501 2874 704 2916 Theophilus
727 2879 765 2909 ad
790 2880 816 2907 ci.
832 2877 860 2917 §.
879 2877 926 2915 9)

60 2924 126 2946 non
152 2915 256 2954 potuit
279 2916 376 2946 debiti
402 2916 463 2955 jam
495 2917 591 2956 agniti
616 2916 731 2950 solutio
759 2917 926 2958 promissa,

59 2956 137 2988 licet
160 2956 251 2995 pacto
277 2959 381 2995 nudo,
419 2957 553 2998 negligi,
591 2958 642 2989 nisi
668 2961 812 3000 turpiter.
859 2958 927 2989 Hac

58 2997 183 3030 ratione
199 2996 261 3028 fuit
277 3005 370 3028 etiam
388 2998 563 3028 dubitatum
582 3008 597 3028 a
615 2999 801 3035 Veteribus,
821 3009 914 3039 quam

58 3039 107 3070 vis
130 3039 325 3069 contrarium
356 3039 549 3076 obtinuerit3
582 3048 619 3071 an
648 3041 766 3073 Praetor
789 3042 840 3072 hic
865 3050 917 3079 poe

58 3088 131 3111 nam
156 3088 350 3118 proponeret
367 3080 513 3111 adversus
532 3089 621 3116 eum,
646 3085 696 3122 qui
716 3083 924 3114 constitutum

58 3120 111 3151 sua
131 3122 181 3151 die
205 3131 267 3151 non
296 3120 405 3160 solvit,
429 3121 511 3164 quasi
537 3122 722 3163 deliquerit:
747 3131 781 3157 ut
796 3129 928 3165 apparet

57 3171 95 3194 ex
120 3161 137 3191 l.
162 3166 205 3196 18.
224 3161 252 3203 §.
267 3172 295 3195 2.
316 3163 343 3195 h.
362 3168 383 3194 t.

95 3202 172 3235 Tom.
196 3203 238 3235 11.

1008 1844 1106 1877 Nunc
1124 1846 1162 1877 ad
1180 1843 1328 1878 Edictum
1352 1847 1495 1879 veniam:
1519 1847 1653 1887 primurn
1679 1846 1838 1885 dicimus,

964 1890 1091 1928 quinam
1126 1895 1293 1919 teneantur
1318 1889 1356 1918 de
1383 1888 1555 1919 constituta
1583 1888 1740 1929 pecunia;
1772 1897 1840 1920 tum

965 1929 1082 1970 quibus
1115 1931 1208 1960 detur
1234 1930 1302 1960 haec
1333 1929 1436 1969 a&10;
1469 1931 1586 1961 dehinc
1615 1932 1654 1961 ad
1679 1930 1774 1968 quid.
1807 1929 1840 1961 δε

965 1973 1103 2011 quando.
1137 1970 1235 2011 prima
1259 1980 1331 2001 cura
1358 1974 1443 2008 erit,
1476 1973 1601 2008 quinam
1630 1970 1688 2001 hac
1711 1971 1842 2002 achone

966 2021 1144 2044 teneantur.
1191 2013 1244 2042 Ait
1281 2012 1398 2043 Praetor
1414 2037 1423 2051 ‚
1457 2012 1522 2060 Qui
1539 2013 1842 2053 pecuiizlimhdebi'ram

965 2052 1121 2094 constituit-
1164 2053 1324 2089 Verbum,
1350 2053 1431 2099 Qui,
1456 2064 1517 2086 tam
1535 2053 1720 2088 foeminam,
1745 2061 1843 2093 quam

968 2104 1104 2130 marem,
1128 2094 1370 2134 compleCkitur:
1391 2096 1461 2134 quia
1481 2097 1707 2135 pronunciatio
1725 2094 1844 2125 serino-

968 2146 1014 2168 nis
1031 2146 1060 2166 in
1092 2135 1167 2167 sexu
1194 2135 1368 2167 masculino
1391 2139 1579 2177 plerumque
1605 2141 1642 2168 ad
1669 2144 1844 2173 utrumque

969 2177 1075 2208 sexum
1093 2177 1259 2218 pori-igitur
1277 2178 1294 2208 l.
1320 2186 1384 2217 195.
1411 2178 1439 2208 I)
1468 2180 1501 2209 de
1522 2176 1712 2218 vcrlnfigrif.
1747 2176 1843 2216 igitur

970 2219 1033 2261 Qui
1050 2219 1091 2250 sic
1106 2220 1324 2258 accipiendum
1345 2218 1410 2257 est,
1435 2219 1565 2263 Quaeve:
1591 2229 1766 2255 verumque
1784 2218 1843 2253 est,

969 2270 1063 2291 etiam
1082 2261 1228 2291 mulieres
1249 2262 1287 2291 de
1305 2261 1483 2291 constituto
1500 2262 1618 2292 teneri:
1641 2260 1796 2296 maxime,
1819 2258 1843 2291 fi

971 2311 1028 2342 pro
1049 2301 1076 2332 se
1095 2302 1300 2332 constituant.
1327 2311 1397 2332 nam
1421 2302 1440 2333 si
1465 2311 1523 2341 pro
1549 2302 1612 2332 alio
1629 2304 1845 2340 coniiituant3

969 2343 1013 2374 est
1030 2342 1150 2382 species
1171 2343 1401 2374 intercessionis
1428 2343 1445 2372 l.
1467 2352 1490 2373 1.
1508 2345 1538 2384 §.
1561 2351 1584 2374 1.
1603 2343 1629 2373 b.
1645 2349 1666 2374 t.
1691 2352 1757 2380 quae
1776 2351 1844 2374 mu·

971 2385 1099 2415 lieribus
1125 2384 1408 2414 Senatusconiulto
1436 2384 1602 2424 Vellcjano
1638 2384 1838 2423 prohibetur.

971 2425 1067 2463 Atqui
1088 2426 1135 2456 vel
1155 2425 1235 2455 hanc
1255 2425 1371 2465 patitur
1395 2425 1531 2455 latitudo
1555 2424 1668 2456 Edisti.
1716 2424 1780 2457 Nifi
1805 2435 1842 2456 o-

969 2474 1078 2506 portet
1102 2475 1170 2497 eam
1197 2467 1312 2496 cedere
1338 2466 1470 2503 rati0m3
1495 2475 1526 2497 ut
1552 2475 1656 2497 careat
1674 2466 1844 2498 absurdita-

971 2515 1022 2546 te,
1047 2516 1107 2538 nec
1126 2508 1155 2538 in
1173 2506 1263 2538 aliam
1280 2507 1356 2546 juris
1378 2515 1497 2546 partem
1522 2507 1682 2548 impingat.
1726 2508 1843 2540 Similis

970 2547 1151 2579 observatio
1172 2548 1216 2579 cst
1244 2557 1326 2578 circa
1345 2548 1518 2587 pupillum:
1543 2558 1613 2580 nam
1637 2550 1676 2580 de
1703 2559 1743 2579 eo
1763 2559 1845 2588 quo-

970 2599 1032 2629 que
1049 2590 1125 2620 nihil
1143 2588 1187 2620 cst
1204 2588 1394 2628 expressum.
1420 2588 1545 2621 interim
1572 2590 1761 2630 prohibetur·
1789 2590 1843 2622 ille

970 2631 1083 2671 regulis>
1105 2630 1182 2670 juris
1201 2630 1264 2661 fine
1287 2631 1399 2661 tutoris
1421 2631 1607 2663 auctoritate
1633 2632 1841 2663 contrahere:

969 2672 998 2702 ὅ(
1018 2672 1063 2702 nis
1089 2671 1323 2709 consequenter
1347 2680 1441 2713 negat
1460 2671 1611 2713 Ulpianuss
1635 2674 1688 2704 d.l
1725 2674 1781 2714 i.§
1810 2682 1840 2704 α.

969 2723 1040 2743 eum
1065 2712 1124 2743 sine
1142 2721 1255 2743 tutoris
1271 2712 1458 2744 auctoritate
1478 2714 1702 2746 constituendo
1721 2716 1842 2754 ob¹iga-

969 2754 1002 2785 ri.
1028 2752 1137 2795 Quid,
1162 2753 1181 2784 fi
1206 2752 1421 2786 filiusfamilias
1444 2755 1639 2787 constituat?
1667 2757 1728 2796 jam
1757 2756 1842 2785 valet

970 2799 1202 2832 conititutumz,
1226 2804 1333 2832 eoque
1355 2797 1384 2828 ἃ
1406 2794 1486 2827 filius
1509 2798 1538 2828 ὅ(
1562 2807 1651 2835 pater
1666 2799 1705 2827 de
1724 2795 1841 2826 consti-

973 2844 1045 2867 tuto
1065 2843 1208 2868 tenetur:
1233 2837 1368 2875 scilicet,
1392 2838 1463 2876 quia
1483 2838 1699 2870 filiusfamilias
1718 2846 1756 2866 ex
1775 2845 1842 2866 orn-

972 2878 1064 2908 nibus
1083 2876 1195 2913 causis,
1220 2885 1377 2917 tamquam
1400 2879 1644 2919 paterfamilias,
1670 2879 1733 2913 iure
1753 2876 1841 2908 cixili

972 2919 1002 2949 in
1025 2918 1155 2949 iolidum
1179 2919 1336 2959 obligatur
1350 2920 1368 2951 l.
1385 2930 1434 2961 39.
1455 2921 1494 2952 D.
1513 2923 1545 2951 (le
1559 2921 1631 2957 oblig
1659 2918 1694 2951 ὅ·
1711 2916 1756 2948 a&
1788 2927 1841 2956 pa-

971 2967 1019 2990 ter
1038 2968 1099 2990 auu
1114 2969 1143 2990 m
1160 2969 1200 2990 ex
1218 2961 1382 2992 contrastu
1408 2961 1461 2993 filii
1481 2963 1530 2992 cui
1555 2961 1713 3000 peculium
1732 2960 1841 2998 dedit,

972 3001 1039 3072 jurle
1063 3001 1214 3084 Ρτξωῑίῖ
1237 3010 1383 3042 tenetur,
1406 3012 1560 3044 quatenus
1584 3002 1626 3032 est
1653 3010 1681 3030 in
1710 3001 1840 3040 peculio

973 3044 997 3072 (l.
1061 3051 1082 3072 ιΔ
1126 3052 1179 3082 ,3.
1214 3051 1258 3075 .t.

1011 3083 1130 3120 Porro,
1155 3093 1227 3116 cum
1252 3087 1295 3116 ait
1323 3085 1457 3123 Praet0r‚
1479 3085 1647 3123 pecunimm
1673 3084 1764 3114 aliter
1790 3092 1841 3115 ac·

972 3123 1152 3164 cipiendum
1178 3126 1223 3156 est
1247 3128 1394 3167 pecuniae
1421 3126 1571 3162 verbum,
1604 3133 1697 3162 quam
1727 3124 1770 3155 est
1791 3134 1842 3157 ac-

969 3172 1098 3241 εεριυὲ
1113 3176 1140 3240 ἐι
1161 3166 1345 3207 justiniano.
1369 3175 1442 3201 nain
1465 3166 1587 3200 Praetor
1610 3176 1651 3200 eo
1676 3165 1843 3241 νει-130110*

1160 3218 1179 3242 2
1791 3215 1842 3240 am
