2036 3495
509 102 576 140 ‘An
608 99 700 137 ΜΒ.
730 100 794 138 Ἦ.
829 100 928 138 T1·r.

32 194 104 235 &hin
131 194 196 238 est,
221 202 291 231 eum
308 203 386 228 -curn
410 192 628 227 detractibus
652 192 848 233 disputatur,
872 193 904 224 in

32 244 120 275 bona
143 241 206 274 fide
230 239 354 280 singulis
375 235 546 268 momentis
566 232 627 265 effe
644 242 798 273 oportere
816 234 834 264 l.
854 244 902 275 23.

33 284 62 326 §.
79 293 104 316 1.
127 284 173 315 D.
186 283 219 314 de
233 283 297 322 adq.
308 289 362 310 rer.
376 277 479 309 domin.
503 274 575 307 Nec
590 277 641 306 me
651 276 797 313 mordet,
815 277 903 313 quod

32 329 66 357 fin
82 324 273 364 usucapione
291 323 406 352 bonam
424 318 519 349 fidem
535 317 574 347 ab
590 316 681 347 initio
698 315 760 347 effe
772 316 901 354 sufficit3

35 365 259 406 superveniens
282 365 387 393 autern
413 359 492 391 mala
517 357 595 389 fides
612 358 640 388 ei
665 363 729 388 n'on
749 366 844 388 nocet
865 358 904 389 ab

35 408 129 440 initio
147 405 232 438 reete
247 403 413 436 incho'azae.
444 399 525 431 Nam
543 398 661 436 refert,
682 400 769 439 quod
787 398 904 430 fruetu-

34 458 87 480 um
103 445 361 488 adquifitio‚-u-na
378 442 505 473 subnixa
524 440 672 480 aequitate
690 442 821 487 na'turali
834 464 842 478 ,
860 441 904 472 sa-

34 490 97 522 cile
117 487 271 520 contraria
281 484 416 517 naturali
429 481 734 526 ae'quitate'tollitur:
752 481 900 521 usucapio

34 540 114 562 vero
132 529 266 561 formam
281 525 388 557 sortita
404 534 420 554 a
435 525 502 564 jure
527 522 634 561 civili,
657 532 725 554 eam
744 533 807 555 non
826 532 900 554 con-

35 573 127 604 traria
152 570 292 606 ratione,
316 567 367 597 sed
386 566 688 608 demumtcontraria
703 565 776 604 juris
796 564 900 595 forma

34 611 161 644 amittit.
205 610 311 647 Atque
329 607 391 638 huc
409 607 548 637 intendit*
565 614 581 635 a
600 615 650 637 rne
673 606 834 646 cxpofitus
852 606 899 636 lib.

29 653 109 696 fing.
124 653 174 685 Ad
192 650 287 682 Edi&
304 648 350 680 De
365 646 483 680 Pcrffic.
496 652 523 681 8.
544 646 656 678 Paulus
674 648 751 686 Lag.
766 646 794 688 ἓ.
810 656 835 677 1.
854 647 900 677 D.

32 697 67 727 de
81 696 145 736 adq.
160 702 214 724 rer.
231 692 338 722 domim
360 688 526 728 praefatus,
545 687 770 728 usucapionem
786 688 900 728 esseju·

30 737 93 775 τῖες
116 744 185 766 cum
204 733 363 764 fructuum
378 729 545 770 adquisitio
566 729 599 760 iit
620 729 703 761 fatri.

72 775 243 808 Videamus
261 775 372 815 igitur,
397 773 472 813 quid
494 772 640 802 obtineat
658 772 741 802 circa
761 769 899 809 fructus,

28 817 52 850 fi
66 817 138 860 ¹quis
153 816 285 847 fundum
304 824 319 845 a
337 823 400 846 non
419 814 551 845 domino
568 813 650 843 bona
663 812 724 843 fide
739 812 900 853 acceperit

31 869 72 891 ex
87 859 269 899 emptione,
286 856 479 892 donatione,
498 862 551 885 aut
564 854 622 884 alia
633 853 720 885 simili
736 853 812 893 julla
830 863 901 884 cau-

29 900 76 932 sa:
98 909 134 932 ac
157 898 272 930 deinde
295 898 443 929 dominus
464 894 662 935 superveniat
679 918 688 933 ,
714 895 742 925 δι
765 893 899 925 fundum

29 942 184 974 vindicet.
208 939 284 971 Non
299 936 609 970 estlevismoliminis
621 935 771 976 quaestio:
790 945 901 977 magna

29 983 61 1015 in
79 993 114 1014 ea
129 983 204 1020 lite,
219 989 353 1022 propter
368 981 449 1010 duos
468 977 638 1019 praesertim
652 979 741 1009 locos
757 977 786 1008 in
805 977 832 1018 §.
850 986 898 1017 35.

31 1023 105 1066 inst.
124 1026 156 1055 de
170 1033 223 1054 rer.
239 1023 322 1059 divis.
340 1021 370 1052 ’δε
387 1022 417 1052 in
434 1021 454 1051 Ζ.
471 1030 521 1060 45.
542 1021 587 1051 D.
606 1022 638 1050 de
653 1019 758 1060 usuris.
781 1019 843 1050 Sed
860 1027 899 1049 ne

31 1066 63 1097 in
81 1075 169 1098 mora
183 1064 333 1103 deinceps
350 1062 496 1102 cuiquam
512 1059 591 1099 sint,
606 1070 643 1092 an
663 1059 805 1099 praestare
821 1068 898 1091 meae

31 1107 127 1140 liceat
145 1105 308 1144 tenuitati,
325 1104 414 1136 lubet
432 1112 528 1143 porro
540 1101 690 1143 experiri.
713 1101 838 1133 Initium
856 1100 902 1132 su-

31 1157 116 1180 mam
131 1157 147 1179 a
163 1149 189 1179 d.
207 1147 236 1189 ὃ.
251 1157 297 1187 35.
324 1145 484 1185 adscriptis
502 1144 586 1184 prius
602 1143 761 1182 justiniani
778 1143 900 1174 verbist

32 1191 66 1222 Si
80 1191 143 1231 quis
160 1200 177 1220 a
193 1198 249 1219 non
264 1188 391 1225 domino,
408 1195 489 1226 quenz
505 1187 651 1215 dominnm
666 1185 716 1225 effe
731 1185 899 1222 crediderit,

32 1233 103 1263 bona
124 1230 180 1268 fide
202 1230 328 1268 fundum
351 1229 465 1264 emerit,
489 1227 534 1257 vel
559 1235 594 1256 ex
614 1227 781 1263 donatione,
804 1226 899 1256 aliave

33 1265 157 1313 qualibet
168 1264 248 1312 justa
264 1270 349 1308 causa
364 1277 440 1308 mque
457 1270 528 1298 hona
538 1267 598 1306 fide
610 1267 762 1307 acceperit.-
778 1273 898 1297 natura-

32 1314 54 1345 li
70 1315 180 1345 ratz'orze
199 1312 309 1352 placuit
332 1309 447 1345 fruetus
465 1318 534 1349 quos
548 1309 688 1348 percepit,
710 1308 773 1349 ejus
788 1307 837 1347 effe
849 1314 901 1348 pro

32 1355 148 1386 cultura
164 1353 200 1387 85⁹
213 1362 291 1384 cura.
317 1351 356 1382 Er
372 1351 431 1381 ideo
439 1349 467 1388 sz
477 1347 572 1390 postea
588 1349 902 1390 (lorninztsficpervene-

32 1397 91 1434 rit,
114 1394 150 1429 ὅ)
159 1394 292 1434 fundum
308 1393 459 1427 vindicet,
473 1393 505 1421 de
512 1389 662 1431 frustihus
676 1392 710 1421 al)
727 1400 755 1421 eo
774 1393 900 1426 consum-

28 1438 88 1479 ptis
107 1445 189 1478 agere
208 1445 264 1466 non
276 1431 376 1474 potest.
422 1433 462 1464 Ei
479 1442 545 1463 vero
562 1433 612 1472 qui
630 1432 756 1462 alienam
771 1433 901 1469 fundum

25 1479 120 1520 sciens
130 1477 295 1518 passeclerz't,
312 1485 368 1505 non
386 1476 458 1505 idem
475 1473 630 1513 conceffum
646 1471 703 1511 eft:
719 1475 816 1514 itaque
835 1483 901 1504 cum

27 1520 125 1560 fundo
137 1516 371 1558 eriamfrufflcs,
388 1515 453 1546 licet
468 1516 625 1554 consumpti
633 1514 715 1553 fint,
731 1516 843 1554 cogitur
859 1525 902 1544 re-

31 1559 161 1601 flauere.
185 1559 308 1595 Verba,
319 1564 371 1597 pro
381 1557 496 1587 cultura
511 1556 547 1590 δέ’
558 1565 648 1593 cura,
664 1556 717 1587 hic
733 1556 903 1588 offendunt

36 1611 147 1633 omnes
172 1599 267 1630 Viros
286 1598 431 1630 Doctos:
455 1597 622 1637 opinatos,
654 1597 808 1629 diversum
827 1598 902 1638 quid

39 1643 69 1674 &
85 1641 259 1680 separatum
274 1639 578 1680 significarezeoque
588 1638 708 1670 fructus
723 1638 903 1680 perceptio-

36 1692 78 1716 ne
89 1682 158 1714 suos
175 1681 297 1713 facturo
307 1681 400 1711 bonae
415 1678 487 1712 fidei
499 1679 790 1721 poffeffori,fundo
806 1690 820 1710 a
837 1690 902 1712 non

39 1724 173 1756 domino
191 1729 230 1754 ex
251 1721 328 1762 julla
344 1720 431 1752 causa
449 1729 602 1761 accepto,
627 1720 687 1752 esse
703 1721 903 1754 necessariam

39 1766 167 1798 culturae
183 1774 219 1795 ac
235 1770 316 1794 curae
333 1763 608 1803 conjunctionem}
630 1762 712 1793 hanc
730 1772 807 1794 vero
824 1763 851 1794 ei
869 1763 904 1795 fi-

38 1817 79 1839 ne
95 1807 145 1838 illa
155 1815 218 1838 non
237 1803 398 1844 prodesse:
411 1804 439 1835 ὅ(
455 1804 528 1836 ideo
544 1803 627 1835 solos
639 1803 830 1835 industriales
841 1805 904 1836 fru-

41 1849 107 1880 ctus
118 1848 184 1888 ejus
200 1846 286 1884 fieri,
302 1845 458 1877 naturales
471 1854 532 1876 non
551 1845 628 1876 fieri.
652 1844 713 1876 Sed
730 1850 765 1876 ea
780 1845 902 1878 senten-

40 1888 81 1920 tia
97 1888 172 1920 milii
192 1887 313 1928 semper
325 1887 498 1926 displicuit:
515 1886 544 1917 δὲ
558 1887 619 1926 jam
637 1887 712 1918 olim
727 1887 775 1917 lib.
792 1898 820 1919 2.
835 1888 904 1919 Pro-

39 1931 177 1962 babilium
192 1939 215 1960 c.
233 1939 261 1970 7.
282 1930 397 1967 docui,
415 1927 467 1959 hic
482 1928 624 1958 culturam
640 1929 744 1959 valere
763 1929 844 1960 idem
858 1939 905 1960 cu·

38 1982 95 2008 rae3
120 1979 290 2010 paremque
317 1969 378 2000 esse
403 1969 566 2009 utriusque
586 1969 673 2000 verbi
695 1970 905 2010 potestatem;

38 2020 100 2044 nec
117 2012 208 2043 aliam
228 2011 327 2042 videri
346 2017 381 2041 ea
397 2011 611 2051 conjungendi
624 2011 796 2050 rationem,
813 2020 906 2052 quam

39 2060 76 2084 ut
91 2053 193 2084 oratio
209 2052 245 2084 fit
263 2053 422 2092 aliquanto
441 2052 649 2090 modulatior,
666 2053 853 2093 aptiorque,
876 2054 906 2085 &

38 2094 218 2131 efficacior,
237 2102 329 2134 quam
348 2094 366 2124 si
382 2092 562 2133 simpliciter
577 2093 612 2124 fit
630 2095 832 2134 dicaturque,
851 2101 904 2135 pro

41 2135 164 2167 cultura.
193 2134 290 2166 Hane
306 2134 489 2166 sententiam
507 2133 535 2164 in
554 2136 581 2165 cl.
597 2144 621 2165 c.
639 2144 667 2175 7.
689 2137 813 2166 idoneis
828 2145 904 2167 con—

41 2175 162 2208 firmavi
185 2175 321 2217 Virgilii,
346 2174 472 2214 Ovidii,
495 2175 643 2215 Senecae,
667 2177 696 2208 6<
716 2176 904 2218 Quintiliani

40 2218 229 2250 testimoniis
246 2228 254 2248 :
285 2226 345 2248 nec
362 2226 482 2253 quaeras
499 2218 557 2248 alia
576 2225 630 2248 aut
648 2218 746 2257 plura.
773 2218 908 2251 Demus;

40 2259 115 2300 quid
132 2259 200 2290 liaec
218 2258 337 2290 evincit
353 2257 561 2290 observatio?
578 2258 751 2298 Nimirum,
766 2260 907 2299 Justinia·

38 2309 113 2332 num
126 2300 227 2339 velle,
239 2300 429 2340 generaliter
444 2309 553 2331 omncs
564 2299 683 2331 fructus
701 2302 787 2333 nullo
803 2302 906 2333 discri-

37 2342 142 2380 mine,
166 2342 196 2372 id
213 2342 276 2380 est,
301 2349 363 2372 tam
382 2341 556 2379 naturales,
581 2351 674 2381 quam
693 2342 906 2382 industriales,

38 2383 144 2415 nullos
160 2382 242 2414 enim
260 2385 406 2423 excepit,
432 2384 641 2423 perceptione
658 2383 725 2415 fieri
740 2385 805 2423 ejus
821 2386 873 2425 qui
890 2394 907 2416 a

39 2433 104 2456 non
124 2425 255 2456 domino
278 2433 372 2464 quem
397 2424 560 2455 dominum
584 2424 644 2456 esse
663 2426 813 2464 putabat,
836 2426 906 2457 fun-

39 2465 113 2496 dum
131 2466 255 2505 accepit
272 2475 311 2496 ex
334 2465 516 2506 emptione,
539 2467 732 2505 donatione,
748 2475 800 2498 aut
817 2466 906 2499 simili

40 2505 127 2537 causa
142 2507 180 2537 ad
200 2506 450 2539 transferendum
469 2506 742 2546 dominiumapta.
774 2508 847 2550 Qua
862 2518 906 2539 ra-

40 2547 155 2578 tione?
176 2546 349 2588 Imperator
375 2548 436 2587 ait,
453 2554 506 2588 pro
522 2549 639 2580 cultura
655 2549 691 2583 &²
707 2560 797 2581 cura:
820 2558 906 2581 utro·

42 2596 104 2627 que
127 2588 226 2618 verbo
251 2597 419 2628 utrumque
449 2589 607 2622 fructuum
629 2600 729 2630 genus
754 2600 906 2631 peroeque

41 2628 239 2668 complexus.
261 2629 312 2659 Sic
329 2629 466 2661 feliciter
477 2631 610 2671 conjeci.
634 2631 707 2663 Nec
723 2639 828 2664 tamen
843 2633 907 2663 hoc

42 2668 112 2700 steti
129 2668 202 2700 fine.
226 2671 293 2714 plus
309 2671 491 2709 observavi,
510 2672 735 2712 Imperatorem
749 2673 907 2705 definitio-

41 2711 90 2742 nis
107 2709 167 2740 suae
179 2718 332 2742 rationem
349 2713 400 2742 uni
415 2712 658 2754 adstringentem
675 2715 804 2746 culturae
816 2715 844 2746 δι
856 2723 908 2745 cu·

41 2761 102 2788 rae,
119 2760 184 2782 non
202 2760 306 2790 operae
322 2754 456 2791 pretium
476 2754 654 2795 designare:
670 2765 734 2787 non
753 2757 846 2787 etiam
861 2755 908 2786 fa-

42 2793 126 2824 C‘tum
136 2801 254 2824 merum
266 2815 274 2829 ‚
290 2792 352 2825 five
368 2794 491 2833 qualem
508 2797 632 2835 qualem
650 2797 842 2829 culturam&
857 2807 908 2828 cu-

41 2843 107 2865 ram
131 2833 219 2864 nullo
239 2834 307 2873 jure
331 2833 500 2866 subnixam.
537 2837 566 2867 Si
592 2837 654 2868 hoc
671 2847 723 2869 aut
740 2837 815 2870 illud
834 2838 909 2869 effet

40 2874 229 2914 Imperatori
249 2875 462 2915 propositum:
476 2876 768 2911 debuisseteosdem
786 2879 908 2911 fruetus

40 2917 156 2948 eodem
172 2917 270 2946 modo
290 2915 465 2947 adscribere
486 2919 646 2957 praedoni:
668 2929 759 2959 aeque
775 2921 876 2951 fundo
892 2930 909 2950 a

41 2957 73 2989 se
91 2956 221 2996 pofl'effo
246 2957 409 2988 adhibenti
427 2959 579 2990 culturam
602 2960 632 2991 ἀ
649 2970 773 3000 curam,
797 2972 833 2993 ae
849 2961 877 2992 ei
893 2971 909 2992 a

39 2997 211 3039 pofl'essore
220 2998 313 3029 bonae
329 2998 402 3029 fidei
414 2999 590 3031 adhibetur.
613 3000 709 3033 Nunc
726 3011 836 3034 contra
854 3004 908 3040 ait,

39 3040 127 3072 illurn
144 3040 248 3071 nullos
264 3039 384 3072 fruetus
399 3044 609 3080 perceptione
619 3042 687 3074 suos
698 3042 823 3076 facere:
842 3045 907 3074 imo

38 3082 98 3120 ait,
122 3081 256 3112 domino
275 3081 509 3121 supervenienti
526 3091 638 3114 omnes
654 3084 747 3115 etiam
764 3084 907 3116 consum-

37 3130 131 3162 ptos,
146 3131 218 3154 cum
237 3121 338 3154 fundo
356 3122 530 3155 restituere.
556 3124 644 3155 Abiit
661 3125 775 3166 igitur,
793 3135 825 3156 ut
842 3133 906 3158 tam

35 3164 143 3203 inepte
154 3164 321 3203 disputasse
337 3163 482 3196 videatur
498 3164 676 3206 Imperator
691 3168 718 3197 d.
735 3167 763 3208 ἓ.
779 3177 828 3208 35.
846 3167 905 3198 Po·

34 3205 288 3280 ιᾶιῗριιῑειῖῗτὴ,
312 3215 385 3241 cum
404 3207 489 3240 idem
506 3206 628 3241 faciunt
647 3207 690 3241 illi
706 3208 771 3241 duo
787 3207 920 3250 poffes-›

99 3255 152 3279 om.
221 3269 228 3280 .

1756 86 1824 145 153

946 192 1052 232 sores,
1072 203 1137 225 non
1154 192 1215 225 effe
1233 194 1327 225 idem.
1354 193 1399 225 Ita
1416 192 1487 225 sane
1503 191 1564 225 est:
1582 191 1682 223 voluit
1699 189 1820 235 fruetus

945 244 1058 266 omnes
1075 243 1247 276 perceptos
1262 237 1337 267 ideo
1353 236 1448 267 bonae
1459 234 1531 273 fidei
1545 233 1718 276 pofl'efforis
1734 231 1819 278 fieri:

946 278 1033 315 quod
1046 277 1070 307 is
1086 277 1115 307 in
1128 275 1231 307 fundo
1246 278 1524 317 contemplatione
1542 278 1633 307 bonae
1647 275 1721 306 fidei
1738 273 1820 314 jucli-

945 324 1034 347 catur
1052 317 1168 348 habere
1184 317 1268 356 quasi
1282 319 1330 358 jus
1348 318 1500 356 dominii,
1526 319 1553 349 ἀ
1571 327 1627 357 per
1645 317 1708 348 hoc
1723 314 1815 359 fundi

944 358 1101 389 culturam
1127 358 1158 388 ὅ(
1184 367 1310 397 curam,
1333 358 1396 390 live
1419 361 1467 399 jus
1491 360 1622 390 curandi
1641 360 1670 389 dc
1688 357 1818 388 colendi

944 398 1079 430 fundum
1094 399 1172 439 justa
1198 408 1238 430 ex
1260 400 1350 430 caula
1367 410 1382 430 a
1398 411 1463 432 non
1485 400 1617 431 domino
1633 406 1818 438 acceptum.

944 440 1016 472 Ain’
1032 449 1110 471 vero
1127 440 1144 471 ἵ)
1167 449 1204 470 an
1222 439 1266 470 est
1283 441 1413 472 dubium
1425 466 1433 480 ,
1458 441 1615 473 fruetuum
1633 439 1819 480 adquisitio-

942 491 1014 512 nem
1035 480 1097 512 sola
1116 480 1261 511 constare
1276 483 1472 521 accfflione,
1498 484 1561 514 hnc
1580 482 1643 520 est,
1657 483 1725 523 jure
1745 489 1818 511 cor-

943 523 1030 563 poris
1050 532 1089 553 cx
1106 531 1171 562 quo
1191 523 1382 555 nascantur?
1406 533 1469 555 non
1489 523 1542 554 est.
1560 525 1694 564 proinde
1710 522 1731 554 sl
1747 522 1819 562 quis

943 563 988 596 est
1007 563 1153 595 dominus
1177 562 1266 594 fundi
1290 574 1330 594 ex
1354 574 1420 605 quo
1445 564 1614 596 nascuntur
1630 564 1769 602 fruftus3
1792 563 1818 594 is

943 605 1074 636 naturali
1093 605 1216 635 ratione
1235 604 1280 636 est
1296 606 1442 638 dominus
1466 606 1623 637 fruetuum
1649 615 1688 636 ex
1707 614 1747 635 eo
1764 613 1819 635 na-

944 655 1049 678 torum
1066 646 1094 687 §⁴
1119 655 1162 681 19.
1184 643 1254 686 Inst.
1271 648 1304 677 de
1325 657 1380 678 rer.
1400 648 1484 684 divifi
1501 647 1565 678 five
1581 646 1638 678 fint
1655 644 1818 677 industria·

943 689 1007 727 les,
1025 687 1086 719 (ive
1103 686 1161 718 sint
1177 688 1352 719 naturales:
1370 690 1442 729 quia
1460 698 1533 720 cum
1554 697 1691 727 corpore
1711 686 1818 717 cohae-

943 739 1050 761 rentes
1067 736 1130 760 tam
1148 728 1178 759 hi
1191 751 1200 767 ,
1215 737 1307 768 quam
1326 729 1388 767 illi,
1407 730 1476 761 sunt
1493 739 1561 770 pars
1577 729 1722 769 corporis
1737 728 1817 768 l.44.

944 772 989 802 J).
1005 772 1032 802 h.
1054 777 1073 800 t.
1098 772 1125 800 ὅ(
1146 778 1278 810 oportet
1298 773 1444 811 corporis
1462 772 1626 803 dominum
1647 769 1706 801 effe
1725 778 1821 808 pai-[1-

944 821 997 843 um
1015 812 1180 842 dominum
1199 813 1227 842 d.
1245 811 1263 842 l.
1276 821 1323 852 25.
1339 821 1384 852 pr.
1403 813 1439 847 &⁹
1453 812 1483 855 §
1505 821 1530 843 1.
1544 814 1587 843 J).
1605 814 1637 843 de
1654 811 1760 848 usuris.
1784 820 1820 841 o-

943 854 1039 884 mitto
1062 852 1251 892 pendentes.
1284 855 1360 892 quid
1387 856 1551 895 percepti,
1575 855 1606 886 id
1631 853 1694 891 est,
1718 853 1780 891 jam
1798 861 1820 882 a

944 903 1080 935 corpore
1097 892 1252 932 separati?
1276 895 1326 926 vel
1344 895 1392 933 hi,
1417 905 1489 926 cum
1506 896 1702 935 penderent,
1727 902 1818 924 erant

944 945 1012 976 pars
1030 936 1193 975 corporis,
1210 944 1315 975 eoque
1332 938 1477 977 corporis
1495 937 1626 968 domini.
1652 935 1821 977 separatio-

943 987 984 1008 ne
1010 987 1108 1015 vero,
1133 975 1184 1007 scu
1209 979 1438 1017 perceptione,
1463 979 1533 1016 dic,
1557 978 1577 1010 fi
1603 975 1820 1017 potes¹‚,‚quid

943 1019 1098 1059 contigit,
1124 1027 1189 1058 quo
1212 1018 1391 1050 desinerent
1415 1019 1475 1051 effe
1497 1020 1588 1060 ejus?
1612 1019 1674 1051 Sed
1690 1020 1738 1059 jus
1758 1028 1820 1050 ma=

942 1060 1090 1092 nifestum
1114 1059 1158 1090 cst
1185 1059 1268 1090 circa
1292 1060 1430 1099 fructus,
1454 1062 1472 1093 sl
1500 1069 1656 1101 quaeratur
1683 1066 1722 1092 de
1749 1061 1819 1101 ipso

945 1102 1089 1142 corporis
1108 1101 1252 1133 domino.
1290 1101 1363 1133 Nec
1380 1104 1464 1134 aliud
1482 1104 1511 1134 in
1531 1103 1684 1134 fructibus
1701 1111 1822 1142 corpo÷

944 1144 1002 1181 ris,
1028 1153 1044 1174 a
1061 1152 1125 1174 non
1146 1143 1279 1174 domino
1299 1144 1384 1175 bona
1405 1144 1467 1175 fide
1481 1144 1606 1182 accepti
1625 1145 1674 1175 vel
1693 1153 1733 1175 ex
1753 1153 1821 1175 cm-

943 1186 1074 1223 ptione,
1092 1184 1142 1215 vel
1161 1184 1354 1223 donatione,
1371 1186 1421 1217 vel
1440 1187 1503 1216 alio
1516 1187 1597 1226 justo
1615 1187 1727 1216 titulo:
1746 1194 1820 1216 nam

944 1227 973 1257 hi
992 1227 1107 1257 eodem
1132 1226 1231 1257 modo
1248 1235 1307 1266 pro
1327 1227 1449 1258 cultura
1468 1228 1497 1258 δε
1515 1237 1587 1257 cura
1605 1226 1685 1257 fiunt
1703 1225 1822 1266 posses-

942 1268 1017 1299 soris
1034 1268 1126 1298 bonae
1143 1267 1216 1298 fidei
1228 1291 1236 1306 ,
1254 1276 1316 1300 tam
1327 1269 1503 1307 naturales,
1521 1267 1821 1309 quamindustriales

945 1311 971 1340 d.
990 1309 1018 1350 ᾗ.
1037 1319 1085 1350 35.
1106 1308 1276 1348 praesertim
1294 1311 1493 1349 pendentes,
1513 1309 1584 1350 quia
1595 1319 1667 1341 eum
1679 1318 1821 1348 corpore

945 1351 1163 1389 cohaerentes,
1180 1351 1245 1392 eJus
1257 1352 1326 1391 pars
1339 1350 1416 1383 sunt.
1433 1361 1531 1392 porro
1550 1352 1642 1383 bonae
1654 1350 1728 1382 fidei
1744 1360 1820 1389 pos-

946 1391 1060 1429 seffor,
1084 1392 1139 1423 etii
1153 1393 1221 1432 jure
1240 1393 1324 1424 civili
1342 1402 1405 1424 non
1426 1394 1540 1424 habeat
1557 1393 1645 1424 fundi
1663 1392 1823 1423 culturam

945 1434 975 1464 ὅ(
1001 1443 1126 1470 curam,
1151 1434 1222 1473 quia
1247 1435 1312 1465 hoc
1334 1435 1402 1474 jure
1427 1445 1491 1466 non
1518 1434 1562 1465 est
1576 1435 1640 1474 ejus
1658 1434 1820 1465 dominus.

948 1474 1096 1515 quamdiu
1116 1482 1222 1506 tamen
1240 1485 1333 1507 verus
1350 1476 1497 1507 dominus
1517 1485 1580 1507 non
1598 1479 1748 1516 apparet,
1772 1476 1823 1506 in-

946 1524 1031 1548 terea
1046 1517 1114 1556 jure
1126 1515 1282 1547 Praetorio
1293 1540 1302 1555 ,
1313 1516 1507 1553 monstrante
1518 1517 1699 1548 Publiciana
1710 1517 1740 1547 in
1752 1525 1821 1548 rem

946 1558 1089 1595 actione,
1109 1557 1191 1596 quasi
1208 1559 1354 1589 dominus
1370 1558 1503 1589 habetur
1515 1557 1660 1589 adversus
1677 1566 1826 1588 extrane-

947 1608 999 1630 um
1017 1599 1084 1640 §⁴3.
1098 1598 1169 1636 &r
1187 1597 1305 1639 Inst.de
1322 1599 1454 1630 atriorzih.
1473 1599 1509 1631 fit
1527 1600 1621 1640 igitur
1640 1599 1704 1630 hoc
1719 1600 1822 1630 modo

947 1642 1042 1672 etiam
1067 1642 1213 1671 dominus
1241 1641 1394 1679 partium,
1417 1641 1449 1672 id
1475 1641 1535 1680 est,
1551 1642 1619 1680 jure
1635 1640 1766 1671 culturae
1791 1640 1824 1672 δε

947 1692 1029 1713 curae
1054 1681 1200 1713 dominus
1226 1682 1385 1714 fruetuum
1411 1691 1482 1714 cum
1503 1692 1542 1713 eo
1568 1681 1824 1721 cohaerentium,

946 1724 1009 1755 ssve
1025 1722 1083 1754 iint
1102 1723 1316 1762 industriales,
1340 1723 1404 1755 sive
1420 1725 1586 1755 naturales.
1635 1725 1739 1763 Atque
1756 1723 1822 1754 hoc

947 1775 1019 1796 cum
1038 1765 1238 1804 exploratum
1255 1765 1291 1796 fit
1307 1767 1336 1796 in
1349 1766 1577 1804 pendentibus,
1595 1769 1632 1797 an
1644 1764 1819 1796 dubitatio-

948 1817 1020 1838 nem
1032 1807 1146 1846 recipit
1162 1807 1192 1837 in
1209 1807 1397 1847 perceptis?
1414 1806 1561 1838 minime:
1577 1808 1720 1847 percepti
1732 1807 1822 1844 enim

945 1853 1037 1888 aeque
1048 1855 1176 1879 manent
1192 1847 1368 1887 poffefforis
1386 1848 1478 1879 bonae
1491 1848 1581 1886 fidei,
1595 1858 1631 1879 ac
1643 1849 1822 1888 pendentes

948 1889 1018 1921 sunt
1036 1889 1135 1921 illius:
1158 1898 1329 1928 propterea
1353 1891 1440 1930 quod
1465 1899 1538 1921 ante
1556 1889 1785 1928 separationem
1803 1899 1823 1920 a

949 1940 1087 1971 corpore
1109 1930 1224 1961 factam
1249 1930 1380 1962 fuerunt
1404 1932 1487 1971 ejus;
1510 1941 1614 1971 neque
1631 1931 1690 1962 hac
1713 1930 1758 1962 est
1776 1929 1823 1961 fa·

950 1973 1035 2003 {tum
1052 1972 1224 2012 quidquam
1245 1981 1310 2012 quo
1327 1971 1505 2004 desinerent
1520 1973 1626 2004 esse‘cl.
1644 1973 1663 2003 l.
1680 1982 1729 2011 25.
1744 1971 1774 2013 §.
1793 1980 1823 2003 1.

951 2014 991 2045 D.
1007 2015 1039 2044 de
1053 2015 1149 2052 usuris
1165 2013 1201 2047 δέ)
1219 2014 1237 2044 l.
1256 2018 1305 2050 48.
1325 2013 1366 2045 D.
1385 2015 1417 2044 de
1434 2015 1496 2056 adq.
1516 2024 1569 2045 rer.
1584 2015 1688 2045 domin.
1711 2012 1823 2045 Tenes

950 2054 1112 2094 justiniani
1128 2053 1245 2086 sensum
1263 2057 1292 2085 in
1303 2054 1428 2096 d.§.35.
1447 2065 1602 2096 eumque,
1619 2058 1690 2087 cum
1706 2055 1742 2086 fit
1758 2055 1827 2086 evio

948 2097 1143 2128 dentiffimus
1156 2120 1165 2133 ‚
1183 2105 1247 2127 non
1263 2094 1825 2128 fuiffeantehacautanimadve1·sun1

947 2147 1000 2170 aut
1018 2137 1265 2169 demonstratum
1276 2147 1291 2168 a
1302 2144 1353 2168 tot
1370 2138 1530 2170 nobilibus
1542 2139 1571 2170 δι
1583 2139 1672 2170 claris
1689 2137 1831 2178 ingeniis'

949 2184 965 2211 a
981 2187 1030 2210 tot
1048 2184 1134 2210 retro
1147 2177 1276 2218 seculis,
1294 2178 1493 2220 summopere
1511 2181 1617 2211 miror.
1641 2179 1714 2211 Nec
1728 2188 1827 2219 quem

951 2227 1100 2260 torqueat
1124 2220 1210 2260 quod
1237 2230 1300 2260 prae
1324 2230 1374 2252 me
1397 2221 1490 2260 fero,
1514 2221 1660 2252 culturam
1678 2221 1707 2252 &
1724 2230 1825 2252 curam

950 2263 981 2293 in
998 2262 1025 2293 d.
1041 2261 1070 2302 §.
1087 2271 1135 2302 35.
1151 2270 1214 2292 non
1231 2262 1405 2303 significare
1424 2265 1489 2294 r'ern
1506 2262 1599 2301 facti,
1616 2262 1667 2293 sed
1682 2262 1774 2302 juris,
1789 2262 1824 2293 id

951 2303 1013 2342 est,
1030 2303 1186 2334 culturam
1198 2303 1227 2334 &
1238 2312 1341 2335 curam
1360 2304 1453 2335 bonae
1472 2303 1543 2335 fidei
1556 2302 1715 2344 poffeffori
1726 2326 1735 2341 ,
1748 2311 1826 2335 tam-

952 2354 1046 2385 quam
1071 2344 1203 2375 domino
1219 2367 1229 2383 ,
1259 2345 1323 2376 five
1340 2345 1409 2385 jure
1437 2344 1596 2383 dominii,
1632 2344 1824 2376 conceffam.

950 2385 1034 2417 Nam
1050 2395 1086 2416 ea
1104 2385 1257 2425 loquendi
1268 2386 1372 2419 forma
1389 2386 1433 2418 est
1447 2385 1673 2426 Jureconsultis
1693 2395 1757 2417 non
1775 2387 1824 2417 in-

949 2427 1055 2458 solita:
1070 2425 1091 2457 fi
1108 2428 1332 2465 recordemur,
1348 2428 1539 2458 alluvionem
1556 2427 1696 2459 {imiliter
1707 2437 1765 2467 pro
1779 2427 1825 2468 ju-

949 2478 983 2500 re
999 2467 1186 2507 alluvionis3
1202 2468 1343 2500 haustum
1362 2478 1421 2509 pro
1435 2469 1503 2508 J'ure
1521 2468 1702 2506 hauriendi3
1718 2468 1826 2501 actum

949 2519 1007 2549 pro
1029 2510 1097 2549 jure
1121 2510 1254 2550 agendi3
1280 2512 1340 2542 iter
1356 2520 1415 2549 pro
1430 2511 1498 2551 jure
1515 2511 1633 2550 eundi3
1656 2510 1822 2551 appulsum

949 2560 1009 2591 pro
1029 2552 1098 2591 J'ure
1122 2551 1301 2591 appellendi
1328 2551 1388 2582 dici
1405 2552 1423 2582 l.
1446 2552 1557 2591 16.*D.
1573 2553 1606 2583 de
1620 2553 1686 2592 adq.
1703 2562 1758 2583 rer.
1774 2553 1824 2583 do-

949 2593 1018 2624 min.
1038 2592 1057 2622 l.
1077 2602 1105 2632 5.
1123 2591 1148 2632 ᾗ.
1171 2601 1197 2623 1.
1214 2592 1232 2623 l.
1253 2602 1299 2633 13.
1317 2592 1336 2634 §
1364 2603 1392 2624 2.
1417 2593 1454 2624 D.
1471 2593 1595 2631 deserv.
1617 2592 1715 2634 rustic.
1729 2595 1821 2635 prced.

994 2633 1142 2673 Aliquem
1153 2634 1182 2664 in
1194 2634 1349 2665 diversum
1359 2633 1457 2674 rapiat
1466 2635 1484 2665 l.
1494 2645 1542 2675 45.
1554 2634 1595 2666 D.
1607 2636 1639 2666 cie
1647 2636 1742 2671 usuris
1753 2644 1823 2675 quae

953 2674 998 2706 est
1016 2674 1205 2714 Pomponii,
1223 2675 1252 2705 ἃ
1271 2674 1423 2715 sequente
1440 2677 1532 2714 loco,
1548 2683 1583 2707 ut
1599 2676 1742 2717 promisi,
1767 2686 1821 2707 ex-

954 2716 1124 2756 pedienda.
1150 2714 1254 2746 Verba
1272 2717 1442 2758 Pomponii
1461 2717 1546 2749 sunt:
1565 2717 1689 2749 Frustus
1700 2718 1820 2757 percipi-

951 2758 1020 2788 endo
1036 2767 1110 2787 uxor
1124 2757 1170 2787 vel
1187 2759 1235 2787 vir
1250 2767 1325 2789 exre
1340 2760 1445 2790 donata
1458 2762 1523 2797 suos
1532 2759 1630 2798 facit:
1645 2760 1705 2789 illos
1723 2764 1820 2788 tamen

951 2808 1020 2839 quos
1028 2800 1094 2837 siris
1109 2800 1196 2838 operis
1205 2798 1390 2839 adquifierit,
1407 2801 1501 2831 veluti
1515 2802 1637 2838 serendo.
1653 2810 1720 2830 nam
1729 2798 1757 2836 fi
1768 2805 1821 2838 po—

951 2850 1030 2870 mum
1047 2840 1212 2879 decerpserit
1229 2841 1275 2871 vel
1288 2850 1324 2872 ex
1331 2841 1419 2884 sylva
1436 2843 1516 2873 credit
1527 2865 1535 2878 ,
1559 2852 1614 2872 nvn
1626 2840 1665 2880 fit
1682 2841 1760 2880 ejus:
1777 2838 1820 2876 fi-

953 2882 1015 2910 cati
1031 2890 1080 2910 nec
1096 2881 1246 2920 cujuslibet
1260 2884 1334 2913 bonae
1351 2883 1601 2924 fidssl'PQffCfforl'sl
1624 2882 1692 2922 qnia
1707 2890 1764 2911 non
1779 2890 1816 2911 ea:

944 2921 1028 2960 facio
1038 2922 1098 2963 ejus
1113 2920 1260 2961 isfrustus
1274 2919 1412 2965 naseitur.
1440 2924 1516 2955 fiaec
1535 2922 1629 2953 verba
1647 2921 1749 2961 primo
1766 2923 1825 2952 ad·.

952 2963 1059 3002 spedu
1076 2963 1172 2995 videri
1192 2965 1348 2997 contraria
1364 2976 1380 2997 a
1397 2968 1447 2997 r'ne
1459 2965 1546 2997 dietis
1561 2963 1601 2993 ad'
1613 2962 1679 3003 d.§.
1691 2971 1748 3003 35,
1764 2962 1824 2994 vix‘

952 3003 1015 3044 ipse
1032 3003 1159 3036 inficiari
1177 3005 1279 3038 aufim.
1305 3007 1458 3038 Sed'mihi
1476 3005 1587 3041 crede,
1607 3005 1748 3043 quisquis
1766 3013 1819 3041 es„

951 3054 967 3076 a
984 3045 1164 3084 Pomponio
1180 3056 1243 3079 non
1263 3049 1385 3080 tractari
1399 3048 1518 3082 casum,
1536 3053 1629 3083 quem
1646 3053 1708 3084 prae
1721 3046 1827 3090 inani-J

951 3087 1007 3118 bus
1024 3086 1118 3118 habet
1134 3087 1334 3127 Justinianus.
1359 3092 1400 3120 ita
1419 3097 1481 3119 non
1495 3086 1612 3117 obstat:
1630 3094 1700 3117 nam
1719 3086 1819 3118 sermo

954 3127 1155 3169 imperatoris
1172 3131 1202 3162 in
1219 3132 1246 3161 d.
1266 3131 1294 3172 §.
1314 3141 1365 3171 35.
1390 3129 1433 3159 est
1453 3129 1492 3159 de
1509 3128 1600 3157 bonae
1611 3126 1684 3158 fidei
1702 3127 1822 3167 posses-

947 3168 1032 3208 sore,
1056 3170 1195 3203 habente
1212 3173 1336 3203 titulum
1354 3169 1467 3210 justum
1486 3168 1515 3199 &
1531 3170 1696 3214 aptum-ad
1722 3176 1821 3201 trans—

945 3209 1113 3287 ferendplm
1130 3212 1318 3247 dominium
1342 3210 1540 3252 Pomponius
1557 3219 1634 3244 vero
1651 3220 1681 3243 m
1698 3211 1728 3243 d.
1741 3211 1827 3284 Lib-„j

1108 3263 1125 3289 2
1782 3261 1816 3282 o„

956 101 980 138 1.
1015 104 1066 141 De
1080 102 1124 138 r'ai
1141 102 1351 140 vindicatione.
