2036 3495
134 154 202 180 110
527 138 532 143 ”
565 137 599 174 G
633 148 653 172 Ε
687 148 708 171 R
742 146 761 170 A
797 146 818 169 R
852 145 876 169 n
909 144 922 168 1

137 232 333 274 expreffum:
357 237 391 260 ut
408 228 459 259 vel
478 236 542 258 uno
563 226 614 257 vel
633 234 771 260 utroque
796 223 926 254 absente
943 232 1015 262 pro-

135 283 250 306 matur.
276 279 402 312 poenani
426 277 532 299 autem
554 268 578 298 is
598 267 651 307 qui
670 266 794 304 defuit,
819 264 1014 296 committit:

137 314 210 355 quia
234 324 290 355 pei·
316 321 388 342 eum
412 309 533 341 factum
557 307 620 347 est,
645 318 710 349 quo
727 308 829 339 minus
847 308 1016 337 arbitretur

137 354 282 395 d.i.2y.§
301 363 330 392 4.
351 351 413 383 Vix
431 350 667 392 opusmoneri,
685 357 839 390 oportere
851 349 1015 384 arbitrum,

137 397 253 436 aliquid
271 394 575 435 pronunciaturuin,
597 391 710 432 jubere
727 391 774 421 vel
794 399 849 429 per
865 388 1015 420 nuncium

136 439 189 469 vel
213 446 269 477 pei·
292 435 476 476 epistolam,
499 434 676 475 litigatores
702 430 804 463 atless'e
827 431 845 461 i.
863 440 909 468 49.
936 433 965 472 §.
987 439 1012 460 1.

138 481 166 510 h.
188 485 209 509 t.
231 485 322 509 certo
339 477 434 509 loco:
452 478 492 508 de
510 485 574 515 quo
592 474 742 515 Ulpianus
759 473 778 503 l.
798 481 846 503 21.
862 472 892 513 §.
915 481 958 503 ιο.
979 469 1015 505 &³

140 529 188 551 11.
208 521 234 550 l).
254 525 274 550 t.
292 528 353 550 nec
363 518 465 551 minus
483 525 574 548 certo
590 525 738 556 tempore
763 523 823 554 pro
852 516 917 553 ejus
933 513 1013 544 arbi·

139 562 213 592 trio.
238 560 345 601 potest
361 561 445 591 enirn
463 560 549 590 omni
568 557 618 589 die
640 555 863 598 pronuntiare:
888 563 1014 595 praeter-

137 612 233 642 quam
253 601 446 640 Domrnico,
464 609 606 638 excepto
623 602 652 630 in
670 600 687 629 l.
701 609 729 639 7.
750 598 783 627 C.
802 598 834 627 cle
845 596 951 636 feriis:
975 604 1016 626 ex

139 654 199 683 qua
216 644 408 685 interpolata
426 643 497 673 esti.
515 645 565 682 36.
584 641 623 671 D.
643 642 669 670 h.
688 648 708 670 t.
730 638 849 678 adjecta
859 635 1013 668 clausula:

139 685 212 723 Nzfi
226 687 286 717 alia
303 687 382 725 Lege
396 687 492 716 eadem
509 685 567 714 dies
575 683 689 723 ferinta
707 683 737 711 in
754 691 812 721 qua
825 679 964 714 sententia
974 679 1015 708 cli—

140 727 205 766 ira,
230 725 269 768 eft
286 734 421 767 excepta:
445 733 479 756 ut
497 724 606 756 monui
625 724 714 762 supra
735 723 788 752 sub
809 720 944 758 Titum,
970 718 1016 750 De

132 769 230 809 feriis.
266 768 337 800 Nec
354 767 458 799 obstat
475 767 493 796 l.
515 776 560 807 13.
579 766 607 807 §.
627 776 653 806 3.
673 766 698 795 h.
716 770 736 794 t.
757 764 803 793 his
821 761 935 793 verbis.
960 762 1021 791 Ar-

141 812 212 841 biter
228 820 264 843 ex
280 808 469 850 compromiffo
481 809 525 838 his
540 808 638 838 diebus
653 816 709 836 non
721 807 832 846 cogitur
848 804 1019 840 sementiam

139 854 231 883 dicere
254 853 357 894 quihus
383 851 487 890 Jutlex
513 859 571 880 non
588 854 723 891 cogetur:
745 846 800 884 m'si
821 847 881 876 dies
898 852 1017 884 compro·

139 893 212 933 rmffi
230 897 347 925 exitura
357 892 418 930 fit,
434 901 485 922 nec
498 891 625 931 proferri
639 889 727 930 poffit.
753 887 836 919 Nam
853 887 937 918 aliud
953 885 1017 924 est,

138 935 289 967 arbitrum
308 944 373 966 non
393 933 481 974 poffe
497 933 589 974 cogi,
614 929 801 963 sententiam
817 930 942 961 dicere:
966 927 1016 958 ali-

139 979 198 1015 ud,
222 978 375 1008 arbitrum
392 974 480 1015 posse
500 973 688 1005 sententiam
704 973 810 1003 dicere
828 970 877 1001 sua
893 969 1016 1010 sponte.

138 1019 203 1050 hoc
226 1016 331 1058 potest
345 1026 438 1059 agere
457 1015 545 1048 omni
563 1014 680 1047 feriato
696 1013 765 1051 die,
791 1019 931 1052 excepto
950 1009 1014 1041 Dov

139 1062 270 1092 mimico.
298 1060 375 1091 illud
393 1068 457 1090 non
484 1056 591 1098 potest
608 1057 696 1096 cogi:
718 1055 797 1087 ficut
821 1063 880 1085 nec
896 1052 1018 1092 judex3

142 1101 196 1133 nisi
220 1101 361 1134 exiturus
386 1099 423 1132 fit
445 1098 663 1137 compromiffi
686 1096 773 1135 dies,
797 1104 858 1126 nec
881 1092 1019 1138 proferri

142 1143 237 1183 poffit
256 1144 312 1174 (tl.
328 1153 375 1184 13.
394 1141 463 1183 §.3
481 1140 679 1180 Est,praeter
697 1140 779 1170 diem
799 1137 1019 1172 Dominicum,

143 1187 172 1215 ὅ(
190 1184 267 1216 alins
285 1184 371 1216 casus
388 1193 452 1224 quo
471 1183 607 1220 arbiter,
631 1189 695 1221 quo
713 1180 789 1211 velit
805 1178 873 1217 die,
897 1176 1020 1208 senten-

114 1252 117 1253 .
142 1226 216 1258 tiam
237 1226 322 1257 ferre
339 1232 487 1265 nequeat.
512 1232 598 1254 extat
617 1222 642 1254 is
658 1223 688 1252 in
707 1222 725 1253 i.
746 1231 795 1263 32.
814 1219 843 1262 §.
866 1229 911 1251 10.
930 1219 957 1249 h.
975 1224 997 1248 ι.

184 1271 226 1302 At
245 1277 279 1299 ut
295 1266 465 1307 prmsentes
481 1265 543 1297 effe
557 1263 733 1305 litigatores
751 1269 904 1305 opor-teti
916 1259 1018 1291 iic-ra-

141 1311 239 1341 tionis
256 1308 317 1343 est,
336 1317 395 1339 nec
412 1306 574 1338 absentem
592 1316 633 1337 ex
650 1305 773 1336 arbitris
791 1302 852 1334 else
869 1301 1017 1341 aliquem.

142 1352 160 1382 l.
177 1362 225 1390 qo.
248 1350 287 1381 D.
304 1351 331 1380 h.
349 1356 370 1381 ι.
391 1348 580 1381 Consentire
599 1355 704 1378 tamen
722 1356 794 1383 eos,
812 1341 936 1376 necesse
953 1351 1019 1373 non

143 1393 207 1424 est:
228 1392 247 1423 {i
269 1392 367 1432 major
382 1391 561 1422 inveniatur
577 1398 646 1429 pars
663 1388 749 1427 cujus
767 1385 896 1417 arbitrio
912 1383 1019 1415 stetur.

142 1443 173 1465 at
192 1433 294 1473 finge,
318 1434 399 1464 duos
424 1432 504 1468 effe,
531 1432 560 1461 δι
587 1429 755 1460 dissentire.
781 1428 877 1459 debet
898 1426 1021 1458 Praetor

143 1484 219 1513 eos,
241 1475 262 1506 si
279 1484 342 1505 non
359 1472 581 1509 consentiant,
599 1480 734 1511 cogere,
756 1470 881 1500 tertiam
899 1475 1022 1499 certam

143 1517 264 1557 eligere
281 1513 448 1556 personam
465 1515 552 1553 cujus
568 1512 747 1543 auctoritati
765 1518 919 1551 pareatur.
948 1517 982 1539 ut
998 1507 1020 1539 i·

142 1560 226 1599 gitur
246 1555 369 1588 necesse
387 1565 451 1587 non
470 1554 524 1593 fit,
546 1563 658 1586 omnes
674 1552 874 1590 consentire,
900 1559 930 1581 at
947 1559 1021 1590 prai-

142 1601 246 1631 sentes
270 1597 332 1629 effe
349 1607 462 1629 omnes
486 1603 636 1636 oportet:
662 1596 735 1635 quia
754 1594 783 1624 in
801 1602 912 1624 omnes
934 1600 1021 1622 com-

141 1639 327 1682 promissum
344 1638 405 1671 est:
425 1639 454 1669 δι
473 1637 579 1678 potuit
599 1636 687 1667 unius
702 1634 863 1676 praesentia
881 1634 1020 1671 reliquos

142 1682 271 1714 trahere
293 1680 324 1712 in
343 1679 427 1711 suam
443 1679 643 1710 sententiam.
678 1677 741 1709 Sed
758 1677 797 1708 de
815 1676 861 1707 bis
878 1676 971 1717 plene
989 1676 1029 1711 in¹

142 1725 162 1760 l.
186 1733 230 1763 17.
249 1723 277 1764 §.
293 1733 322 1762 5.
342 1727 372 1753 (ι.
390 1732 417 1760 7.
436 1721 472 1756 ὅ)
488 1721 507 1752 i.
531 1725 577 1754 18.
595 1720 621 1750 h.
640 1725 660 1750 c.

149 1792 153 1796 ,
183 1764 353 1804 Reliquum
370 1762 434 1799 est,
452 1770 489 1793 ut
505 1763 545 1793 de
565 1760 683 1792 effectu
700 1760 861 1791 sententiae
881 1757 1019 1799 dispicia-

141 1816 224 1839 muS.
249 1806 277 1837 ἃ
300 1805 345 1836 est
369 1803 619 1836 observandum:
645 1803 732 1842 quod
757 1802 873 1833 arbiter
895 1810 959 1832 non
977 1798 1021 1831 est

142 1849 268 1890 judex3
292 1845 343 1878 sed
363 1845 408 1877 est
425 1844 529 1877 similis
547 1844 649 1883 judici
666 1845 682 1874 i.
698 1851 722 1874 1.
739 1844 766 1873 h.
786 1849 806 1873 t.
823 1851 1022 1881 vocaturque

144 1890 248 1931 judex
265 1898 305 1919 ex
319 1885 578 1927 compromiffoi.
592 1890 639 1920 81.
662 1885 704 1916 D.
721 1886 754 1915 de
764 1886 886 1926 judiciis
898 1907 906 1922 ,
926 1885 1020 1914 etiam

143 1932 247 1971 Judex
262 1927 653 1969 comprorniffariusl.5.§
678 1936 704 1958 1.
717 1928 750 1957 C.
761 1928 788 1957 b.
798 1932 819 1956 c.
840 1936 875 1955 ea
886 1934 1019 1965 propter

144 1972 277 2005 interest
292 1971 374 2003 inter
384 1978 564 2007 utrumque.
584 1978 654 2000 nain
672 1966 882 2008 oportetstari
900 1965 1021 1998 senten-

145 2016 199 2046 tiae
209 2013 333 2053 Judicis.
356 2020 468 2043 contra
481 2020 606 2050 aequum
622 2011 751 2044 Quidem
764 2008 806 2040 est
818 2032 826 2047 ,
846 2012 945 2048 pareri
958 2008 1019 2039 sen

144 2056 255 2088 tentiae
265 2054 392 2086 arbitri:
411 2063 520 2084 verum
533 2051 696 2082 neccffitas
707 2051 733 2081 ei
745 2052 775 2081 in
787 2050 862 2081 foro
874 2049 957 2081 nulla
967 2050 1021 2081 est.

147 2096 256 2134 quinsi
270 2096 317 2134 jus
335 2097 522 2135 quaerimus3
539 2103 602 2124 non
621 2093 666 2124 est
684 2091 836 2123 sententia
852 2092 868 2121 l,
886 2101 931 2132 ¹3-
949 2091 977 2132 §.
993 2102 1022 2132 5.

146 2139 190 2170 D.
208 2139 240 2168 de
257 2132 300 2168 he}
315 2138 366 2177 qui
382 2142 441 2167 noi.
459 2136 564 2172 infirm.
598 2144 658 2165 nec
677 2134 774 2165 habet
799 2134 1024 2164 aucloritatem

146 2183 193 2212 rei
207 2178 372 2219 judicatae‚
390 2176 468 2208 teste
479 2177 578 2208 Paulo
595 2176 643 2207 lib.
663 2187 691 2215 5.
705 2175 835 2205 Senieni.
855 2176 899 2204 tit.
911 2174 971 2215 5.§
997 2184 1021 2206 1,

147 2219 307 2262 sicutipse
324 2229 388 2250 non
414 2217 459 2250 est
475 2218 594 2257 judex,
620 2216 692 2248 licet
707 2216 848 2256 judicem
866 2215 1024 2247 imitetur:

147 2273 213 2294 non
226 2261 373 2292 concessa
390 2261 418 2291 ei
435 2270 451 2290 a
469 2259 589 2306 legibus
600 2260 753 2289 notione:
774 2258 823 2289 sed
840 2267 879 2288 ex
898 2258 1024 2297 privato

147 2303 345 2346 litigatorum
373 2300 527 2333 consensu
544 2301 562 2331 l.
586 2310 610 2331 1.
632 2301 664 2331 C.
682 2300 709 2330 h.
730 2306 751 2330 t.
776 2308 841 2338 quo
860 2308 956 2330 nemo
976 2298 1023 2338 Ju—

149 2347 210 2377 dex
227 2344 293 2376 fieri
312 2343 418 2385 potest
434 2343 451 2373 l.
463 2353 493 2384 3.
512 2342 545 2374 C.
563 2343 596 2372 de
607 2340 754 2383 jziristiiti.
778 2341 820 2371 ita
833 2340 873 2371 nil
891 2339 1022 2378 mirum,

149 2388 188 2419 ab
207 2388 271 2425 eius
288 2385 445 2417 sententia
467 2394 531 2415 non
557 2383 727 2424 appellari;
752 2391 812 2413 nee
829 2391 869 2414 ex
886 2391 921 2412 ea
941 2381 1023 2412 nasci

148 2428 305 2460 actionem
331 2429 374 2459 rei
391 2427 537 2466 judicatae
555 2426 581 2456 d.
600 2426 618 2455 l.
640 2434 663 2455 1.
682 2433 742 2454 nec
760 2423 844 2464 sequi
862 2422 1022 2454 infamiam

149 2472 177 2501 d.
196 2470 214 2500 i.
234 2479 280 2510 13.
297 2469 326 2511 ᾗ.
343 2479 372 2509 5.
393 2467 526 2508 primum
547 2476 610 2497 non
631 2465 733 2506 potest
751 2465 789 2495 ab
805 2474 840 2495 ea
857 2465 1023 2505 appellari:

149 2520 271 2542 tanturn
291 2518 421 2549 recepta
438 2508 673 2549 provocatione
689 2516 706 2537 a
723 2506 876 2537 sententia
892 2506 1022 2545 judicis.

148 2553 193 2584 At
210 2551 317 2583 resistit
333 2552 397 2582 hoc
413 2551 433 2582 i.
453 2561 500 2590 253.
520 2549 559 2580 D.
576 2551 609 2580 de
624 2548 875 2589 appellationibus,
894 2547 944 2578 Ex
959 2558 1023 2578 con-

149 2594 232 2632 fenju
248 2593 429 2634 litigantium
453 2592 529 2622 circa
546 2589 771 2631 corizpromi'ffrim
788 2600 806 2619 a
824 2589 946 2626 Proefisle
959 2595 1024 2629 pro-

150 2635 256 2666 vz'ncz'ae
271 2634 377 2673 Jzidi‘ce
387 2636 451 2663 [lato
461 2657 470 2672 ‚
484 2632 580 2663 ‘vibius
590 2631 678 2672 potest
685 2639 851 2671 provocare.
876 2629 940 2661 Nifi
953 2640 1023 2670 pro,

151 2677 230 2708 circa
245 2674 481 2713 coiiipromiffum,
499 2674 667 2713 quomodo
683 2673 806 2709 editur,
823 2671 1022 2704 scribendum

151 2717 215 2755 est,
239 2717 313 2747 citra
331 2715 562 2759 coiaproiiiisyiiiiz.
588 2714 707 2752 sensus,
731 2712 822 2744 Posse
838 2714 989 2752 appellari
1008 2723 1025 2744 a

149 2759 307 2791 sententia
324 2756 459 2794 judicis,
476 2766 491 2786 a
511 2756 642 2787 Praeside
659 2756 722 2787 dati
740 2765 779 2786 ex
797 2754 948 2785 consensu
966 2755 1024 2786 liti-

148 2807 298 2842 gatorum
314 2797 377 2829 fine
403 2796 505 2827 forma
528 2796 752 2837 compromiffi.
783 2796 960 2836 cujusmodi
978 2796 1027 2835 Ju-

152 2843 260 2875 dicurn
275 2838 423 2879 exempla
442 2837 513 2868 dedi
533 2839 581 2869 lib.
604 2848 629 2870 1.
651 2838 696 2869 De
710 2839 815 2880 jurisd.
832 2837 869 2872 ξς.)
887 2839 985 2879 imper.
1004 2847 1025 2869 c.

153 2894 202 2925 13.
219 2883 272 2915 sed
295 2882 336 2912 de
351 2879 463 2910 talibus
488 2888 550 2923 non
575 2881 675 2919 agitur
697 2880 760 2910 boc
783 2878 908 2910 Titulo.
933 2887 1027 2909 caete-

150 2935 221 2959 rum
239 2932 273 2955 ut
287 2922 437 2963 appellari
457 2929 473 2950 a
490 2921 644 2951 iententia
666 2920 773 2952 arbitri
791 2920 1026 2960 compromissa—

151 2967 189 3000 rii
207 2976 271 2998 non
290 2963 403 3005 poffit‚
419 2961 463 2993 est
478 2960 563 2991 casus
575 2960 607 2991 in
626 2971 690 3000 quo
708 2963 864 3001 reperitur
881 2962 1027 3002 quaedam

150 3008 252 3040 veluti
269 3004 449 3046 appellandi
469 3002 606 3047 species:
626 3012 665 3032 co
684 3004 772 3042 quod
789 3002 863 3034 licet
881 3004 1028 3034 retracta-

151 3060 188 3082 re
215 3051 254 3080 de
280 3046 434 3079 sententia
455 3044 572 3075 arbitri.
610 3042 695 3073 hunc
719 3043 822 3075 casum
846 3044 1027 3076 observavit

152 3091 269 3123 Paulus
288 3090 305 3120 l.
323 3098 373 3130 32.
391 3087 419 3128 §.
439 3095 485 3125 14.
507 3084 546 3115 D.
563 3084 591 3115 b.
608 3090 629 3114 t.
652 3085 789 3121 addens,
811 3085 901 3117 illum
918 3086 1027 3117 deberi

153 3132 323 3170 Rescripto
343 3129 423 3168 Imp.
440 3125 604 3158 Antonini.
623 3124 657 3155 In
674 3125 738 3155 hoc
754 3134 817 3155 non
834 3125 879 3156 est
898 3128 1027 3166 quidem

155 3173 346 3215 appellatio:
372 3170 424 3201 sed
448 3170 513 3209 ejus
539 3166 807 3211 quaedam'veluti
830 3166 934 3205 imago
951 3169 1028 3199 indi-

155 3218 291 3255 gitatur:
315 3211 466 3243 effectum
490 3209 718 3242 reti-aGationis
744 3206 1027 3250 considerantibus.

153 3254 231 3290 Non
255 3255 352 3295 magis
373 3251 477 3294 potest
499 3251 583 3285 actio
600 3250 629 3282 ὅτ.
648 3257 799 3289 exceptio
819 3256 862 3280 rei
878 3248 1026 3287 judicatae

980 132 1244 169 Noonr
1302 133 1519 173 COMM.

1057 221 1138 254 nasci
1162 232 1203 255 ex
1222 224 1329 257 arbitri
1355 225 1511 258 sententia
1528 226 1546 256 l.
1571 235 1598 258 1.
1619 225 1651 259 C.
1672 226 1708 261 ἐς)
1724 226 1742 258 l.
1762 235 1789 258 2.
1805 226 1849 260 D.
1863 228 1891 260 h.
1908 235 1935 263 τ.

1060 272 1182 296 tantum
1204 274 1334 306 recepta
1352 269 1505 307 exceptio
1525 267 1627 307 pacti:
1652 268 1846 300 monstrante
1863 270 1882 300 l.
1900 280 1931 309 5.

1061 305 1095 351 β.
1111 307 1139 336 h.
1151 308 1295 351 metante
1311 309 1330 340 i.
1353 318 1394 349 13.
1416 310 1443 351 §.
1466 319 1489 340 1.
1504 309 1544 340 D.
1561 309 1590 340 h.
1607 315 1628 340 t.
1646 311 1765 350 primus
1781 309 1868 341 ausus
1885 310 1933 342 fu-

1060 355 1085 390 it
1101 345 1306 394 justinianus,
1321 352 1441 381 arbitro
1461 350 1586 391 sumpto
1603 359 1674 382 cum
1687 351 1870 383 sacramenti
1887 362 1934 383 re—

1060 387 1179 434 ligione
1192 411 1201 427 ,
1225 392 1389 435 indulgere
1408 393 1567 423 afiionem
1593 392 1612 422 l.
1631 402 1658 432 4.
1678 393 1711 423 C.
1729 393 1755 423 h.
1773 400 1795 423 r.
1820 394 1938 433 (quain

1059 427 1176 475 luitulit
1194 432 1295 476 rursus
1317 443 1348 463 in
1367 434 1461 464 Auth.
1488 434 1642 471 Decerne,
1665 443 1742 465 mox
1760 433 1945 475 sequente)

1060 470 1090 500 &
1113 471 1228 516 deinde
1251 482 1281 504 in
1300 476 1327 504 d.
1347 474 1367 505 l.
1388 486 1418 515 5.
1441 476 1470 506 in
1495 474 1556 506 alio
1580 474 1660 506 casu.
1688 474 1739 507 sed
1761 476 1813 507 illa
1837 477 1932 507 nova.

1060 510 1230 542 Veteribus
1252 515 1465 559 una-innotuit
1479 526 1581 555 poenae
1594 517 1709 557 petitio
1728 526 1768 548 ex
1784 526 1936 557 compro-

1058 551 1149 583 miffo
1167 554 1195 583 d.
1212 553 1231 583 l.
1258 563 1283 585 1.
1309 556 1342 601 id
1359 556 1422 595 est,
1447 558 1572 589 actione
1589 568 1627 589 ex
1646 558 1803 599 stipulatu.
1828 559 1936 599 Atque

1061 594 1128 624 baec
1144 594 1186 641 esi
1209 592 1370 627 sententiae
1390 599 1481 629 ditiae
1500 600 1673 632 executio:
1692 607 1785 639 quam
1801 599 1832 631 in
1849 600 1865 630 i.
1884 609 1935 640 32.

1058 635 1087 676 §.
1105 639 1134 664 6.
1154 634 1190 680 ξς)
1206 639 1234 680 8.
1258 635 1295 667 D.
1311 638 1339 669 b.
1357 645 1378 669 t.
1398 641 1512 672 dicitur
1536 641 1653 672 Praetor
1670 642 1751 672 dare.
1779 640 1874 672 Unde
1894 641 1939 672 su·

1061 682 1109 724 bit
1121 685 1224 723 mirari
1242 677 1306 724 hoe
1323 678 1489 718 Javolenil
1509 692 1557 723 39.
1572 683 1612 713 D.
1628 684 1657 714 h.
1675 690 1695 713 t.
1716 683 1936 714 Contumaciam

1064 718 1219 764 litigatoris
1243 722 1349 765 arb-iter
1361 724 1469 760 punire
1489 725 1614 763 poterit,
1635 726 1789 765 pecuniam
1806 734 1870 755 eum
1885 726 1937 754 ad-

1063 768 1188 798 venario
1203 759 1268 790 dari
1280 761 1417 801 jubendo.
1455 762 1526 805 Ego
1545 763 1615 796 sane
1633 766 1709 796 mihi
1731 775 1795 797 non
1815 774 1938 806 tempe-

1064 809 1120 850 ro,
1144 809 1185 830 ne
1200 809 1332 847 putem,
1356 802 1424 834 haec
1442 808 1558 843 verba,
1582 807 1741 838 Pecuniam
1755 817 1819 838 eum
1837 808 1941 838 adver-

1054 845 1134 881 sario
1154 842 1220 887 dari
1231 844 1378 890 jubendo,
1395 844 1457 876 ess'e
1474 845 1584 884 spuria.
1610 856 1705 888 atque
1720 848 1801 886 hoc,
1824 857 1858 879 ut
1876 857 1941 879 me-

1062 892 1167 921 retur,
1186 892 1216 914 in
1235 886 1439 924 {equentibus
1457 888 1580 927 plenius
1596 889 1832 921 demonstrabo.
1858 890 1943 922 Inte-

1061 934 1113 956 rea
1130 924 1312 971 non-silebo
1326 951 1334 965 ‚
1359 929 1447 967 quod
1463 928 1664 961 Modestinus
1683 931 1735 962 lib.
1750 935 1780 962 6.
1806 930 1939 972 Regula-

1061 975 1130 997 rum
1150 965 1273 1012 scribit,
1292 977 1366 1000 cum
1383 979 1423 1000 ex
1440 971 1669 1011 compromisso
1686 973 1806 1011 petitur
1823 981 1917 1012 poena
1929 994 1941 1010 ‚

1063 1017 1135 1053 eum
1154 1016 1207 1047 qui
1225 1010 1401 1056 commisit,
1428 1012 1639 1045 damnandum
1663 1014 1742 1046 effe:
1766 1022 1826 1044 nec
1841 1015 1940 1045 inter-

1063 1048 1143 1087 esse,
1167 1058 1204 1080 an
1231 1053 1396 1096 adversarii
1421 1053 1486 1092 ejus
1515 1053 1716 1094 interfuerit,
1740 1055 1850 1087 arbitri
1873 1053 1943 1086 sen-

1064 1098 1173 1122 tentia:
1191 1089 1278 1129 stari,
1303 1102 1363 1124 nec
1381 1104 1420 1125 ne
1435 1094 1453 1125 l.
1473 1099 1523 1135 38.
1543 1097 1570 1127 h.
1590 1101 1611 1127 t.

1103 1131 1214 1162 Multo
1233 1142 1336 1166 minus
1353 1138 1543 1175 praeteribo,
1568 1137 1643 1177 quid
1670 1136 1724 1176 fit,
1748 1137 1826 1170 Non
1842 1137 1942 1177 stare,

1064 1180 1117 1219 aut
1136 1183 1200 1220 pon
1218 1183 1328 1221 parere
1342 1176 1503 1209 sententiae
1522 1179 1640 1210 arbitri.
1664 1178 1707 1210 Et
1724 1187 1823 1221 puto,
1838 1178 1859 1211 fi
1873 1189 1943 1211 vei·—

1062 1214 1109 1245 bis
1133 1215 1215 1254 Juffit
1244 1218 1321 1263 quid
1347 1218 1414 1250 fieri
1440 1221 1577 1259 arbiter,
1601 1222 1630 1251 ἂ
1650 1230 1715 1252 non
1740 1221 1785 1253 est
1801 1220 1942 1260 faCtuin3

1061 1264 1115 1287 aut
1132 1264 1264 1296 contra,
1288 1260 1307 1290 [i
1334 1262 1439 1291 verbis
1457 1263 1560 1293 vetuit
1577 1262 1654 1302 quid
1671 1261 1760 1301 fieri,
1784 1263 1815 1294 &
1832 1262 1878 1294 est
1894 1261 1942 1294 fa-

1063 1298 1166 1343 ctunm
1191 1307 1254 1330 non
1274 1299 1335 1331 effe
1353 1303 1491 1341 paritum
1507 1303 1614 1334 arbitri
1634 1304 1809 1336 sententiae.
1834 1313 1872 1335 ac
1888 1305 1944 1335 du-

1063 1340 1150 1385 bito,
1168 1348 1205 1370 an
1224 1340 1284 1371 buc
1302 1344 1460 1382 pertineat
1479 1345 1542 1375 boc
1553 1345 1640 1376 Pauli
1659 1346 1677 1374 Ι.
1693 1355 1758 1377 121.
1776 1345 1816 1376 D.
1833 1351 1866 1375 (ie
1884 1345 1943 1376 Re-

1060 1381 1113 1421 gul
1129 1390 1192 1421 yur.
1211 1381 1276 1427 (est
1292 1385 1375 1415 enim
1389 1395 1427 1416 ex
1444 1385 1492 1416 lz'h.
1509 1395 1553 1426 ¹3·
1576 1387 1624 1417 Ad
1641 1385 1799 1425 Eritium,
1817 1396 1858 1417 ex
1874 1396 1941 1427 quo

1065 1422 1228 1469 complura
1254 1425 1307 1455 lub
1331 1425 1394 1456 lioc
1416 1425 1532 1458 Titulo
1555 1427 1625 1459 sunt
1648 1428 1713 1468 ejus
1732 1427 1941 1469 Fragmenta)

1066 1464 1128 1507 QZ
1144 1474 1199 1494 rion
1218 1465 1298 1504 facit
1315 1469 1390 1508 quod
1412 1469 1507 1506 facere
1525 1470 1622 1507 cieret,
1645 1471 1762 1501 vitietur
1770 1470 1875 1509 facere
1891 1470 1943 1499 ad·

1065 1508 1236 1553 versus-ea,
1259 1509 1329 1547 quia
1353 1519 1409 1539 non
1424 1510 1514 1549 facit>
1541 1510 1577 1543 ξς)
1599 1511 1740 1550 quifacic
1755 1512 1829 1551 quod
1842 1510 1943 1549 facere

1065 1556 1122 1576 non
1140 1548 1235 1585 clerici,
1259 1558 1316 1580 mn
1339 1552 1456 1582 vitietur
1470 1552 1572 1590 facere
1596 1552 1625 1581 id
1649 1553 1724 1592 quod
1735 1552 1837 1591 facere
1846 1550 1947 1592 juffur

1064 1585 1111 1627 esi.
1150 1588 1254 1629 Quid,
1278 1589 1298 1621 si
1312 1592 1429 1622 arbiter
1446 1594 1489 1622 ita
1512 1594 1718 1632 pronuntiet,
1740 1592 1830 1624 Nihil
1847 1592 1944 1624 videri

1070 1631 1178 1678 {ziziim
1193 1632 1287 1676 deluere
1305 1632 1388 1672 Sej0;
1413 1634 1442 1664 ἀ
1464 1633 1503 1664 ab
1521 1643 1561 1664 eo
1578 1642 1667 1673 petat
1685 1634 1765 1665 ille?
1790 1633 1843 1665 Nil
1862 1632 1945 1664 fecit

1064 1673 1151 1716 ξομε
1167 1672 1314 1704 adver-lus
1330 1674 1493 1706 sententiae
1510 1675 1616 1706 verba.
1640 1685 1705 1707 non
1723 1676 1808 1708 enim
1825 1674 1871 1707 est
1889 1684 1944 1706 ve-

1066 1720 1141 1743 titus
1153 1735 1162 1750 ,
1178 1722 1194 1743 a
1211 1712 1304 1745 Titio
1320 1723 1443 1756 petere.
1467 1724 1572 1748 tamen
1590 1717 1753 1748 manifesta
1764 1717 1871 1748 arbitri
1887 1725 1945 1746 vo-

1066 1755 1287 1805 luntatekiion
1303 1758 1405 1804 inagis
1422 1757 1465 1789 est
1483 1758 1617 1800 paritum
1636 1758 1802 1791 sententiae
1813 1758 1943 1796 arbitri,

1065 1805 1136 1827 cum
1152 1805 1242 1835 petiit
1260 1802 1347 1839 §ejus
1358 1808 1470 1830 contra
1486 1801 1551 1840 ejus
1567 1808 1706 1832 mentem
1718 1824 1726 1839 ‚
1740 1810 1834 1840 quam
1850 1799 1871 1832 fi
1888 1808 1945 1839 pe-

1067 1846 1112 1869 tat
1132 1847 1244 1884 contra
1264 1840 1368 1871 verba.
1393 1841 1445 1872 Sic
1460 1840 1615 1881 Ulpianus
1629 1842 1707 1874 ΔΜ.
1723 1841 1751 1883 §i
1773 1851 1796 1873 1.
1822 1841 1860 1873 D.
1875 1841 1903 1872 h.
1920 1848 1944 1872 t.

1064 1882 1093 1910 (St
1111 1880 1286 1928 pluribussl.
1307 1891 1354 1927 29.
1375 1883 1402 1913 d.
1424 1890 1443 1913 ι.
1465 1883 1602 1915 Primum
1619 1885 1681 1923 ait,
1706 1884 1856 1915 Adversus
1877 1883 1943 1922 sien-

1064 1923 1411 1969 tentzaiiivcirlrztrijic,fi
1422 1930 1541 1965 petatur
1558 1927 1592 1956 ab
1608 1935 1636 1955 eo
1653 1936 1670 1956 a
1688 1935 1742 1966 qiio
1759 1927 1866 1956 arbiter
1881 1923 1943 1964 petz*

1065 1969 1167 1994 velitri.
1190 1967 1307 2010 idque,
1332 1974 1365 1995 ut
1382 1965 1466 2005 dixi,
1485 1967 1568 1998 ultro
1584 1974 1706 1998 certum
1725 1965 1787 1997 est:
1811 1966 1883 2006 quia
1900 1964 1943 1996 fic

1066 2014 1131 2036 non
1155 2015 1257 2049 minus
1278 2008 1395 2047 petitur
1417 2008 1562 2039 adversus
1580 2008 1677 2038 verba
1695 2008 1821 2045 arbitri,
1846 2015 1942 2046 quam

1067 2047 1213 2091 adver-lus
1233 2057 1383 2079 mentem.
1409 2049 1470 2079 Sed
1484 2049 1588 2090 finge,
1605 2049 1658 2088 qui
1677 2048 1721 2080 est
1738 2048 1871 2088 sequens
1890 2057 1942 2078 ca-

1067 2089 1134 2127 lus,
1152 2091 1216 2134 peti
1235 2089 1274 2134 ab
1291 2091 1356 2130 ejus
1374 2089 1580 2130 fidejuss‘ore?
1597 2091 1700 2122 dices:
1717 2090 1759 2122 nil
1777 2089 1814 2121 fit
1832 2090 1944 2120 adver·

1068 2129 1115 2160 sus
1128 2131 1239 2176 ‘arbitri
1258 2133 1364 2162 verba.
1388 2139 1483 2172 atque
1500 2132 1541 2163 ita
1558 2132 1619 2163 est:
1637 2141 1702 2163 non
1720 2132 1804 2163 enirn
1819 2131 1943 2167 vetuit,

1068 2179 1134 2218 peti
1155 2182 1170 2202 a
1188 2171 1384 2212 fidejussore,
1410 2172 1460 2204 sed
1479 2183 1496 2203 a
1513 2183 1579 2204 reo.
1598 2174 1673 2214 quid
1690 2181 1796 2204 tamen
1811 2171 1945 2203 interest

1069 2223 1133 2252 rei,
1151 2223 1254 2257 utro-in
1274 2215 1312 2244 ab
1331 2215 1397 2254 ipso
1413 2223 1556 2254 petatur,
1573 2224 1609 2246 an
1629 2224 1643 2245 a
1661 2213 1838 2255 fitljnss'ore3
1855 2214 1944 2244 habi-

1069 2263 1161 2292 turo,
1178 2255 1358 2293 ninivem,
1374 2255 1543 2297 regressum
1562 2255 1648 2287 suum
1664 2255 1811 2287 adversus
1827 2253 1948 2286 reum?

1066 2297 1186 2336 placuit
1201 2298 1295 2337 igitur
1312 2296 1452 2337 Ulpiano
1466 2322 1474 2336 ,
1493 2298 1523 2328 in
1550 2296 1716 2338 proposito
1732 2306 1796 2328 non
1813 2296 1875 2328 ess'e
1889 2305 1944 2337 pa-

1066 2346 1160 2369 ritum
1178 2337 1339 2370 sententiae
1357 2339 1481 2370 arbitri:
1505 2339 1574 2379 quia
1595 2348 1630 2370 ut
1645 2339 1688 2370 iiil
1711 2338 1835 2369 diretto
1856 2346 1945 2378 peta-

1067 2388 1118 2425 tur
1135 2389 1244 2426 areo,
1269 2388 1300 2411 at
1319 2381 1347 2410 vi
1367 2380 1430 2420 ipsa
1447 2381 1486 2412 ab
1504 2390 1544 2411 eo
1565 2381 1629 2420 peti
1648 2379 1840 2420 intelligitur.
1865 2378 1946 2411 Non

1068 2422 1151 2452 idem
1168 2421 1249 2460 elle,
1273 2422 1315 2452 ait
1333 2421 1500 2462 Ulpianus:
1516 2421 1537 2453 fi
1555 2421 1758 2461 compromifi
1776 2429 1849 2452 cum
1867 2419 1946 2452 fide-

1064 2463 1197 2508 Jullbi·e‚
1216 2463 1245 2494 ἃ
1263 2463 1443 2504 prohibitus
1460 2464 1499 2494 ab
1517 2463 1571 2494 illo
1587 2472 1712 2500 petere,
1736 2470 1814 2502 peto
1826 2471 1843 2492 a
1862 2462 1947 2502 prin-

1067 2505 1160 2550 cipali
1177 2514 1250 2535 reo:
1267 2504 1320 2536 nifi
1338 2504 1458 2536 interfit
1477 2503 1680 2544 fidejuss'ox-is,
1699 2513 1714 2534 a
1732 2513 1788 2536 reo
1807 2513 1872 2535 non
1890 2513 1944 2543 pe-

1066 2554 1100 2577 ti.
1142 2546 1251 2577 Simile
1268 2546 1452 2586 exemplum
1469 2545 1514 2577 cst
1533 2547 1563 2576 in
1581 2546 1600 2576 i.
1619 2555 1669 2586 37.
1692 2544 1731 2575 D.
1750 2546 1777 2576 b.
1796 2551 1817 2576 t.
1834 2544 1945 2577 Ecce:

1066 2596 1178 2619 mutua
1200 2588 1237 2618 lis
1261 2587 1305 2618 est
1329 2588 1411 2618 inter
1431 2588 1521 2618 duos.
1544 2587 1575 2618 in
1594 2596 1630 2617 ea
1656 2585 1797 2627 sumptus
1822 2586 1942 2617 arbiter

1068 2637 1175 2667 vetat,
1194 2629 1327 2660 alterum
1344 2629 1383 2659 ab
1400 2629 1501 2660 altero
1518 2637 1640 2669 petere.
1664 2637 1777 2659 neuter
1795 2628 1887 2668 petiit
1902 2627 1943 2658 ab

1068 2671 1187 2702 altero:
1212 2669 1263 2701 sed
1282 2671 1320 2701 ab
1344 2670 1449 2701 altero
1469 2671 1550 2710 petit
1575 2670 1666 2701 heres
1682 2671 1820 2702 alterius.
1846 2679 1883 2700 an
1899 2668 1949 2700 est

1069 2712 1204 2752 paritum
1222 2710 1386 2742 sententiae
1398 2711 1531 2743 arbitri?
1548 2711 1659 2750 aliquis
1671 2719 1779 2749 putet:
1797 2712 1885 2750 quod
1899 2711 1946 2741 ni-

1070 2754 1113 2785 hil
1128 2753 1172 2784 est
1188 2753 1306 2784 ditium
1319 2754 1358 2783 de
1377 2754 1511 2784 herede:
1528 2761 1651 2784 tantuin
1668 2751 1713 2783 est
1731 2753 1884 2789 vetitum,
1903 2760 1945 2782 ne

1070 2796 1149 2826 alter
1170 2801 1256 2838 petat
1273 2794 1312 2825 ab
1328 2794 1441 2825 altero.
1459 2796 1548 2834 quod
1564 2793 1686 2825 nonest
1702 2793 1830 2825 factum.
1849 2794 1891 2824 ait
1903 2801 1947 2823 ta-

1070 2846 1142 2868 rnen
1164 2835 1294 2875 Certus,
1319 2837 1478 2867 committi
1497 2845 1642 2876 poenam:
1671 2836 1754 2876 quasi
1771 2835 1806 2866 {it
1826 2834 1946 2866 fastum

1071 2876 1217 2909 adversus
1228 2884 1368 2908 nientein
1380 2877 1486 2909 arbitri
1498 2887 1506 2915 3
1523 2877 1577 2908 etsi
1588 2886 1650 2908 non
1662 2876 1697 2908 fit
1707 2876 1824 2908 factum
1835 2876 1947 2907 adver-

1071 2919 1119 2951 sus
1139 2919 1243 2950 verba.
1266 2920 1413 2959 elegante
1430 2920 1572 2950 ratione:
1588 2920 1674 2959 quod
1692 2916 1860 2954 arbiter,fi
1879 2924 1946 2947 tan-

1072 2969 1137 2992 tum
1158 2959 1292 2991 sensiss'et
1308 2961 1348 2991 de
1365 2961 1598 2998 litigatoribus,
1617 2969 1680 2990 non
1693 2960 1785 2990 etiam
1803 2960 1842 2989 de
1853 2957 1945 2988 here-

1071 3003 1174 3040 dibus;
1185 3002 1282 3041 inagis
1293 3001 1455 3033 distuliss‘et
1465 3002 1662 3041 litem,quam
1674 2999 1844 3032 sustuliffet.
1856 2995 1945 3037 quod

1071 3053 1135 3075 non
1156 3043 1199 3074 est
1219 3044 1387 3083 probabile
1402 3053 1475 3074 eum
1493 3042 1660 3083 cogitasse:
1685 3042 1755 3080 quia
1772 3048 1834 3069 non
1853 3036 1944 3067 defc-

1072 3085 1240 3116 rendaruin
1251 3086 1352 3116 litium
1363 3084 1451 3115 causa
1463 3085 1566 3115 aditur
1577 3093 1617 3114 ex
1628 3078 1851 3120 compromisso
1860 3077 1944 3108 arbi-

1072 3136 1138 3165 ter-3
1155 3126 1208 3157 sed
1219 3135 1324 3157 earum
1336 3126 1546 3157 tollendarum
1559 3125 1665 3166 gratia.
1683 3120 1879 3152 Poffitalicui
1898 3119 1945 3149 vi-

1074 3168 1143 3198 deri
1154 3167 1278 3199 obstare
1288 3168 1307 3199 l.
1321 3177 1367 3207 27.
1380 3167 1407 3208 §.
1422 3175 1446 3197 1.
1457 3168 1483 3196 h.
1494 3173 1506 3196 t
1528 3166 1663 3197 Seduni]
1674 3159 1945 3200 obstat.Superio-

1071 3209 1155 3240 ribo<
1168 3218 1232 3240 non
1244 3209 1426 3248 importune
1438 3209 1606 3238 adderetur
1615 3202 1794 3246 exemplum
1806 3202 1823 3231 l.
1832 3212 1877 3242 34.
1887 3201 1911 3230 h.
1922 3206 1944 3230 t.

1073 3250 1194 3287 Verum
1202 3250 1267 3284 hoc
1275 3250 1337 3290 jain
1347 3249 1505 3289 explicui,
1520 3247 1563 3279 De
1566 3244 1646 3286 pubi.
1657 3242 1693 3279 &³
1704 3242 1841 3284 trcznsffl‘·
1851 3252 1874 3273 ⁶·
1885 3241 1943 3313 fg
