2036 3495
134 114 179 155 78
579 100 612 136 G
643 110 663 135 E
698 106 721 130 a
754 104 776 128 Α
808 103 832 128 1t
864 102 888 127 n
919 103 931 127 1
981 89 1018 126 N

141 209 239 232 unum
256 196 450 237 exemplum.
482 190 535 222 sed
559 198 599 221 ne
615 187 716 217 solum
733 183 788 220 fit,
810 182 923 214 addam
943 180 1019 211 alte-

142 251 213 274 rum
229 250 267 272 ex
285 240 302 270 l.
321 247 369 278 23.
385 236 413 266 b.
432 240 454 265 t.
497 230 605 262 Titius
621 235 735 268 gerens
751 222 1019 268 aliena'negotia,

142 283 323 316 indebitum
346 275 479 316 exegit3
512 274 609 302 etiam
632 268 727 298 solvit
755 264 943 297 indebitum.
976 270 1019 293 ait

142 324 276 360 Paulus,
299 327 370 350 eum
387 315 476 356 quod
492 311 635 344 indebite
655 308 765 345 solvit,
789 305 844 337 fibi
863 305 1019 345 imputare

143 365 283 400 debere,
297 368 361 391 non
373 356 506 389 domino
520 376 528 391 ‚
545 361 615 383 eam
630 348 822 381 solutionem
840 354 938 378 ratam
955 353 1020 376 non

143 406 303 438 habituro.
328 408 384 431 cui·
407 397 493 428 enim
513 394 609 426 solvit
625 391 712 432 quod
735 399 801 421 non
818 386 1019 420 debebatur?

145 448 176 478 δι
192 445 215 479 fi
230 442 342 480 solvit;
366 439 443 479 quid
468 437 507 469 ad
522 435 688 467 dominum
706 433 760 471 qui
778 439 839 461 nec
863 428 1021 465 debebat,

144 496 206 520 nec
223 484 301 516 solvi
320 482 404 523 jussit
418 481 435 512 ἱ)
459 478 582 511 nonita
600 473 683 513 esse,
711 473 731 504 fi
750 472 826 510 quid
844 470 1021 514 indebitum

145 526 292 568 accepit,
315 533 386 556 nam
412 522 433 554 fi
459 519 606 552 dominus
626 523 724 547 ratam
749 513 866 544 habeat
891 511 1019 555 solutio-

142 578 238 608 nem3
254 567 372 599 debere
383 564 413 596 id
424 562 556 595 domino
574 559 659 590 bona
671 555 734 587 fide
753 554 935 586 restituere:
949 560 1022 597 quia

145 612 211 652 ejus
228 608 360 641 nomine
377 607 514 644 accepit.
540 601 640 632 adde:
666 597 753 639 quod
772 601 900 639 tenetur
919 595 1021 638 domi·

143 662 204 684 iius
232 649 386 687 solventi,
409 645 481 687 post
497 641 775 676 ratihabitionem,
800 638 840 668 de
864 634 1021 666 indebito.

145 693 212 734 ipse
228 700 317 723 certe
335 689 439 731 gestor
456 685 666 718 abstinentem
685 680 774 711 omni
793 679 884 710 lucro
902 674 1023 721 pr5aesta-

145 745 180 767 re
204 734 302 766 fidem
325 732 434 764 debet.
480 728 590 759 Altera
609 733 681 765 pars
704 720 873 752 reddendae
890 726 1023 749 rationis

148 775 289 808 consistit
305 776 336 805 in
355 782 414 804 eo:
432 777 466 802 ut
485 767 690 810 negotiorum
705 761 811 804 gestor
826 759 959 806 domino
977 768 1023 789 re-

146 827 238 859 paret
263 818 411 848 damnum
435 812 522 853 quod
547 810 577 840 ei
604 806 692 838 dedit
718 804 769 835 vel
787 800 1024 834 committendo

148 860 201 891 vel
225 856 435 890 omittendo:
459 851 558 884 niodo
583 845 792 881 intervenerit
818 844 884 884 ejus
910 842 1024 888 dolus,

147 909 201 933 aut
213 901 324 940 culpa,
342 898 438 929 etiarn
456 893 616 926 l-eviffima.
635 890 686 920 Sic
704 894 805 928 put03
821 887 851 917 <st
869 884 1025 921 clarebit,

146 943 168 974 fi
193 942 330 983 primum
353 944 507 969 exemero
533 932 777 975 scrupulum-ex
800 928 819 958 ἰ.
839 936 888 958 20.
909 925 942 956 C.
959 925 986 961 h,
1001 932 1022 955 ι.

148 984 185 1016 In
204 993 240 1014 ea
256 981 340 1014 nulla
357 978 393 1011 fit
410 977 533 1010 mentio
549 976 651 1014 culpae
669 969 848 1007 leviffimae,
867 978 883 998 a
899 966 1025 1007 gestore

149 1024 351 1067 praestandae3
383 1021 434 1052 scd
452 1020 617 1051 dumtaxat
633 1014 719 1051 doli,
743 1013 820 1042 item
838 1008 938 1055 culpae
958 1008 1027 1038 latre

148 1076 185 1098 ac
212 1065 300 1097 levis.
334 1062 428 1104 poffit
451 1060 547 1102 igitur
572 1058 636 1089 hoc
662 1053 819 1094 aliquibus
846 1050 907 1082 esse
931 1049 1029 1080 mole-

147 1109 247 1146 stum,
265 1106 373 1147 paffim
392 1104 487 1135 s0litis
504 1111 520 1131 a
537 1097 701 1131 contrario
720 1096 837 1126 ducere
856 1100 1026 1140 argumen-

152 1157 231 1181 tum.
258 1148 346 1190 quod
367 1154 398 1177 te
415 1145 468 1176 liic
486 1142 595 1174 facere
612 1139 728 1171 nolim:
753 1143 839 1166 certa
857 1136 887 1166 ot
906 1132 1027 1164 indubi-

152 1199 219 1223 tata
232 1190 306 1231 juris
324 1188 438 1220 forma.
455 1193 549 1226 quam
566 1182 609 1213 ob
621 1179 713 1212 rem?
729 1179 802 1219 quia
818 1178 844 1207 d.
861 1175 879 1205 i.
891 1184 938 1206 20.
962 1182 1026 1204 non

151 1231 197 1265 est
214 1230 372 1273 generalis
391 1225 611 1260 Constitutio‚
637 1229 760 1262 ponens
785 1226 839 1249 aut
855 1223 980 1262 mutans
1000 1224 1027 1244 a·

152 1274 268 1307 {tionis
286 1271 443 1304 formam:
459 1268 512 1299 sed
530 1265 575 1298 est
594 1263 794 1302 Rescriptum
810 1258 849 1290 ad
867 1257 1028 1288 Libellum

150 1315 316 1356 cuiusdam
326 1311 529 1344 Ostavianae:
545 1317 562 1338 a
581 1315 642 1346 qua
661 1302 871 1334 vei-ifimiliter
882 1305 1030 1339 rogatum

151 1357 236 1396 fuit,
252 1363 358 1387 utrum
377 1360 498 1385 tantum
517 1350 557 1381 de
575 1348 652 1380 dolo
671 1346 700 1376 ἃ
719 1345 779 1375 lata
797 1341 890 1382 culpa
907 1348 1030 1386 tenere-

152 1408 205 1430 tur
230 1397 434 1438 negotiorum
459 1391 585 1433 gestor;
610 1398 647 1419 an
672 1387 767 1417 etiam
792 1385 831 1415 de
858 1384 920 1413 lew
940 1381 957 1412 ἵ)
981 1380 1031 1427 Ac

151 1440 268 1471 videor
294 1437 369 1470 mihi
396 1435 495 1467 simile
519 1427 696 1463 observasse
720 1429 750 1458 in
776 1426 795 1456 l.
819 1434 862 1463 17.
884 1423 917 1454 C.
943 1424 976 1452 de
992 1430 1030 1466 ret

156 1482 267 1512 vindic.
292 1480 322 1510 in
341 1486 401 1518 qua
423 1475 540 1507 dicitur
556 1472 644 1503 malae
665 1468 740 1500 fidei
761 1465 911 1507 poss‘ess'or
928 1471 1029 1510 teneri

149 1524 195 1555 de
219 1519 373 1552 fructibus
398 1515 577 1557 perceptis:
600 1521 664 1544 non
690 1510 779 1550 quod
796 1510 1030 1552 delpercipien-

150 1564 204 1597 dis
230 1570 293 1593 non
320 1567 467 1591 tenetur:
492 1556 544 1587 sed
572 1555 660 1595 quod
682 1552 741 1582 hos
768 1548 945 1595 inlabello
964 1555 1030 1576 non

150 1604 325 1643 attigerant
345 1599 576 1634 Consultores;
591 1596 620 1627 ἃ
633 1602 756 1626 tantum
771 1590 832 1622 fuit
848 1588 1030 1634 responluni

152 1646 193 1677 ad
210 1644 330 1676 factum
349 1641 477 1674 Libello
492 1639 647 1670 oblatum.
671 1634 733 1665 Sed
752 1633 826 1664 talia
845 1638 941 1661 etiam
958 1630 1030 1660 alibi

152 1686 265 1720 notavi
283 1685 331 1716 lib.
347 1693 377 1722 4.
397 1681 539 1715 Probabit.
559 1690 583 1711 c.
602 1689 629 1720 3.
655 1677 753 1718 Igitur
768 1682 836 1705 rem
855 1672 1029 1703 videamus.

153 1726 396 1768 aitJustinianus
408 1725 436 1766 ᾗ.
458 1733 484 1756 1.
504 1720 576 1760 Just.
589 1723 622 1751 cle
639 1720 722 1759 oblig.
738 1725 801 1758 quae
817 1714 895 1762 quast
913 1723 949 1744 ex
967 1722 1030 1758 ciiii·

153 1769 240 1804 ῖναὲἶ.
262 1768 468 1809 negotiorum
485 1763 645 1805 gestorum
662 1762 702 1791 ad
723 1757 944 1789 exattissimam
962 1754 1030 1786 dili-

153 1811 296 1853 gentiam
317 1808 468 1847 compelli
488 1805 622 1837 reddere
639 1801 817 1838 rationem;
834 1807 894 1829 nec
913 1795 1032 1843 suffice-

153 1863 210 1892 re,
236 1852 332 1883 talem
350 1849 505 1882 adhibere
521 1845 717 1886 diligentiam
729 1865 738 1880 ,
763 1841 890 1881 qualern
907 1838 966 1870 suis
982 1846 1030 1869 re-

157 1896 217 1927 bus
241 1892 394 1925 adhibere
421 1889 520 1921 solet:
544 1887 562 1920 fi
581 1887 681 1918 modo
699 1884 775 1915 alius
794 1882 977 1923 diligentior
993 1888 1034 1910 eo

156 1935 363 1968 commodius
375 1930 648 1965 administraturus
658 1925 735 1958 esset
749 1932 889 1965 negotia.
912 1922 953 1953 fic
969 1921 1033 1952 ille.

157 1977 251 2010 Idem
276 1974 385 2008 censet
410 1973 492 2014 Imp.
510 1970 676 2009 Philippus
691 1968 710 1999 l.
731 1976 779 2006 24.
806 1966 839 1996 C.
864 1966 897 1996 cie
921 1966 1036 1999 usuris.-

160 2018 306 2052 Glauciae
324 2016 450 2048 cuidam
467 2012 663 2049 rescribens,
687 2010 753 2050 ejus
771 2015 925 2045 matrem,
942 2005 964 2037 fi
980 2014 1034 2036 ne-

158 2061 249 2102 gotia
275 2069 344 2100 quae
369 2058 407 2089 ad
428 2065 502 2088 eum
528 2053 708 2094 pertinent,
731 2049 859 2090 gesserit
875 2073 884 2088 ,
917 2047 1035 2079 debere

159 2111 292 2134 omnem
308 2099 504 2141 diligentiam
521 2094 677 2136 praestare.
701 2091 850 2123 Tenetur
865 2090 977 2131 igitur,
1002 2095 1037 2119 ut

162 2143 249 2182 dixi,
274 2141 479 2182 negotiorum
496 2136 602 2179 gestor
625 2136 665 2167 de
684 2134 763 2166 dolo
780 2132 809 2164 ὅ(
826 2132 913 2164 omni
931 2132 1035 2170 culpa.

158 2184 273 2225 anue
285 2184 409 2215 ratione
426 2181 458 2212 in
476 2180 494 2210 l.
513 2189 560 2219 25.
577 2177 605 2219 §.
618 2180 674 2208 Δ16.
694 2174 737 2208 D.
758 2174 860 2205 Famil.
877 2174 971 2212 ercisc.
988 2172 1034 2204 di-

160 2226 356 2267 stinguitura
371 2221 552 2254 coherede:
569 2219 622 2259 qui
640 2218 680 2249 de
692 2216 843 2248 leviffima
859 2215 952 2255 culpa
969 2223 1034 2245 non

163 2275 300 2299 tenetur.
346 2264 445 2296 Forte
470 2263 581 2293 dices:
606 2260 637 2291 in
662 2259 866 2300 negotiorum
892 2255 1035 2297 gestione

162 2310 245 2340 verti
273 2307 443 2339 utilitatem
467 2303 563 2335 solius
587 2301 737 2338 domini3
762 2308 796 2331 ut
821 2300 851 2330 in
878 2297 1034 2339 deposito.

163 2351 260 2392 igitur
278 2348 439 2383 sufficere,
462 2345 622 2383 utrimque
647 2341 781 2382 praestari
803 2341 911 2372 dolum
929 2342 957 2370 ὅ(
972 2339 1037 2370 cul-

162 2401 235 2433 pam
250 2390 357 2422 latam.
388 2388 451 2420 Sed
466 2386 543 2419 levis
559 2384 715 2416 momenti
733 2382 778 2413 est
794 2382 863 2413 lizec
881 2381 1034 2422 objeffio.

163 2442 236 2465 iiam
261 2433 365 2472 primo
387 2429 407 2462 fi
434 2428 503 2467 quis
528 2429 557 2457 se
574 2425 694 2457 obtulit
711 2424 879 2464 deposito,
903 2424 996 2454 etiam
1014 2423 1038 2453 is

164 2481 293 2505 tenetur
310 2474 349 2504 de
366 2470 517 2503 levissima
535 2468 629 2507 culpa
644 2467 665 2498 l.
687 2475 712 2498 1.
732 2466 761 2507 §.
774 2475 823 2506 35.
841 2465 883 2496 D.
898 2462 1037 2505 Depofizi.

165 2515 283 2547 deinde
308 2512 454 2550 interest,
478 2510 566 2552 quod
581 2509 785 2549 negotiorum
805 2506 906 2548 gestio
921 2505 1039 2547 speetat

166 2557 205 2588 ad
223 2554 546 2591 administrationem3
563 2560 635 2582 cum
655 2548 834 2589 depofitum
853 2556 975 2579 tantum
995 2548 1040 2578 in-

165 2597 276 2629 tendat
290 2597 328 2627 ad
345 2594 529 2627 custodiam.
575 2592 608 2624 In
632 2590 778 2630 deposito
804 2589 899 2631 igitur
926 2588 1040 2620 sufficit

165 2639 252 2670 bona
275 2636 354 2668 fides
371 2659 380 2674 ‚
410 2635 560 2667 custodiae
586 2633 755 2664 sufficiens.
777 2639 810 2663 at
834 2631 1039 2672 negotiorum

165 2679 267 2721 gestio
279 2677 432 2709 desiderat
443 2675 624 2708 industriam
635 2698 644 2713 ,
663 2673 796 2713 negotio
805 2680 910 2712 aptam
921 2673 950 2703 ὅ(
960 2681 1037 2703 con-

166 2721 370 2752 venientem:
393 2727 487 2757 quarn
509 2719 604 2748 etiam
631 2714 774 2757 profiteri
800 2714 928 2745 videtur
942 2714 967 2744 is
985 2713 1039 2754 qui

166 2763 208 2794 ad
229 2761 330 2793 aliena
353 2759 482 2798 negotia
506 2758 643 2798 gerenda
666 2756 780 2797 sponte
797 2756 933 2786 accedit.
957 2754 1040 2785 hanc

167 2803 265 2846 igitur
280 2801 335 2834 nisi
352 2798 498 2840 praestet,
513 2799 597 2830 reete
615 2809 655 2830 eo
674 2798 803 2830 nomine
823 2804 968 2828 tenetur:
985 2805 1039 2827 ex-

167 2844 278 2885 emplo
304 2841 520 2882 procuratoris
546 2849 586 2870 ex
619 2841 768 2871 mandato
794 2838 1039 2870 intervenientis

167 2887 189 2918 l·
207 2895 258 2918 21·
277 2883 314 2920 &³
334 2893 379 2924 13.
399 2882 433 2913 C.
451 2880 604 2912 Manciam:
640 2880 735 2912 Plane
752 2880 912 2912 interdum
929 2879 1039 2910 dolum

166 2925 373 2959 solummodo
390 2921 504 2954 versari
522 2922 553 2952 in
570 2921 695 2952 actione
713 2922 919 2961 negotiorum
959 2920 1039 2952 esto-

167 2978 258 3008 rum,
273 2967 385 2999 Labeo
402 2963 519 2996 scribit.
536 2961 565 2992 &
582 2961 626 2992 est
645 2963 845 3002 exemplum,
859 2962 880 2994 fi
896 2972 910 2994 a
941 2962 1040 2993 efflo-

169 3021 212 3043 ne
229 3009 358 3041 coactus
370 3031 380 3046 ‚
404 3015 444 3037 ne
458 3005 542 3036 bona
566 3011 637 3034 mea
653 3002 878 3043 distrahantur,
902 3004 1040 3044 negotiis

169 3060 205 3083 te
227 3051 307 3083 meis
333 3046 501 3081 obtuleris.
524 3044 730 3085 aequissimum
748 3045 833 3075 enim
851 3044 913 3076 effe
930 3052 1040 3085 putat,

169 3093 283 3124 dolum
300 3092 466 3123 dumtaxat
481 3095 514 3119 te
530 3084 684 3127 praestare.
707 3093 840 3122 eamque
855 3086 1041 3117 sententiam

169 3134 289 3174 probat
315 3131 469 3172 Ulpianus
497 3129 516 3160 l.
534 3138 563 3169 3.
586 3126 615 3168 §.
634 3135 664 3162 9.
691 3125 760 3155 bnt.
780 3124 928 3156 Tenetur
946 3128 1040 3167 igitur

171 3175 378 3216 negotiorum
402 3170 508 3214 gestor
530 3167 716 3210 regulariter
739 3166 779 3197 de
804 3165 882 3197 dolo
908 3166 938 3196 ὅ(
954 3170 1039 3199 omni

171 3217 275 3259 culpa.
291 3216 342 3250 An
357 3215 398 3247 de
413 3212 483 3249 casu
500 3219 630 3255 quoque
643 3207 781 3244 fortuito
791 3206 808 3240 2
823 3214 942 3248 negant
960 3207 1041 3252 0107

1052 100 1240 130 oon-r
1296 89 1511 129 cona.

1063 180 1217 226 cletianus
1235 182 1265 214 ὅ(
1282 182 1517 222 Maximianus,
1532 182 1554 215 fi
1571 191 1635 215 non
1653 184 1847 218 interveniat
1863 176 1931 225 spe*

1063 223 1144 253 ciale
1170 223 1304 269 paritum.
1328 224 1369 256 fic
1394 233 1484 257 extat
1506 226 1538 256 in
1563 225 1582 256 l.
1608 234 1657 257 22.
1683 225 1715 255 C.
1735 225 1763 256 h.
1781 231 1801 256 t.
1823 226 1932 258 verba}

1064 262 1224 310 Negotium
1243 273 1375 307 gerentes
1398 268 1544 305 alienum,
1567 276 1626 297 non
1643 267 1850 297 interveniente
1874 268 1934 306 spe*—

1063 304 1240 346 czalzpufi‘o,
1257 317 1289 338 ca
1307 308 1354 338 'mn
1365 308 1530 347 fortuitum
1541 305 1679 348 praestare
1698 317 1756 338 non
1769 307 1936 346 compellun-

1065 351 1124 392 tur.
1160 346 1202 377 At
1217 350 1308 394 quod
1325 349 1430 389 potest
1447 349 1572 390 paCtum
1588 348 1723 389 lpeciale
1740 348 1934 379 intervenire

1065 396 1096 417 in
1115 395 1317 432 negotiorum
1334 389 1498 431 gestione3
1521 398 1591 430 quae
1615 390 1678 422 fine
1698 389 1843 430 pastione
1860 390 1938 420 coti·

1064 426 1320 476 fistit2-nullum.
1348 432 1518 473 legendum
1537 432 1649 473 igitur,
1672 441 1729 462 non
1747 430 1940 461 intervenien-

1066 474 1092 514 t?
1105 470 1322 516 specznltfak'toe
1347 474 1435 513 quod
1454 474 1572 514 primus
1591 482 1688 513 atque
1703 468 1866 513 ingeniose
1882 471 1939 502 ob-

1065 510 1166 541 servat
1190 511 1403 557 Ampliffimus
1430 515 1583 553 Senator,
1608 514 1652 546 D.
1678 524 1738 545 van
1762 512 1940 554 Bynckers-

1065 550 1171 598 hoek,
1187 552 1234 582 hb.
1258 561 1283 584 1.
1299 554 1416 592 Observ.
1435 566 1459 587 c.
1478 567 1507 597 7.
1532 557 1561 588 &
1577 557 1639 597 jam
1657 555 1802 593 laudavi,
1827 553 1941 594 Depaa·

1065 592 1118 623 ciis
1134 602 1158 622 σ.
1178 601 1207 632 3.
1232 592 1317 640 Tale
1329 595 1448 628 fastum
1467 599 1593 638 elegans
1611 599 1640 629 in
1659 598 1678 628 l.
1698 607 1744 629 11.
1768 596 1810 627 D.
1828 595 1856 626 h.
1873 601 1894 625 t.
1917 593 1941 626 ss

1066 642 1191 665 novum
1209 643 1374 682 negotium
1391 641 1479 677 quod
1495 649 1561 670 non
1579 638 1615 671 sit
1640 639 1747 671 solitus
1772 636 1881 668 absens
1896 636 1940 667 fa-

1067 684 1159 722 cere,
1187 681 1378 725 tunnomine
1404 680 1470 719 ejus
1487 689 1594 721 geras:
1620 681 1718 712 veluti
1735 679 1864 710 venales
1884 687 1942 708 no-

1068 725 1166 747 vitios
1183 718 1387 764 coemendo,
1404 721 1454 751 vel
1472 723 1608 761 aliquam
1625 731 1664 753 ne
1690 722 1880 753 otiationem
1897 719 1943 750 in-

1068 760 1187 790 eundo.
1212 759 1256 789 est
1272 768 1361 805 enim>
1372 762 1503 794 rationis
1518 763 1626 803 (quod
1641 773 1662 794 o
1692 762 1765 794 endi
1783 761 1830 792 lib.
1853 770 1877 792 1.
1895 759 1943 791 De

1061 800 1170 840 foenor.
1192 798 1228 833 ὅ)
1245 802 1325 845 usur.
1344 811 1368 847 ς.
1389 802 1439 843 8.)
1459 812 1476 834 a
1499 810 1531 834 te
1550 803 1688 843 praestari
1706 803 1810 835 casum
1828 801 1943 833 fortui-

1069 849 1135 887 t-um
1147 864 1156 880 ‚
1172 839 1227 872 etfi
1244 843 1384 883 alioquin
1402 853 1465 875 non
1483 844 1646 884 praestetur
1663 854 1680 877 a
1694 844 1831 886 gestore.
1847 844 1944 883 igitur

1067 882 1089 914 ii
1106 883 1195 924 quod
1211 882 1362 915 damnum
1381 884 1480 917 fuerit
1499 895 1540 917 ex
1558 894 1594 917 ea
1611 896 1644 918 re
1663 886 1806 918 secutum
1818 909 1827 925 ‚
1851 893 1882 916 te
1901 883 1945 915 se-

1069 932 1203 970 quetur,
1227 925 1351 956 lucrum
1371 936 1450 958 vero
1470 926 1643 960 absentem.
1670 936 1704 959 ut
1722 935 1847 966 tamen,
1872 925 1894 958 si
1912 926 1944 957 in

1071 966 1261 1006 quibusdam
1288 966 1409 1000 lucrum
1426 967 1546 1000 fatiam
1564 967 1663 1000 fuerit
1675 992 1685 1007 ,
1708 969 1738 1000 in
1757 968 1946 1009 quibusdam

1071 1010 1221 1038 damnum
1239 1031 1248 1046 ,
1279 1008 1389 1042 absens
1415 1008 1544 1050 pensare
1574 1010 1697 1042 lucrum
1720 1019 1793 1042 cum
1826 1009 1945 1041 damno

1072 1048 1188 1080 debeat
1207 1050 1234 1079 d.
1251 1049 1270 1080 Z.
1295 1058 1341 1080 ii.

1115 1091 1159 1121 bt
1182 1091 1221 1121 ad
1247 1100 1314 1136 reni
1337 1099 1493 1124 revertar:
1518 1092 1646 1133 placet,
1670 1093 1878 1133 negotiorum
1894 1099 1949 1133 ge-

1071 1131 1300 1177 storequuia
1318 1133 1504 1173 regulariter
1522 1142 1648 1166 tenetur
1659 1136 1698 1166 de
1715 1135 1792 1166 dolo
1810 1134 1840 1166 ἃ
1859 1133 1949 1165 omni

1071 1174 1182 1213 culpa,
1206 1175 1531 1221 livecommittendo
1553 1178 1718 1217 contingat
1733 1199 1742 1214 ‚
1767 1175 1831 1207 five
1855 1174 1950 1206 omit-

1072 1215 1198 1260 tendo,
1223 1217 1345 1246 idcirco
1370 1218 1503 1248 domino
1531 1218 1627 1250 etiam
1654 1217 1755 1249 teneri
1778 1217 1819 1248 ad
1843 1216 1947 1248 usuras

1072 1264 1214 1305 pecuniae
1240 1257 1278 1287 ab
1305 1266 1344 1288 eo
1368 1258 1589 1303 administratae
1616 1258 1636 1289 l.
1653 1268 1703 1297 24.
1731 1258 1766 1290 C.
1791 1260 1825 1289 de
1840 1258 1948 1294 usuris*-

1072 1297 1134 1343 Sed
1150 1297 1254 1338 quas?
1277 1306 1347 1343 qute
1367 1308 1397 1330 in
1417 1301 1551 1340 regione
1566 1299 1830 1340 frequentantur:
1855 1299 1896 1331 fic
1920 1308 1951 1329 e-

1073 1348 1139 1370 nim
1166 1338 1304 1385 servatur
1328 1350 1357 1371 in
1386 1341 1477 1371 bonae
1505 1341 1579 1374 fidei
1601 1341 1750 1381 judiciis,
1774 1351 1813 1372 ex
1831 1341 1949 1380 quibus

1073 1379 1119 1427 est
1137 1380 1205 1410 litet·
1222 1380 1314 1411 aftio.
1351 1381 1438 1423 Quid
1451 1406 1458 1419 ‚
1483 1382 1502 1413 si
1519 1381 1625 1423 gestor
1641 1382 1761 1414 domini
1780 1383 1950 1422 pecuniam

1073 1430 1104 1468 in
1116 1425 1186 1452 ulus
1206 1422 1274 1467 suos
1291 1425 1488 1454 conxerterit
1509 1424 1591 1455 analo
1607 1424 1723 1455 more?
1741 1432 1816 1454 tunc
1831 1423 1870 1454 ad
1886 1432 1950 1454 ma·

1072 1472 1191 1511 3timas,
1214 1464 1245 1507 id
1271 1463 1315 1494 est
1333 1488 1342 1503 ,
1375 1466 1561 1496 centelimas
1577 1488 1587 1503 ‚
1610 1474 1682 1496 eum
1707 1465 1827 1502 teneri,
1851 1465 1951 1495 docet

1080 1503 1097 1534 i
1110 1504 1307 1545 i-yphoninns
1325 1506 1343 1536 I.
1364 1510 1413 1547 38.
1434 1505 1475 1536 D.
1488 1506 1516 1537 h.
1534 1512 1556 1538 t.
1580 1506 1724 1547 Amplius
1741 1505 1873 1536 debebit
1892 1505 1950 1536 eti-

1073 1555 1123 1592 am
1140 1548 1316 1586 periculum
1328 1556 1439 1578 corum
1457 1549 1622 1579 nominum
1634 1556 1723 1587 ,quae
1742 1547 1806 1587 ipse
1823 1553 1951 1578 contra-

1075 1596 1142 1626 xit,
1166 1587 1349 1627 agnoscere.
1379 1598 1450 1619 nam
1472 1589 1650 1628 periculum
1668 1589 1835 1619 nominum
1855 1587 1951 1628 perti-

1075 1637 1131 1660 net
1148 1630 1186 1673 ad
1203 1628 1363 1668 gestorem
1381 1630 1606 1671 negotiorum3
1630 1639 1694 1660 non
1715 1630 1754 1661 ad
1771 1638 1843 1660 eum
1861 1629 1950 1669 cujus·

1074 1678 1204 1716 negotia
1227 1670 1312 1710 gesta
1337 1670 1416 1703 sunt.
1449 1669 1586 1710 scilicet,
1611 1671 1683 1709 quia
1707 1670 1864 1711 obligatio
1884 1679 1951 1702 non

1075 1712 1120 1743 cst
1139 1720 1204 1751 ejus
1216 1736 1225 1751 ‚
1243 1713 1400 1758 ⁴quamdiu
1418 1722 1482 1745 non
1502 1712 1547 1744 est
1565 1712 1646 1744 cessa
1662 1721 1679 1743 a
1695 1711 1832 1752 gestore.
1855 1712 1898 1743 ita
1915 1719 1952 1743 ut

1074 1762 1140 1785 non
1158 1762 1266 1794 potuit
1282 1764 1307 1785 is
1324 1755 1454 1796 exigere
1475 1755 1623 1786 nomina:
1646 1753 1689 1786 fic
1704 1752 1725 1786 fi
1742 1753 1902 1785 deteriora
1915 1752 1952 1784 fi-

1075 1802 1149 1834 ant,
1166 1804 1229 1826 non
1243 1795 1287 1842 est
1304 1796 1370 1836 eJus
1387 1796 1491 1837 culpa.
1509 1802 1622 1828 contra
1637 1796 1745 1837 potuit
1765 1794 1872 1836 gestor
1888 1795 1953 1826 exi-

1075 1846 1151 1883 gere
1177 1846 1327 1870 nomina:
1350 1847 1404 1877 ac,
1430 1838 1451 1869 fl
1475 1837 1639 1878 cessaverit
1659 1837 1692 1868 id
1710 1836 1840 1875 facere,
1863 1837 1893 1868 &
1908 1835 1954 1867 in-

1078 1887 1168 1924 terim
1179 1878 1261 1910 faeta
1276 1879 1335 1911 sint
1350 1879 1529 1919 deteriora3
1545 1880 1610 1920 ejus
1620 1878 1714 1918 culpa
1729 1878 1782 1910 est.
1798 1879 1830 1911 id
1846 1880 1954 1909 tameii

1077 1919 1178 1960 fallit3
1194 1921 1215 1952 fi
1234 1920 1376 1954 fortuitis
1391 1920 1511 1952 casibus
1530 1921 1693 1953 debitores
1709 1920 1752 1951 ita
1767 1919 1833 1951 suas
1849 1918 1953 1951 fortu-

1079 1971 1133 1994 nas
1148 1963 1336 2003 amiserunt,
1348 1970 1383 1994 ut
1400 1970 1547 2004 tempore
1562 1963 1626 1994 litis
1636 1971 1676 1993 ex
1693 1970 1730 1993 ea
1739 1960 1865 1993 actione
1874 1969 1954 1991 con·

1079 2003 1229 2036 testandae
1247 2014 1313 2037 non
1331 2004 1430 2037 effent
1448 2003 1622 2036 solvendo:
1640 2003 1732 2043 quia,
1748 2009 1783 2033 ut
1801 2001 1892 2042 supra
1907 2001 1952 2032 di·

1079 2046 1164 2078 tium
1176 2069 1186 2085 ,
1202 2047 1409 2089 negotiorum
1428 2045 1554 2086 gestor,
1568 2044 1625 2076 etsi
1642 2044 1743 2084 culpae
1759 2044 1890 2075 nomine
1908 2050 1954 2074 te-

1079 2095 1210 2126 neatur,
1227 2091 1267 2120 de
1285 2087 1422 2120 fortuito
1442 2095 1546 2119 tamen
1559 2085 1630 2117 casu
1647 2094 1713 2117 non
1730 2092 1858 2116 tenetur
1875 2084 1954 2124 l.37.

1077 2131 1107 2172 §.
1129 2139 1154 2161 i.
1175 2129 1216 2161 D.
1237 2130 1297 2161 ΙΝ.
1322 2129 1404 2161 Satis
1421 2128 1461 2160 de
1475 2128 1592 2160 diretta
1606 2127 1733 2159 actione
1747 2126 1954 2168 negotiorum

1077 2171 1248 2214 gestorum.

1116 2213 1268 2254 Sequitur
1291 2213 1450 2244 contraria
1471 2211 1564 2242 attio.
1595 2219 1632 2242 ea
1657 2210 1700 2242 fic
1723 2215 1857 2241 vocata:
1880 2208 1955 2249 quia

1078 2256 1170 2287 datur
1197 2263 1332 2294 contra,
1361 2253 1412 2284 seu
1438 2252 1585 2284 viciffim:
1608 2261 1681 2284 nam
1705 2250 1769 2282 hoc
1787 2249 1955 2291 significari

1080 2296 1181 2328 verbo
1192 2320 1201 2335 ,
1217 2303 1318 2328 contra
1329 2319 1338 2334 ,
1358 2293 1504 2326 Donatus
1520 2293 1630 2325 auCtor
1646 2292 1692 2324 est
1708 2293 1748 2324 ad
1761 2291 1955 2323 Terentium

1079 2338 1203 2378 Adelph.
1224 2347 1248 2369 1.
1271 2349 1295 2369 i.
1311 2346 1348 2368 ac
1365 2337 1498 2377 pulchre
1517 2334 1615 2376 Gajus
1630 2334 1689 2374 l.5.
1709 2333 1752 2365 D.
1769 2334 1802 2364 de
1817 2333 1899 2374 oblig.
1917 2330 1954 2367 ἐξ

1080 2379 1134 2411 a&
1159 2380 1220 2418 ait,
1237 2379 1257 2411 si
1277 2380 1345 2420 quis
1362 2379 1489 2409 alterius
1506 2377 1636 2418 negotia
1650 2373 1794 2416 gefferit,
1811 2375 1955 2415 proditas

1081 2420 1143 2453 effe
1155 2421 1296 2452 actiones
1315 2429 1392 2461 quas
1407 2419 1602 2460 appellamus
1617 2416 1835 2456 Negotiorum
1851 2414 1958 2456 gesto-

1081 2472 1168 2494 rum:
1185 2463 1300 2502 quibus
1317 2464 1454 2492 invicem
1464 2460 1600 2500 experiri
1618 2457 1794 2498 poffuntde
1809 2466 1850 2487 eo
1866 2456 1957 2496 quod

1082 2514 1122 2535 eit
1141 2504 1225 2535 bona
1236 2502 1299 2534 fide
1309 2503 1441 2534 alterum
1450 2501 1540 2532 alteri
1553 2500 1696 2540 praestare
1705 2505 1849 2539 oportet.
1866 2497 1956 2540 Quid

1082 2546 1179 2587 igitur
1205 2545 1275 2576 est?
1300 2543 1378 2576 ficut
1401 2543 1482 2574 attio
1501 2541 1618 2573 diretta
1639 2541 1730 2572 datur
1746 2539 1881 2571 domino
1897 2539 1954 2570 ad-

1083 2586 1189 2618 versus
1215 2585 1393 2627 gestorem,
1418 2591 1452 2615 ut
1475 2584 1588 2614 reddat
1605 2582 1689 2613 attus
1715 2581 1758 2613 sui
1775 2580 1934 2612 rationem
1945 2586 1958 2612 ε’
1994 2599 1998 2602 -

1083 2629 1125 2660 ita
1141 2627 1301 2658 contraria
1317 2627 1408 2658 datur
1419 2622 1694 2666 gestoriadversus
1713 2631 1786 2654 eum
1805 2622 1892 2662 cujus
1902 2630 1957 2653 ne-

1081 2670 1170 2711 gotia
1189 2669 1309 2700 utiliter
1326 2666 1413 2709 gesta
1430 2666 1508 2697 sunt.
1542 2667 1590 2696 Ad
1610 2663 1710 2706 quid?
1732 2672 1769 2695 ut
1785 2664 1814 2695 ei
1831 2662 1957 2703 praeste-

1082 2721 1132 2742 tur
1149 2709 1306 2751 quidquid
1329 2719 1369 2740 eo
1392 2708 1523 2740 nomine
1543 2708 1596 2738 vel
1620 2704 1707 2738 abest
1725 2706 1772 2742 ei.
1796 2705 1849 2736 vel
1865 2704 1956 2737 abfu-

1083 2761 1187 2784 turum
1207 2752 1263 2782 est.
1281 2749 1363 2782 Haec
1373 2749 1514 2781 formula
1531 2748 1699 2780 contrariae
1710 2746 1858 2778 actionis:
1873 2746 1959 2778 hanc

1082 2793 1181 2825 refert
1199 2791 1297 2833 Gaius
1314 2792 1334 2824 l.
1352 2802 1381 2824 2.
1401 2792 1428 2823 h.
1448 2796 1469 2822 t.
1493 2791 1522 2823 Β(
1540 2790 1670 2831 attingit
1688 2788 1861 2828 Javolenus
1877 2788 1955 2822 l.28.

1082 2836 1139 2866 eod.
1159 2835 1206 2865 tit.
1227 2834 1338 2874 estque
1355 2842 1391 2864 ea
1408 2833 1530 2865 idcirco
1547 2830 1729 2873 diligentius
1744 2828 1956 2862 observanda:

1083 2877 1157 2917 quia
1178 2876 1251 2907 inde
1269 2882 1421 2915 apparet,
1438 2875 1526 2915 quod
1544 2872 1699 2914 Ulpianus
1714 2871 1733 2903 l.
1748 2875 1779 2903 6.
1795 2870 1825 2913 §.
1842 2880 1871 2912 3.
1888 2871 1916 2901 h.
1935 2875 1958 2900 t.

1084 2919 1136 2949 ubi
1157 2918 1322 2958 praedoni,
1344 2915 1367 2947 fi
1386 2918 1471 2948 circa
1487 2925 1535 2947 res
1554 2924 1641 2946 meas
1655 2912 1775 2953 aliquid
1792 2911 1959 2952 impende-

1084 2961 1143 2998 rit,
1167 2967 1263 2999 negat
1277 2958 1437 2990 astionem
1454 2959 1493 2989 ad
1511 2958 1541 2988 id
1557 2957 1632 2998 quod
1647 2955 1673 2986 ei
1688 2952 1783 2993 abeli,
1807 2953 1836 2984 ei
1854 2953 1958 2993 palam

1085 3009 1179 3041 negat
1195 3000 1353 3031 atilionem
1371 2999 1582 3031 contrariam:
1606 3006 1677 3037 quae
1692 2994 1852 3035 competit
1867 2993 1906 3023 ad
1923 2992 1956 3022 id

1084 3043 1172 3083 quod
1193 3042 1296 3073 abest:
1313 3049 1348 3072 ut
1364 3040 1453 3081 supi-a
1471 3040 1546 3072 dixi.
1562 3038 1672 3070 Fuerit
1689 3037 1779 3075 huius
1791 3032 1956 3077 contraria}

1083 3084 1217 3115 aetionis
1242 3082 1427 3123 exemplum
1450 3082 1482 3113 in
1507 3081 1526 3112 l.
1553 3084 1600 3114 18.
1632 3079 1665 3110 C.
1682 3078 1709 3109 h.
1727 3082 1750 3107 t.
1773 3075 1866 3114 eique
1882 3072 1957 3118 addi

1082 3124 1188 3166 potest
1204 3125 1223 3156 l.
1243 3135 1292 3166 37.
1312 3124 1354 3155 D.
1371 3125 1404 3154 de
1421 3124 1535 3164 usuris,
1553 3130 1624 3162 quae
1641 3118 1685 3151 est
1702 3126 1742 3149 ex
1757 3114 1884 3154 Ulpiani
1900 3113 1956 3145 lib-

1089 3176 1136 3198 10.
1182 3166 1231 3198 Ad
1259 3164 1427 3204 Edictum,
1453 3165 1482 3195 &
1508 3163 1598 3203 hujus
1615 3160 1689 3192 loci.
1732 3154 1843 3188 Potest
1858 3163 1961 3195 porro¹

1085 3208 1174 3251 quod
1191 3208 1252 3240 hac
1268 3207 1396 3243 actione
1412 3205 1554 3247 petitur,
1579 3200 1728 3237 effectum
1745 3196 1863 3233 habere
1879 3196 1959 3270 dg&
