2036 3495
139 65 234 124 494*

140 150 304 186 maximas.
347 143 401 180 De
426 151 545 177 caetero
568 142 690 181 dicam,
711 142 800 183 poss'e
823 150 883 173 nos
903 149 1011 182 carere

142 201 207 226 tarn
223 189 374 228 confusa,
396 196 489 228 quam
506 185 629 226 prolixa
646 183 831 223 Ampliffimi
851 182 1013 213 Senatoris
1030 191 1034 194 ·

143 232 357 274 disputatione
371 229 411 259 de
428 235 575 266 ternpore
584 225 743 270 ademptae
749 222 1013 270 patrinpotestatis

145 273 281 308 necandi
298 271 434 306 liberos,
451 275 609 306 tamquam
629 265 681 296 hic
697 264 817 296 otiosa:
832 273 900 303 jure
916 272 1015 304 expo-

147 314 243 348 nendi
267 310 465 349 necandique
482 307 621 338 infantes
637 315 702 337 non
719 306 886 344 trahente,
909 313 944 336 ut
960 314 1016 345 pu-

147 364 194 387 tat
212 377 221 391 ‚
252 353 407 392 originem
430 359 446 380 a
468 348 568 389 patria
589 346 772 388 potestate:
796 346 849 392 sed
872 345 981 386 (quod
999 355 1016 377 a

148 395 285 428 Philone
300 392 410 432 judaeo
421 413 431 428 ‚
446 390 579 429 aliisque
597 387 769 420 Veteribus
779 387 994 428 Scriptoribus
1006 410 1015 425 ‚

147 437 294 474 interque
311 442 368 463 eos
385 432 481 463 etiam
498 440 514 462 a
530 428 765 470 jurisconsultis
782 429 914 468 nostris,
930 429 970 460 de
988 438 1021 459 o-

150 475 335 518 pinionibus
353 473 382 504 ὅ(
398 472 550 504 doctrinis
561 471 604 503 sui
619 472 773 512 temporis
790 470 901 502 melius
915 468 1021 500 instru-

150 518 227 554 ctis,
244 524 337 556 quam
355 514 432 546 alter
448 512 607 551 nostrum,
624 511 669 544 est
687 511 908 552 observatum)
925 511 1018 542 inde:

150 557 237 598 quod
261 565 364 597 partus
383 554 549 587 cohaerens
571 563 644 585 cum
663 560 777 585 ventre
798 553 928 589 matris,
952 558 1018 582 tan-

149 607 216 631 tum
233 599 339 638 planta
355 597 538 628 haberetur:
562 604 674 626 recens
692 603 821 634 quoque
837 601 928 625 natus
940 615 950 631 ‚
968 601 1020 624 an·

149 648 279 681 tequam
295 637 373 670 effet
387 647 404 669 a
420 636 603 678 parentibus
625 635 803 675 susceptus,
826 636 967 675 agnitus,
990 643 1020 664 a-

151 682 238 722 lique
252 679 366 721 jussus,
391 679 458 714 vel,
484 685 518 710 ut
536 677 629 710 Philo
646 677 771 717 Judaeus
790 677 949 716 loquitur,
972 684 1023 706 an-

153 731 282 762 tequam
300 721 428 753 nutricis
444 728 540 760 opera
563 717 800 756 intervenisset,
824 716 968 758 populari
989 725 1023 748 o·

153 762 284 805 pinione
301 762 441 794 nondum
458 761 558 792 homo
576 759 637 791 ess'e
654 760 895 798 intelligeretur.

197 804 267 837 Pari
290 803 413 835 ratione
440 802 547 843 potuit
568 800 626 832 Vir
641 800 854 840 Ampliffimus
875 799 982 841 Opusc.
999 809 1023 831 c.

153 855 227 878 vxi.
248 853 378 887 parcere
396 852 503 884 operae
523 842 741 883 supervacuae:
762 842 878 882 judicia
900 841 1023 879 civilia,

153 888 228 927 Jure
255 885 479 918 Pandectarum
499 883 626 921 usitata,
648 882 860 914 confundenti
877 890 948 913 cum
968 882 1024 913 cri-

154 928 340 965 minalibus,
364 926 420 959 illo
436 926 504 966 jure
521 925 624 957 adhuc
642 924 830 965 incognitis:
855 924 930 955 item
947 924 1023 954 libe-

155 979 209 1001 ros
223 969 284 1010 jam
301 967 461 1008 susceptos
477 975 550 999 cum
568 967 710 998 nondum
728 966 852 1006 agnitis.
878 974 946 1005 quae
963 974 1024 1005 ego

155 1010 239 1052 Jutio
257 1010 350 1042 Paulo
365 1019 390 1041 c.
408 1018 437 1050 3.
455 1008 491 1042 δ’
507 1017 535 1046 4.
556 1015 590 1039 ut
611 1015 763 1047 oportet,
787 1006 894 1038 sedulo
920 1005 1024 1038 distin-

154 1052 279 1093 guenda
296 1050 378 1088 esse,
401 1049 551 1081 indicavi.
596 1046 726 1089 Insuper
742 1048 874 1086 dubito,
897 1057 934 1078 an
951 1047 1024 1078 Sue-

155 1093 262 1125 tonius
281 1092 398 1124 Claudio
415 1102 441 1122 c.
458 1100 507 1131 27.
543 1097 654 1129 notet,
678 1090 767 1121 velut
783 1098 848 1121 rem
864 1088 1024 1130 singularis

155 1134 321 1175 exempli:
351 1133 437 1173 quod
464 1132 638 1172 imperator
661 1130 810 1163 Claudius
830 1138 1023 1170 conceptam

156 1186 196 1208 ex
220 1176 336 1208 liberto
362 1174 416 1205 suo
438 1173 558 1205 Botere
581 1172 762 1211 Claudiam,
786 1171 928 1212 quamvis
952 1178 1024 1202 ante

156 1217 303 1258 quintum
320 1214 459 1248 mensem
469 1214 599 1247 divortii
614 1222 736 1252 natam,
752 1214 856 1254 alique
865 1220 1003 1253 coeptam
1014 1235 1024 1250 ‚

157 1259 275 1298 exponi
302 1264 408 1289 tamen
431 1256 469 1287 ad
494 1256 601 1287 matris
623 1256 746 1296 januam
770 1255 799 1286 ἃ
816 1255 928 1285 nudam
942 1253 1024 1294 jussit

157 1299 259 1340 abjici.
304 1298 365 1330 Sed
391 1297 459 1329 haec
482 1306 545 1338 ego
561 1305 645 1328 nune
661 1297 785 1336 attingo
800 1295 905 1326 obiter
920 1295 1027 1326 saltem

157 1342 188 1372 ἃ
208 1339 291 1382 quasi
312 1340 343 1371 in
368 1337 515 1370 transitu:
536 1337 721 1369 excusatura
738 1346 788 1368 me
810 1336 869 1367 hac
886 1336 1027 1381 admoni-

158 1384 247 1414 tione
263 1391 281 1412 a
303 1380 484 1412 necestitate
500 1379 711 1418 respondendi
731 1377 924 1418 argumentis
946 1386 986 1408 ex
1004 1385 1027 1407 1-

158 1422 202 1455 sta
226 1421 413 1454 confufione
435 1420 606 1457 arceffitis,
628 1419 658 1450 δι
680 1419 718 1450 ad
740 1428 806 1450 rem
830 1418 907 1449 nihil
931 1417 1027 1458 perti-

157 1464 319 1496 nentibus.
342 1462 389 1493 Sit
405 1462 480 1492 mihi
496 1462 656 1500 integrum
670 1459 712 1491 fic
726 1460 942 1500 proclainare3
959 1468 1027 1490 tum

158 1505 321 1542 arbitrari,
338 1502 492 1543 quidquid
509 1499 740 1540 suspicionum,
762 1509 816 1531 aut
832 1500 1027 1540 consequeu-

157 1547 289 1583 tiai·um,
314 1542 526 1583 Ampliffimus
551 1542 686 1579 Senator
704 1541 743 1572 ab
767 1541 830 1573 hoc
853 1542 941 1574 ducit
958 1541 1028 1573 fon-

154 1594 209 1625 te,
234 1584 436 1626 quantumvis
461 1584 500 1615 de
523 1583 570 1615 his
587 1583 690 1623 speret
706 1583 891 1622 plurimum,
917 1582 1028 1614 frustra

156 1627 299 1668 sperare:
322 1635 394 1658 nam
418 1633 483 1656 tam
503 1623 598 1656 facile
619 1624 694 1655 hinc
711 1625 816 1666 negari
837 1633 929 1665 quam
954 1624 1027 1656 inde

156 1668 300 1701 affirmari
317 1679 326 1701 2
356 1667 493 1708 proinde
520 1665 668 1697 subducta
694 1666 856 1706 utriusque
885 1666 1027 1704 ratione,

154 1711 235 1746 nihil
260 1709 322 1741 ess'e
347 1709 474 1740 allatum
499 1714 572 1739 toto
590 1707 654 1747 ejus
671 1706 831 1748 Opusculo,
856 1716 912 1739 cur
928 1707 1028 1739 minus

156 1750 372 1789 existimetur,
388 1759 405 1780 a
420 1758 471 1780 me
488 1756 541 1780 aut
557 1748 619 1780 alio
630 1771 640 1786 ,
656 1749 735 1788 patri
752 1758 788 1779 ac
802 1749 915 1788 matri,
938 1757 1028 1780 more

156 1793 286 1825 aliarum
312 1790 467 1824 Gentium
484 1813 493 1828 ,
517 1791 548 1821 in
577 1789 750 1829 Republica
774 1789 915 1822 Romana
937 1789 1029 1821 fuiffe

154 1833 358 1873 concessum,
380 1833 485 1865 donec
507 1841 523 1862 a
549 1831 794 1869 Valentiniano,
819 1830 973 1870 Valente,
998 1831 1028 1862 &

158 1874 318 1908 Gratiano
333 1876 362 1907 d.
380 1874 399 1906 l.
418 1878 447 1909 8.
464 1872 538 1908 &a
554 1872 573 1903 l.
586 1882 613 1904 2.
631 1872 894 1912 prohiberentur,
911 1873 1029 1904 liberos

156 1927 270 1950 recens
287 1924 379 1949 natos
397 1916 427 1947 &
444 1914 586 1947 nondum
607 1912 783 1954 susceptos,
807 1916 933 1955 agnitos
945 1937 954 1953 ‚
977 1913 1028 1944 ali·

155 1968 220 2000 que
232 1957 348 2000 juss'os,
364 1957 419 1989 suo
433 1955 564 1988 arbitrio
581 1963 634 1987 aur
651 1964 764 1986 necare
780 1964 832 1986 aut
847 1964 1026 1996 exponere:

157 2000 223 2032 hoc
246 2000 385 2039 colore,
408 1998 495 2039 quod
521 1997 552 2028 hi
576 1997 719 2028 nondum
742 2005 800 2037 pro
826 1996 1025 2035 hominibus,

157 2041 276 2077 nedum
295 2051 354 2082 pro
377 2040 503 2078 liberis,
527 2038 729 2070 haberentur.
775 2037 817 2068 At
836 2037 899 2069 hoc
922 2039 1027 2076 credi,

158 2083 263 2123 inquit
279 2083 440 2115 Dominus
456 2081 528 2113 Van
543 2079 776 2121 Bynkershoek
788 2102 797 2118 ,
821 2088 886 2111 non
908 2077 971 2110 esse
987 2088 1028 2110 ex

159 2123 314 2164 dignitate
339 2122 453 2163 Populi
477 2121 622 2153 Romani.
665 2119 846 2160 Tamquam
864 2129 927 2152 non
945 2120 1029 2152 idem

158 2165 221 2196 dici
241 2165 334 2205 poffit
349 2164 388 2195 de
407 2162 531 2194 Graecis
550 2162 681 2200 aliisque
700 2160 880 2199 Gentibus,
903 2171 944 2193 eo
961 2161 1030 2201 J’ure

160 2205 326 2238 manifeste
339 2203 448 2237 abufis.
478 2203 540 2235 Sed
557 2203 753 2243 Populorum
770 2203 856 2244 leges
876 2211 912 2234 ac
929 2211 1033 2234 mores

157 2256 224 2279 non
239 2247 378 2288 ubique,
395 2254 456 2277 nec
472 2245 594 2285 semper
605 2252 756 2285 reguntur
773 2254 813 2275 eo
824 2244 912 2284 quod
927 2243 963 2276 fit
978 2243 1032 2274 ho·

158 2287 281 2320 nestum
296 2297 334 2319 ae
353 2287 451 2328 pium.
473 2295 538 2318 non
556 2286 652 2317 etiam
669 2284 714 2316 est
728 2285 868 2317 omnium
886 2285 1033 2317 locorum

161 2329 192 2361 &
205 2330 350 2363 omnium
369 2336 553 2368 temporum
575 2328 659 2358 idern
680 2327 832 2366 judicium
851 2327 891 2358 de
916 2326 986 2358 utili
1003 2325 1033 2357 ὅ(

160 2372 261 2403 noxio
273 2394 283 2410 ,
299 2371 340 2402 de
351 2378 443 2410 aequo
461 2369 490 2400 ἀ
506 2368 638 2408 iniquo,
653 2368 757 2408 deque
772 2367 907 2399 honesto
924 2368 954 2399 ἃ
973 2376 1033 2398 tur-

159 2412 204 2451 pi.
229 2412 326 2444 Extat
340 2408 715 2452 hujusmodiobservatio
726 2410 852 2450 elegans
867 2410 949 2449 apud
968 2407 1032 2440 He-

160 2452 312 2485 rodotum
335 2453 385 2484 lib.
410 2462 439 2494 3.
458 2458 529 2494 pag.
552 2460 601 2491 77.
629 2449 665 2485 ὅ*
679 2450 736 2491 seq.
760 2451 891 2483 editionis
911 2450 1036 2481 Henrici

137 2499 143 2506 ·
161 2493 299 2534 Stephani
314 2494 388 2525 anni
408 2502 494 2534 1570.
511 2493 653 2531 itemque
673 2492 730 2523 alia
746 2492 828 2532 apud
846 2491 1033 2523 Cornelium

160 2533 327 2575 Nepotem
343 2535 375 2567 in
387 2534 572 2575 Prcefatione.v
594 2533 658 2565 Sed
674 2542 714 2564 ue
723 2533 871 2566 recedam
886 2542 902 2564 a
917 2541 1034 2574 propo-

160 2574 216 2607 fita
233 2577 381 2615 materia,
399 2585 456 2607 ero
472 2582 646 2607 contentus
662 2573 852 2606 Aristotele:
870 2576 922 2614 qui
938 2574 985 2605 lib.
1004 2582 1034 2613 7.

158 2615 208 2649 De
222 2616 364 2657 republica
386 2627 411 2648 c.
437 2621 485 2648 16.
515 2625 585 2657 quae
613 2615 666 2646 hic
685 2616 777 2647 nobis
801 2616 952 2647 videntur
966 2637 976 2653 ,
998 2621 1034 2645 ut

159 2656 250 2697 sunt,
268 2657 360 2698 plena
376 2657 484 2698 flagitii
502 2658 532 2689 δι
549 2658 740 2697 impietatis,
756 2657 786 2688 in
798 2656 971 2688 ordinanda
988 2655 1031 2686 ci-

157 2699 259 2731 vitate
275 2696 486 2730 indifferentia
503 2698 676 2730 existimat:
701 2699 878 2738 eademque
894 2699 925 2728 in
944 2695 1032 2727 Grae-

159 2740 206 2772 cis
224 2738 423 2776 civitatibus,
441 2748 505 2770 non
522 2740 624 2771 minus
640 2739 747 2780 politis
764 2739 794 2770 &
809 2739 923 2777 cultis,
939 2746 1032 2779 quam

159 2781 224 2814 fuit
248 2779 389 2821 Populus
415 2779 593 2819 Romanus,
616 2789 676 2820 pro
701 2780 854 2821 permiffis
873 2779 1033 2819 licitisque

159 2821 253 2856 fuiffe
268 2820 450 2858 attestatur,
462 2828 576 2860 praeter
590 2821 793 2853 Plutarchum
810 2821 840 2852 δε
851 2821 1032 2859 Aelianum,

159 2863 245 2905 Julio
261 2862 358 2894 Paulo
372 2871 396 2893 c.
418 2869 444 2892 1.
463 2869 479 2891 a
494 2871 545 2892 rne
562 2869 634 2893 ante
652 2863 887 2903 hacallegatos.
920 2861 1031 2893 Romae

160 2914 261 2947 porro
271 2913 340 2945 quae
357 2903 388 2935 ἀ
402 2909 519 2943 quanta
534 2901 624 2933 fuere
642 2903 796 2943 tolerata,
811 2912 918 2944 neque
933 2913 950 2934 a
968 2910 1031 2934 tur-

161 2946 326 2987 pitudine,
346 2952 453 2984 neque
468 2942 507 2973 ab
523 2942 712 2975 absurditate
725 2952 780 2976 aut
798 2945 986 2976 crudelitate
1002 2952 1032 2974 a·

159 2986 262 3020 liena!
286 2985 317 3018 &
341 2983 527 3027 praesentem
553 2983 711 3015 licentiam
729 2985 860 3026 impiam
877 2993 973 3026 atque
989 2985 1033 3016 in-

161 3029 349 3067 humanam,
372 3023 558 3063 obtinuiffe,
583 3032 620 3054 an
645 3025 840 3063 quaerimus‘?
864 3026 927 3058 Sed
952 3026 1033 3057 hanc

164 3071 246 3102 adeo
261 3075 382 3101 certam
405 3068 437 3099 in
462 3064 546 3098 Foro
570 3063 718 3096 Romano
732 3064 844 3104 fuine,
867 3067 991 3099 ostendi
1009 3077 1033 3098 c.

164 3119 214 3142 11.
229 3112 257 3142 (1.
279 3110 400 3151 Operis,
422 3114 458 3140 ut
472 3105 662 3139 contrariam
684 3106 767 3150 apud
784 3107 927 3145 Judaeos‚
951 3107 1033 3139 Ger-

159 3160 290 3190 manos,
312 3151 428 3189 Indos,
452 3147 586 3187 servari,
603 3146 757 3186 quidquid
774 3147 858 3177 dicat
875 3148 1031 3188 Ampliffi-

159 3201 228 3226 mus
251 3190 533 3234 Bynkershoekius
548 3211 559 3230 ,
588 3186 728 3227 Tacito,
753 3186 930 3228 Curtioque
944 3210 954 3227 ,
983 3198 1033 3221 res

749 68 1055 105 Gestiunt
1102 61 1332 102 Noons·

1054 147 1139 170 nova
1164 138 1194 170 &
1222 138 1372 172 Romanis
1390 138 1420 171 in
1444 137 1583 171 Historia
1598 144 1712 173 notatu
1729 142 1821 184 digna
1839 143 1928 177 vide-

1055 187 1151 211 retur.
1198 179 1330 219 Taceo,
1355 181 1442 220 quod
1467 181 1582 212 eodem
1609 182 1707 213 modo
1724 185 1818 216 etiam
1835 184 1926 215 Philo

1056 219 1182 260 Judaeus
1199 221 1347 253 observat
1364 223 1411 253 lio.
1430 221 1476 252 De
1486 221 1659 262 specialibus
1674 222 1782 264 tegibus
1794 247 1804 263 ,
1828 224 1928 256 infan-

1057 269 1124 293 tum
1149 261 1381 302 expositionem
1404 264 1486 303 apud
1508 263 1642 303 Judaeos
1653 262 1792 304 Legibus
1812 265 1929 297 Mosai-

1058 303 1102 334 cis
1119 302 1279 342 prohiberi
1291 305 1458 345 punirique
1469 303 1590 335 solitam
1601 328 1610 343 ‚
1627 307 1710 345 apud
1720 306 1832 338 multas
1842 305 1930 338 Gen-

1059 350 1126 381 tes,
1150 352 1281 384 propter
1302 347 1441 377 nativam
1460 346 1740 384 inhumanitatem,
1765 347 1926 387 vulgarem

1061 383 1124 415 esse
1142 385 1357 425 impietatem:
1379 388 1410 417 id
1430 386 1492 425 cst,
1509 395 1544 417 ut
1562 396 1623 427 ego
1641 388 1854 426 interpretor,
1877 389 1932 419 im-

1062 426 1215 471 pietatem
1231 429 1371 459 moribus
1387 437 1439 459 aut
1455 428 1576 468 legibus
1592 436 1754 469 receptam
1767 435 1862 469 atque
1877 429 1932 461 im-

1062 474 1216 506 punitam.

1103 506 1200 551 ¹Quo,
1222 508 1345 549 inquis,
1369 511 1509 550 pertinet
1525 510 1593 542 haec
1611 511 1824 552 praeparatio‘?
1847 511 1934 544 nimi·

1062 556 1149 593 rum,
1173 556 1206 579 ut
1230 559 1387 591 occupem
1413 553 1595 592 solvamque
1622 552 1805 592 sequentem
1830 562 1935 594 prote-

1063 587 1230 635 stationem
1242 589 1373 622 Domini
1386 592 1453 624 Van
1466 593 1718 633 Bynkershock:
1734 595 1764 624 in
1783 594 1935 633 Praefatio·

1064 639 1099 660 ne
1118 630 1259 670 Opusculz‘
1276 634 1314 662 ad
1331 632 1476 665 Leftorem
1492 635 1626 666 dicentis
1645 636 1728 666 inter
1743 635 1819 673 alia,
1844 636 1933 667 Solem

1064 681 1223 711 numquam
1237 673 1389 713 adspexiffe
1402 677 1472 715 quid
1486 676 1642 707 humanius
1658 677 1864 718 benigniusque
1880 677 1935 708 Ve-

1066 713 1171 758 teribus
1196 712 1422 752 Jurisconlultis
1440 726 1449 746 .·
1480 715 1522 747 Et
1541 718 1728 748 amoliendam
1750 719 1784 748 ab
1808 719 1866 748 iilis
1886 716 1935 758 tffe

1059 753 1246 794 soediffimam
1269 755 1409 786 maculam
1433 766 1490 798 qua
1505 757 1690 798 afficiantur:
1712 760 1935 799 opinantibus:

1066 794 1209 834 damnaffe
1227 796 1338 836 quidem
1353 806 1385 827 ea
1395 797 1551 837 facinora,
1568 806 1661 839 utpote
1677 803 1822 831 contrariu
1839 799 1938 840 offlsiis

1066 837 1131 866 boni
1144 837 1223 875 viri,
1237 843 1268 867 ut
1283 847 1340 868 non
1354 841 1500 870 contraria
1517 840 1632 881 legibus.
1656 840 1811 872 Praeterea
1823 865 1831 879 ,
1850 842 1937 884 Quod

1067 878 1144 917 apud
1160 879 1230 917 ipsos
1246 878 1331 918 legit,
1347 879 1398 920 effe
1406 881 1443 910 aa
1451 879 1720 922 Jurisprua'entium
1736 883 1936 922 referentum:

1067 928 1123 949 non
1139 921 1177 949 aa
1192 918 1349 950 doctrinam
1366 922 1398 951 cle
1415 922 1539 952 moribus
1558 921 1594 956 &³
1611 924 1780 955 virtutibus.
1815 924 1857 955 Et
1876 933 1938 955 rui·-

1068 959 1118 991 sus
1135 970 1158 991 c.
1177 969 1207 990 x.
1222 967 1293 1002 pag.
1312 965 1382 992 226.
1399 961 1483 1001 Abfit
1497 965 1590 1001 enim,
1605 971 1638 995 ut
1653 965 1684 994 in
1700 966 1828 996 uuimznn
1846 975 1938 996 meum

1067 1002 1223 1040 inducam,
1246 1003 1303 1032 brec
1318 1001 1426 1043 scelera
1435 1003 1498 1041 fine
1511 1012 1597 1045 poena
1614 1004 1743 1046 ciimrfiffe
1757 1007 1938 1044 severitatem

1067 1042 1207 1074 Veterum
1220 1042 1373 1083 inorum:
1395 1046 1469 1085 quin
1483 1047 1573 1084 satis,
1592 1048 1708 1087 opinor,
1724 1054 1823 1078 contra
1835 1049 1938 1087 prolu-

1067 1091 1130 1114 zum
1146 1081 1194 1129 esi.
1238 1084 1319 1116 Haec
1342 1084 1411 1117 fere
1437 1095 1495 1126 pro
1512 1087 1684 1118 Veteribus
1701 1087 1935 1126 Jurisconsultis

1067 1125 1280 1171 Ampliffimus
1310 1125 1455 1158 Senator.
1499 1127 1561 1159 Sed
1578 1138 1687 1168 parum
1705 1130 1798 1170 digne
1814 1130 1939 1160 erudito

1067 1175 1208 1198 nomine.
1239 1167 1315 1207 quid
1333 1168 1416 1199 enim
1437 1170 1625 1209 continent,
1650 1179 1765 1210 praeter
1780 1172 1874 1202 verba
1894 1171 1940 1200 so-

1067 1208 1191 1246 nantia,
1214 1215 1244 1238 at
1267 1208 1343 1240 nihil
1369 1208 1599 1250 significantia?
1622 1210 1677 1243 Nil
1699 1212 1774 1243 dico
1800 1219 1940 1249 temere,

1068 1258 1128 1280 nec
1144 1248 1208 1280 fine
1224 1250 1366 1280 ratione:
1385 1250 1491 1287 quaeso
1509 1253 1610 1291 enim,
1627 1261 1708 1293 quos
1726 1253 1756 1284 in
1774 1254 1939 1294 proposito

1070 1290 1220 1330 intelligit
1240 1290 1486 1330 jurisconsultos
1515 1293 1647 1325 Veteres
1662 1316 1672 1332 ,
1694 1293 1863 1327 foediffima
1886 1295 1940 1325 ilia

1070 1332 1191 1363 macula
1209 1341 1270 1372 qua
1287 1341 1356 1363 inea
1365 1332 1579 1373 disputatione
1595 1334 1790 1374 afficiantur,
1807 1336 1941 1367 liberan-

1071 1372 1130 1404 dos
1155 1381 1209 1411 per
1232 1372 1353 1405 causam
1373 1374 1575 1407 humanitatis
1596 1377 1868 1417 benignitatisque
1884 1387 1939 1408 eo-

1069 1414 1171 1458 rumt?
1195 1423 1298 1445 utrum
1321 1424 1377 1446 eos
1402 1417 1453 1455 qui
1479 1425 1552 1447 ante
1574 1416 1745 1457 Traianum
1767 1418 1876 1450 fuere:
1901 1428 1939 1450 an

1070 1455 1123 1494 qui
1140 1455 1213 1500 inde
1230 1454 1360 1487 insecuti
1379 1455 1473 1488 sunt?
1489 1458 1576 1496 atqui
1595 1459 1653 1490 illis
1669 1458 1856 1491 florentibus
1871 1460 1940 1500 jure

1069 1495 1247 1541 permistam
1273 1496 1501 1538 impunitamqe
1525 1497 1616 1530 fuisse
1638 1499 1795 1532 infantum
1819 1499 1941 1540 exposi-

1072 1546 1193 1568 tionem
1209 1546 1405 1578 necemque,
1422 1539 1486 1579 ipse
1497 1541 1598 1580 palam
1616 1540 1790 1573 confitetur
1801 1541 1857 1572 Vir
1868 1543 1941 1573 Am-

1071 1577 1232 1619 pliffimus.
1256 1578 1286 1609 hi
1304 1589 1382 1611 vero
1397 1579 1417 1611 fi
1432 1581 1475 1611 ita
1490 1581 1703 1621 disputarunt,
1719 1590 1753 1613 ut
1770 1592 1826 1614 cos
1842 1582 1941 1623 dispu-

1072 1619 1147 1650 tass'e
1164 1626 1237 1651 ante
1262 1620 1348 1659 dixi,
1372 1621 1402 1651 &
1422 1630 1499 1653 mox
1515 1622 1629 1654 iterum
1657 1624 1776 1655 dicam:
1800 1634 1869 1665 quae
1885 1633 1942 1657 eos

1072 1660 1395 1706 deformatanacula‘.)
1418 1662 1484 1694 imo
1499 1672 1568 1704 quse
1584 1674 1648 1695 non
1664 1673 1755 1696 ornat
1769 1666 1869 1707 gloria
1885 1665 1942 1697 ser-

1072 1702 1136 1733 vati
1159 1701 1256 1733 officii
1279 1703 1309 1734 ἃ
1334 1703 1459 1743 pietatis
1476 1703 1493 1736 ’ἓ
1524 1706 1618 1747 igitur
1640 1706 1769 1746 demus,
1794 1707 1940 1748 peffimos

1070 1742 1161 1789 fuiss‘e
1179 1743 1293 1784 Populi
1311 1743 1448 1777 Romani
1465 1755 1590 1779 mores:
1609 1755 1643 1779 ut
1661 1747 1791 1780 fuerunt
1808 1747 1942 1780 detesta-

1072 1785 1152 1816 biles
1168 1784 1228 1816 hac
1245 1786 1277 1817 in
1293 1793 1400 1827 parte:
1424 1788 1499 1827 quid
1523 1787 1588 1820 hoc
1609 1789 1648 1820 ad
1671 1789 1941 1829 jurisconsultos?

1072 1827 1126 1866 qui
1149 1835 1206 1858 eos
1229 1836 1293 1859 non
1315 1827 1496 1868 finxerunt,
1519 1839 1584 1861 non
1607 1830 1772 1862 laudarunt
1788 1855 1798 1871 ,
1827 1839 1859 1862 at
1882 1840 1941 1862 nec

1072 1867 1252 1900 habuerunt
1270 1869 1337 1909 jus,
1367 1879 1423 1902 eos
1440 1879 1498 1910 pro
1519 1871 1649 1903 arbitrio
1667 1880 1790 1912 vetare,
1817 1880 1869 1904 aut
1887 1881 1944 1913 pu-

1072 1910 1142 1941 nire
1159 1932 1169 1949 ,
1200 1910 1232 1941 id
1256 1910 1320 1950 est,
1343 1919 1467 1943 mutare
1490 1922 1574 1944 nova
1598 1912 1704 1954 Lege:
1728 1915 1845 1954 quippe
1869 1922 1942 1945 cum

1071 1960 1138 1983 non
1162 1950 1262 1983 essent
1286 1951 1543 1993 Legumlatores,
1568 1953 1620 1985 sed
1638 1954 1761 1996 Legum
1786 1955 1943 1995 Interpre-

1072 2000 1139 2031 tes,
1163 1993 1193 2024 &
1211 1993 1344 2033 privati;
1368 1993 1423 2027 etfi
1442 2004 1552 2026 eorum
1570 1995 1681 2036 scripta
1700 1995 1806 2035 postea
1821 1996 1896 2035 juris
1911 1995 1943 2027 δε

1071 2034 1148 2075 legis
1169 2033 1388 2066 auctoritatem
1411 2036 1596 2076 acceperint
1619 2046 1635 2067 a
1657 2035 1846 2068 Theodosio
1870 2036 1889 2067 i.
1909 2047 1942 2068 u-

1071 2077 1129 2106 nic.
1147 2074 1215 2106 Cod.
1230 2074 1333 2106 Theod.
1349 2077 1382 2106 cle
1395 2076 1515 2116 respons}
1532 2077 1673 2108 Prudent.
1692 2078 1721 2108 dt
1736 2087 1751 2108 a
1768 2077 1941 2118 justiniano

1071 2116 1092 2147 l.
1113 2124 1138 2147 1.
1154 2115 1202 2146 De
1216 2117 1394 2156 conceptione
1410 2115 1613 2158 Digestorum,
1638 2118 1673 2153 ὅ)
1689 2119 1706 2149 l.
1732 2129 1759 2150 2.
1778 2119 1824 2150 De
1836 2118 1944 2159 confir·

1075 2157 1200 2188 motione
1216 2155 1410 2198 Digestorum.
1440 2167 1511 2190 nam
1526 2167 1597 2190 ante
1615 2169 1680 2191 non
1697 2159 1758 2191 fuit
1774 2161 1833 2192 ita:
1858 2160 1887 2191 dt
1903 2160 1943 2192 de

1075 2197 1129 2229 suo
1146 2205 1293 2238 tempore
1310 2198 1535 2231 Constantinus
1553 2201 1571 2231 i.
1595 2210 1621 2232 1.
1639 2201 1671 2232 C.
1691 2202 1724 2232 de
1740 2201 1867 2242 legibus,
1891 2201 1943 2232 In·

1075 2244 1119 2271 ter
1139 2241 1301 2280 (equitatem
1317 2240 1425 2282 jusque
1448 2240 1639 2280 interpcfitam
1665 2243 1943 2283 interpretationem,

1076 2281 1181 2322 inquit
1191 2304 1201 2320 ,
1216 2281 1295 2311 nobis
1307 2281 1377 2321 solis
1392 2280 1429 2316 &⁹
1443 2288 1547 2322 oportet
1563 2282 1598 2317 &³
1613 2283 1676 2314 licet
1689 2285 1830 2324 inspicere.
1866 2283 1943 2315 Non

1075 2323 1193 2363 patitur
1217 2322 1281 2353 hoc
1303 2321 1554 2355 refutationem:
1576 2333 1647 2355 cum
1664 2324 1800 2356 incurrat
1818 2326 1847 2356 in
1867 2334 1943 2356 ocu·

1075 2365 1125 2396 los
1142 2363 1304 2396 omnium:
1323 2364 1351 2395 Gt
1368 2364 1455 2403 quod
1470 2373 1582 2396 contra
1601 2365 1718 2397 dicrum
1737 2366 1775 2397 ab
1793 2366 1944 2407 Ampliffi·

1077 2414 1132 2438 mo
1150 2403 1250 2443 Viro,
1273 2403 1452 2436 fine'dubio
1470 2406 1553 2438 aliud
1571 2407 1724 2448 cogitanti
1739 2409 1865 2439 excidit.
1900 2416 1945 2438 ut-

1077 2454 1215 2486 cumque
1232 2446 1311 2485 erit,
1327 2455 1343 2477 a
1359 2446 1481 2478 sincero
1497 2447 1753 2488 jurisprudentiae
1771 2457 1833 2481 tam
1852 2450 1945 2489 longe

1076 2486 1182 2525 abest,
1199 2496 1291 2528 quam
1308 2488 1395 2527 quod
1412 2489 1598 2529 longiffime.
1620 2489 1733 2523 Verius
1750 2501 1811 2531 ego
1828 2490 1945 2532 duplex

1076 2529 1141 2560 feci
1156 2537 1270 2560 munus
1280 2527 1434 2560 Veterum
1444 2530 1742 2569 jurisconsultorum
1754 2555 1764 2570 ,
1775 2532 1896 2570 bonos,
1914 2530 1943 2562 ὅτ

1076 2571 1266 2602 innocentes
1285 2570 1371 2601 viros
1385 2570 1503 2611 ubique
1521 2571 1751 2612 profitentium.
1776 2583 1871 2604 unum
1886 2571 1945 2604 fuit

1076 2612 1215 2650 docere,
1238 2611 1313 2651 quid
1331 2612 1441 2643 liceret
1463 2613 1649 2653 legibusque
1665 2614 1872 2655 moribusque
1883 2613 1946 2645 Po-

1076 2654 1145 2694 puli
1156 2652 1306 2684 Romani:
1324 2653 1476 2692 alterum,
1491 2654 1566 2693 quid
1585 2654 1661 2686 esset
1677 2656 1766 2694 pium
1781 2663 1876 2695 atque
1891 2655 1945 2686 ho·

1076 2693 1215 2726 nestum.
1240 2694 1326 2734 prius
1340 2694 1417 2734 juris
1432 2696 1572 2735 regulam
1595 2696 1746 2736 appellari
1762 2720 1771 2735 ‚
1795 2696 1946 2737 posterius

1073 2736 1150 2776 Juris
1174 2743 1390 2775 praeceptum,
1414 2736 1550 2776 primus,
1574 2738 1711 2777 opinor,
1736 2737 1946 2770 demonstravi

1075 2777 1159 2818 Julio
1179 2776 1271 2807 Paulo
1288 2786 1312 2808 σ.
1325 2785 1357 2807 x.
1376 2775 1412 2810 ὅ)
1429 2787 1480 2808 xr.
1520 2778 1684 2811 Credibile
1702 2788 1807 2810 autem
1826 2779 1889 2817 est,
1905 2787 1946 2809 *u-

1076 2826 1223 2858 trumque
1240 2827 1256 2848 a
1271 2816 1369 2849 Paulo
1392 2817 1482 2849 fuisse
1504 2818 1705 2852 observatum
1721 2822 1751 2852 in
1769 2821 1787 2851 l.
1805 2830 1834 2859 4.
1852 2819 1945 2850 D.·de

1076 2859 1189 2902 agnose.
1208 2858 1245 2893 δ’
1261 2858 1354 2890 alend.
1374 2858 1454 2905 liber.
1469 2861 1563 2892 etiam
1579 2860 1652 2893 fore
1668 2862 1898 2903 appariturum3
1923 2859 1944 2891 fi

1075 2901 1184 2932 locum
1202 2899 1390 2931 haberemus
1404 2908 1561 2942 integrum
1575 2913 1582 2933 :
1599 2902 1685 2943 cujus
1700 2903 1763 2934 sola
1778 2910 1860 2934 nunc
1876 2908 1944 2939 pars

1074 2942 1196 2982 reliqua
1213 2940 1268 2973 est.
1292 2940 1354 2973 Sed
1372 2940 1436 2972 hoc
1450 2943 1658 2975 animadverti
1676 2943 1751 2975 olim
1767 2953 1790 2974 c.
1808 2949 1896 2973 vur.
1914 2941 1945 2971 ci.

1078 2983 1198 3022 Operis:
1220 2981 1367 3022 apposito
1384 2991 1443 3023 pro
1460 2984 1578 3023 majore
1595 2983 1759 3016 fulcimine
1778 2984 1851 3013 loco
1867 2990 1943 3026 con-

1075 3024 1165 3056 simili
1181 3033 1221 3054 ex
1232 3022 1398 3054 Laetantio
1414 3023 1463 3055 lib.
1479 3028 1508 3055 6.
1525 3024 1634 3056 Divin.
1649 3023 1738 3064 instit.
1754 3033 1778 3054 c.
1799 3032 1845 3053 20.
1865 3029 1941 3053 item

1076 3066 1141 3097 alio
1157 3074 1198 3096 ex
1212 3064 1603 3106 ApologiastcunclaJustini
1618 3065 1778 3104 Martyris.
1799 3062 1847 3108 ‘In
1863 3072 1939 3108 prae-

1075 3105 1173 3137 sentia
1189 3114 1319 3146 quoque
1335 3115 1400 3137 non
1417 3108 1562 3138 recedam
1579 3116 1595 3136 a
1612 3105 1725 3136 vicinia
1739 3113 1805 3134 veri
1816 3114 1824 3136 ε
1837 3106 1944 3144 opina-

1076 3155 1146 3186 tus,
1168 3145 1374 3186 justinianum
1400 3148 1486 3188 quod
1508 3157 1525 3177 a
1549 3146 1647 3178 Paulo
1671 3153 1729 3184 pro
1754 3145 1860 3184 regula
1875 3152 1942 3176 erat

1077 3189 1246 3227 traditum,
1263 3188 1296 3220 in
1314 3189 1343 3219 a.
1354 3187 1373 3219 l.
1384 3196 1414 3227 4.
1430 3188 1551 3220 idcirco
1568 3195 1633 3220 non
1650 3184 1855 3226 descripsiss'e:
1870 3187 1941 3226 quia

1924 3244 1941 3255 n·
