2036 3495
513 99 576 132 An
603 95 695 130 Lm.
724 91 789 127 VI.
827 90 928 126 Tit.
957 87 982 122 l.
1018 86 1066 122 De
1085 87 1126 120 rei
1145 83 1355 119 vindicatione.

36 201 82 234 D.
100 202 133 230 de
150 199 214 239 adq.
235 205 289 226 rer.
305 193 379 224 [lom.
396 190 425 221 δι
441 185 626 220 adscribitur
641 182 684 214 ibi
697 180 847 212 Proculo.
864 178 908 211 est

36 251 115 274 vero
141 238 230 271 causa
256 232 475 278 praevalentia:
499 235 592 268 qnam
611 225 730 256 indicat
749 221 862 254 Paulus
880 222 908 251 ιΙ.

34 285 54 314 l.
73 293 120 324 23.
139 281 168 323 ᾗ.
186 290 215 319 4.
238 279 267 309 ἂι
285 276 391 312 addit,
415 270 576 313 Quotiens
593 276 641 298 res
660 273 729 296 mea
747 271 831 294 tuam
850 271 907 293 tra·

37 325 84 358 h-it
101 332 157 365 per
172 316 428 363 praevalentiam‚
446 309 620 344 dominium
638 307 683 338 rei
705 314 765 336 tuae
783 304 840 335 tibi
855 313 908 334 ex-

37 364 159 407 tingui,
183 363 212 393 &
237 361 276 394 ad
301 367 353 389 me
370 354 507 386 transite.
530 349 626 392 igitur
642 357 706 379 non
728 354 835 383 tuam,
859 344 910 377 sed

32 416 142 439 >meam
160 428 169 442 ‚
192 401 255 434 esse
282 395 538 429 vindicationem.
563 389 649 431 quod
673 389 693 419 si
717 387 849 419 statuam
871 384 910 417 sis

30 443 124 481 'bona
139 445 200 478 fide
217 441 323 474 naCtus
335 462 343 476 ‚
360 447 421 479 ego
431 444 506 476 enm
518 433 706 471 vindicem:
725 438 757 460 te
775 428 912 469 pretium

32 491 107 530 ejus
123 486 211 529 quod
228 481 372 516 accessit,
393 478 477 510 reete
488 475 661 515 petiturum
675 481 730 512 per
747 471 913 510 exceptio-

40 540 115 563 nem
134 528 199 560 doli
217 524 298 557 mali.
326 520 414 552 Idem
434 516 538 549 scribit
557 514 670 546 Paulus
688 514 715 544 d.
734 513 750 543 l.
768 521 818 553 23.
836 510 865 552 §.
884 519 912 541 2.

41 571 63 604 fi
76 571 152 612 quid
171 569 201 600 in
220 565 327 597 charta
340 570 408 593 inca
425 558 595 595 scribatur,
613 564 667 586 aut
685 557 715 585 in
731 553 837 585 tabula
849 553 912 591 pin-

64 621 148 644 atur:
171 617 241 640 nam
266 607 296 636 &
323 604 385 634 hoc
409 609 515 631 meum
540 597 607 629 ficri
624 598 692 636 jure
709 594 912 627 acceffionis:

32 652 37 656 ’
57 654 97 685 ed
115 654 154 684 dc
170 649 289 692 pictura
307 644 460 685 quosdam
480 648 594 672 contra
614 637 743 670 sensisse.
773 635 816 667 Hi
834 633 914 675 qui?

41 694 207 728 Sabiniani.
232 688 283 728 qui
295 711 305 725 ‚
329 684 531 716 confiderato
549 681 678 721 picturae
696 678 801 719 pretio
814 699 823 713 ,
847 685 914 706 cre-

43 737 179 772 debant,
196 729 365 762 ridiculum
385 725 467 764 esse,
490 732 617 755 inanum
636 721 757 760 Apellis
774 719 824 749 vcl
844 717 915 749 Par-

33 776 152 812 rhasii.
176 772 205 804 in
233 770 444 802 accessionem
469 764 618 797 viliffimae
644 762 758 793 tabula:
785 761 915 790 cedere.

39 819 92 851 sed
104 816 216 849 Paulus
227 811 283 844 stat
299 817 413 850 aparte
423 807 569 840 Proculi:
588 803 729 839 necesse,
749 801 916 840 inquiens,

41 859 121 898 effe,
140 856 290 897 picturam
311 853 427 883 cedere
445 849 577 880 tabulae:
602 847 690 887 quod
707 843 769 876 fine
787 843 838 887 illa
855 839 917 886 else

34 910 105 934 ¹non
123 896 237 940 potest.
269 903 380 926 verum
400 891 504 922 media
523 889 662 919 obtinuit
681 885 833 916 sententia
851 891 913 913 exl-

39 940 252 976 stimantium‚
270 936 396 973 utrique
407 933 539 963 dandam
551 929 613 961 effe
622 927 776 959 actionem
791 937 798 958 :
815 924 914 965 pitto-

43 985 68 1016 ri
87 981 258 1015 directam:
283 977 418 1008 domino
437 974 557 1005 utilem.
584 969 729 1002 meminit
748 966 846 1006 Gaius
862 965 916 1000 l.9.

43 1026 111 1068 §.2
125 1024 170 1055 D.
181 1024 214 1053 de
224 1021 288 1056 adq.
305 1028 361 1049 rer.
378 1019 450 1048 dom.
471 1015 498 1046 ὃ(
517 1023 558 1044 ex
575 1010 814 1050 eanstinianus
831 1007 917 1049 §.34

42 1066 120 1106 lnsl.
143 1065 176 1095 de
201 1058 366 1099 rer.'divisss
388 1057 452 1097 ipse
478 1064 582 1087 tamen
602 1052 699 1092 Gajus
717 1051 805 1082 aliter
821 1050 915 1092 ζώῃ.

44 1103 118 1148 lust.
134 1106 180 1137 tit.
201 1114 226 1136 1.
244 1103 272 1144 §.
289 1113 334 1142 4:
361 1099 414 1131 nisi
431 1096 640 1137 interpolatus
658 1093 750 1125 alicui
768 1092 806 1122 ab
825 1092 916 1121 Ania-

43 1159 108 1188 no,
133 1154 186 1179 aut
209 1155 226 1176 a
248 1142 473 1177 Tribonian0‚
498 1139 642 1168 videatur
674 1136 699 1166 is
724 1133 794 1171 Gaji
814 1133 915 1163 locus.

46 1190 135 1232 quod
161 1186 307 1226 relinquo
327 1185 356 1215 in
382 1182 508 1214 medio:
533 1178 720 1213 arbitratus,
744 1176 775 1206 in
792 1183 825 1205 re
844 1172 917 1203 fasti

47 1241 114 1264 non
132 1229 194 1261 esse
220 1223 455 1259 ratiocinationi
479 1220 726 1260 indulgendum:
750 1225 789 1247 ne
807 1216 918 1246 docea-

53 1281 105 1310 tur
124 1270 213 1312 quod
233 1277 296 1300 non
317 1264 421 1306 potest
438 1263 576 1303 probari.
708 1297 713 1302 ⁴

91 1313 137 1345 Ut
154 1320 187 1343 ut
205 1311 282 1342 erit:
305 1306 392 1347 quod
409 1307 438 1335 in
456 1303 574 1344 pictura
591 1300 731 1331 obtinuit
743 1321 751 1336 ,
769 1296 921 1338 singulare

48 1356 97 1396 J'us
114 1354 177 1391 est;
202 1352 231 1382 ἃ
256 1349 330 1381 ideo
347 1356 412 1379 non
433 1343 621 1376 trahendum
641 1341 679 1372 ad
699 1338 920 1378 consequenti-

42 1405 100 1429 aas:
125 1403 185 1427 nec
202 1393 331 1424 statuam
347 1412 357 1427 ,
381 1388 444 1419 huc
463 1387 546 1416 enim
564 1383 681 1420 redeo,
706 1378 881 1412 vindicabit
898 1380 922 1410 is

40 1439 135 1478 vcujus
147 1433 311 1468 brachium
325 1430 369 1463 est
382 1427 523 1470 junctum
534 1426 640 1457 statuae
657 1432 757 1455 meae:
774 1421 846 1461 quia
857 1430 923 1452 non

48 1481 138 1512 dicet
160 1477 243 1508 suam
272 1473 423 1510 statuam3
446 1477 507 1501 nec
523 1467 622 1507 magis
639 1466 727 1496 suum
746 1472 834 1504 petet
855 1463 921 1494 bra-

55 1520 163 1552 chium
181 1517 268 1558 quod
287 1514 429 1549 coliaeret
447 1520 525 1542 meae
545 1508 661 1540 statuae.
685 1506 784 1537 solum
808 1505 836 1536 ei
853 1514 923 1544 pcr-

53 1560 191 1594 mittitur
207 1559 294 1589 forte
310 1554 477 1596 possidenti
495 1551 624 1583 statuam
636 1573 644 1587 ‚
656 1547 775 1579 brachii
788 1547 923 1587 pretium

45 1603 184 1643 ,exigere
200 1599 396 1639 exceptione
415 1593 480 1625 doli
497 1593 580 1624 mali.
604 1591 668 1621 hoc
685 1590 753 1630 plus
770 1589 799 1620 ei
816 1588 926 1619 licebit

49 1653 153 1686 ,agere
164 1641 290 1673 afflone
305 1639 343 1669 ad
355 1636 591 1671 exhibendum3
608 1641 641 1663 ut
660 1629 821 1662 brachium
837 1639 852 1660 a
869 1629 925 1660 sta-

50 1694 111 1718 1tua
135 1684 313 1724 separetur,
337 1680 366 1710 ἂ
391 1678 431 1709 sic
454 1676 645 1706 vindicetur.
670 1682 739 1704 nain
758 1678 792 1702 ut
809 1670 926 1712 separa-

49 1735 125 1759 .tum
140 1724 252 1756 definit
269 1721 330 1753 esse
345 1729 415 1761 pars
438 1726 514 1749 meae
532 1716 638 1747 statuae
649 1737 658 1753 ,
682 1715 724 1745 ita
740 1712 852 1745 definit
867 1710 929 1743 esse

58 1778 130 1809 pars
155 1767 216 1798 mei
243 1761 393 1799 dominii,
417 1760 446 1790 dc
465 1759 503 1790 ad
523 1765 555 1788 te
571 1764 749 1788 revertetur
766 1753 930 1795 quassjure

60 1807 262 1851 postliminii:
285 1804 306 1836 fi
333 1812 389 1841 per
412 1799 682 1841 applurnbaturam
700 1820 708 1835 ,
732 1797 762 1827 id
787 1794 850 1834 est,
874 1804 932 1835 per

59 1850 226 1891 plumbum
252 1846 425 1885 liquidum,
449 1841 530 1872 faeta
553 1841 588 1873 lit
604 1838 796 1879 conjunctio.
820 1846 892 1869 nam
910 1835 931 1867 si

59 1889 234 1931 contigerit
248 1884 610 1928 perserruminationem
623 1904 632 1919 ,
649 1882 679 1912 id
697 1879 759 1918 est,
775 1888 831 1919 per
847 1887 930 1909 eam-

56 1934 132 1964 dem
159 1930 339 1965 materiam,
363 1924 519 1957 diversum
541 1924 589 1962 jus
613 1921 674 1953 est:
700 1920 931 1952 feri-ominatio-

60 1984 102 2005 ne
118 1983 174 2013 per
190 1971 334 2002 eamdem
354 1967 515 1999 materiam
532 1965 674 1995 faciente
691 1961 909 1994 confusionem
924 1972 932 1992 z

59 2015 257 2056 plumbatur-a
275 2020 339 2041 non
359 2010 449 2040 item.
480 2005 642 2045 posti-emo
661 2004 787 2044 placet,
811 2002 932 2034 brachi·

52 2052 396 2088 .umsferruminatione
417 2048 559 2089 junctum
577 2046 684 2081 statuae
703 2055 799 2084 mcae,
824 2043 934 2075 consu-

63 2099 106 2129 mi
125 2097 244 2143 unitate
271 2092 396 2132 majoris
422 2091 535 2130 partis,
560 2089 589 2119 &
616 2087 709 2119 semel
733 2088 870 2119 alienum
889 2085 933 2115 sa-

64 2139 166 2176 Etum,
188 2137 281 2168 etiam
306 2134 381 2165 inde
404 2133 590 2172 abreptum,
614 2132 650 2160 ad
676 2128 815 2169 priorem
832 2127 931 2159 domi‘

63 2189 138 2212 num
164 2178 266 2210 redire
290 2183 474 2211 numanam=
498 2182 538 2202 co
565 2173 657 2212 igitur
673 2171 804 2205 casu,ait
820 2169 933 2201 Paulus

59 2223 91 2261 d.
102 2222 122 2253 l.
135 2219 258 2261 23.§.5.
283 2216 484 2249 necessariam
501 2213 563 2245 esse
578 2212 734 2245 actionem
750 2211 780 2243 in
794 2211 912 2243 sac'tum
924 2233 933 2249 ,

57 2270 99 2301 „ut
116 2263 254 2302 pretium
271 2260 381 2297 detur3
397 2264 539 2295 ⁴eamque
562 2255 719 2286 aaronem
736 2254 833 2285 etiam
850 2252 932 2283 obti-

58 2313 140 2336 ,nere
165 2303 195 2333 in
216 2299 364 2335 omnibus
387 2297 535 2329 fimilibus
561 2295 747 2335 speciebus,
771 2297 801 2326 in
821 2293 935 2334 quibus

58 2354 170 2385 neque
189 2343 226 2374 ad
242 2340 456 2373 exhibendum
469 2363 478 2378 ‚
501 2347 606 2378 neque
631 2338 660 2368 in
680 2346 747 2368 rem
764 2336 868 2375 afflo,
893 2336 936 2366 lo-

62 2396 134 2423 cum
154 2386 279 2416 habeat.
394 2419 402 2421 s

60 2457 79 2462 ,a
104 2428 156 2462 Sic
179 2426 209 2458 in
235 2425 333 2456 statua
376 2423 407 2453 id
429 2421 496 2459 est,
520 2421 550 2451 in
570 2428 712 2458 ,corpore
727 2418 828 2450 unito.
853 2417 937 2449 idem

62 2470 111 2509 jus
129 2468 174 2500 est
191 2469 220 2499 in
247 2465 436 2505 corporibus
462 2461 717 2504 cohaerentibus:
741 2461 821 2491 utin
842 2458 937 2490 aedifi-

63 2511 129 2541 cio.
150 2510 183 2540 id
208 2508 229 2540 fi
254 2507 416 2544 struxerim
435 2514 475 2536 ex
499 2504 599 2535 aliena
618 2503 767 2539 materia,
791 2511 853 2542 ego
870 2508 937 2540 qui-

59 2551 140 2582 ,dem
164 2558 267 2581 meum
291 2547 485 2585 vindicabo,
518 2546 668 2585 quamdiu
693 2543 838 2574 cobaeret
864 2551 939 2572 meo

69 2590 157 2623 solo:
173 2599 204 2622 at
220 2590 357 2621 materiae
370 2590 516 2619 dominus
534 2587 616 2617 suain
628 2586 779 2625 tantisper
790 2593 854 2615 non
873 2584 939 2619 vin-

69 2632 205 2663 dicabit:
224 2631 295 2670 quia
314 2628 461 2666 tantisper
479 2629 560 2659 suam
579 2637 642 2659 non
664 2625 760 2658 dicet.
776 2635 813 2656 ati
832 2633 939 2655 tamen

69 2674 123 2708 vel
141 2673 192 2703 hic
208 2680 279 2712 aget
300 2672 339 2701 ad
362 2669 599 2707 exhibendum3
623 2676 657 2700 ut
670 2668 802 2699 *materia
820 2666 939 2706 separe-

72 2723 142 2751 tur,
166 2714 196 2744 &
213 2713 329 2757 deinde
349 2711 552 2743 vindicetur?
576 2720 640 2741 non
658 2719 746 2749 puto.
770 2717 829 2748 qua
847 2707 941 2737 ratio-

70 2755 139 2787 ne‘?
155 2755 227 2795 quia
242 2752 412 2784 intercedit
427 2753 526 2789 palam
545 2751 611 2782 Lex
632 2750 815 2782 Duodecim
832 2747 941 2779 Tabu-

71 2798 190 2830 larum:
213 2803 341 2832 vetans‚
366 2794 485 2832 tignum
507 2792 643 2824 alienum
665 2792 784 2828 aedibus
800 2790 941 2830 jiinctum

71 2838 169 2869 solvi:
193 2844 308 2875 nempe
324 2857 334 2870 ,
358 2843 398 2864 ne
419 2833 491 2863 urbs
515 2833 609 2864 ruinis
631 2833 840 2864 deformetur.
867 2830 942 2870 quid

67 2879 177 2920 ergo?
202 2877 300 2917 polita
325 2876 384 2906 hac
406 2872 492 2913 Lege
512 2874 556 2904 est
571 2874 653 2915 aelio
674 2875 714 2905 cle
732 2875 821 2914 tigno
835 2871 945 2912 juncto

73 2922 107 2952 in
132 2921 281 2960 duplum:
306 2916 325 2948 si
351 2917 472 2956 tignum
497 2914 648 2946 furtivum
665 2915 701 2946 fit
722 2917 750 2946 d.
766 2916 785 2945 l.
802 2923 851 2954 23.
871 2912 899 2954 ᾗ.
917 2917 946 2942 6.

71 2961 213 3002 alioquin
238 2965 367 2997 recepta
383 2956 427 2987 est
450 2956 532 2989 :ictio
550 2957 579 2987 in
597 2956 713 2989 fadum
737 2957 766 2987 in
783 2955 944 2994 simplum:

69 3001 360 3043 semperssobtinens
372 3022 380 3036 ‚
397 2997 447 3028 tibi
464 3006 570 3035 neque
585 2998 623 3028 ad
640 2997 855 3028 exhibendum
867 3019 876 3034 ,
890 3005 943 3025 ne-

71 3054 135 3084 que
150 3045 180 3076 in
193 3052 284 3079 rem,
306 3041 389 3072 attio
407 3040 512 3070 locuni
531 3038 645 3077 liabet3
669 3047 704 3070 ut
721 3039 830 3069 monui
844 3038 944 3068 modo

71 3095 113 3117 ex
123 3087 151 3116 d.
163 3086 239 3125 l.23.
252 3084 317 3125 §.5
330 3081 488 3112 Caeaerum
500 3104 508 3116 ,
533 3080 550 3110 [i
569 3080 626 3109 alia
642 3089 683 3110 ex
699 3078 788 3110 causa
804 3079 943 3110 dirutum

71 3126 110 3158 fit
125 3127 312 3162 aedificium,
331 3123 462 3155 materia
480 3123 508 3151 in
528 3120 686 3161 pristinam
699 3120 820 3151 causam
837 3128 943 3150 rever-

72 3168 149 3198 titur
164 3170 192 3200 d.
210 3168 229 3198 l.
244 3177 291 3206 23.
308 3165 336 3207 ἓ.
353 3166 405 3196 ult.
424 3171 482 3194 nec
497 3163 557 3202 jam
574 3162 617 3192 eli
629 3186 637 3198 ,
655 3170 711 3192 cur
726 3170 790 3192 non
808 3170 823 3191 a
843 3160 942 3192 dorni·

68 3217 113 3242 no
131 3209 331 3252 vindicetur3
355 3205 411 3238 etii
427 3204 558 3244 duplum
571 3203 750 3244 acceperit:
775 3211 847 3237 cum
865 3210 940 3243 pra-

1764 85 1827 117 ¹51

952 177 1057 209 sertim
1068 175 1199 216 duplum
1217 179 1322 204 totum
1341 178 1435 210 poena
1451 168 1503 207 fit,
1520 175 1623 208 neque
1634 165 1662 196 ei
1679 164 1747 196 insit
1762 163 1829 195 fiin-

951 219 1058 259 plum,
1077 218 1109 248 id
1127 215 1191 254 est,
1213 213 1371 255 pretium3
1387 220 1493 251 eoque
1511 209 1553 241 rei
1575 207 1828 239 vindicationem

951 269 1019 300 quae
1043 268 1108 290 rem
1132 255 1350 297 persequitur,
1374 254 1556 293 extinguat:
1583 257 1712 280 vetante
1733 256 1829 288 gene·

951 301 1007 332 rali
1025 299 1131 339 regula
1148 300 1177 329 in
1195 295 1350 328 concursu
1360 295 1521 326 aetionuni
1535 298 1674 331 recepta.
1688 289 1764 330 quid
1783 297 1830 319 re-

951 341 1057 382 gulam
1082 340 1213 380 allego?
1236 338 1337 376 palam
1361 335 1518 376 Ulpianus
1534 334 1552 364 l.
1577 344 1604 364 2.
1626 333 1672 363 D.
1699 333 1732 362 de
1748 330 1830 371 tigno

942 381 1073 424 juncia,
1097 381 1153 411 Sed
1168 379 1191 415 fi
1207 402 1215 413 .
1232 379 1354 417 inquit,
1367 383 1507 417 proponas
1525 376 1601 416 tigni
1616 373 1728 411 furtivi
1742 371 1832 402 nomi-

954 433 990 455 ne
1005 423 1111 454 aeciz'bus
1122 420 1221 462 juniii
1237 419 1350 450 aetiam.-
1367 415 1647 457 cleliberoripozerit,
1662 425 1700 445 an
1721 412 1832 444 extrin-

948 466 1033 507 secus
1042 462 1083 501 fic
1098 464 1140 492 rei
1157 459 1343 493 vindicatio?
1360 459 1395 493 ἐπ’)
1412 459 1462 500 effe
1479 468 1536 489 non
1553 458 1663 489 dubito.
1700 454 1753 487 Sic
1773 452 1831 485 Ul-

956 508 1086 547 pianus:
1110 503 1130 534 si
1149 512 1242 540 vere,
1266 510 1301 532 ut
1325 511 1388 531 non
1413 501 1511 531 debet
1533 499 1680 530 dubitare
1697 494 1834 527 cuisana

956 557 1046 579 mens
1068 544 1132 582 est3
1156 545 1301 575 laborant
1325 542 1394 572 haec
1419 540 1580 581 justiniani
1607 539 1702 570 verba
1720 538 1750 569 in
1769 536 1834 568 fine

956 589 985 631 §.
1003 598 1050 625 29.
1072 585 1141 627 [nst.
1159 587 1192 616 de
1207 595 1261 616 rer.
1281 583 1435 621 divz'fione:
1459 579 1583 626 Qcodfi
1598 581 1699 620 aliqua
1714 588 1750 609 ex
1765 587 1834 608 cau·

948 637 987 672 ja
1004 631 1133 661 dirutum
1151 626 1192 665 fit
1212 626 1383 664 (edificium,
1402 629 1507 665 poterit
1534 623 1659 654 maieriae
1682 620 1834 655 dominus,

950 671 980 711 fi
999 681 1055 702 non
1063 670 1161 710 fuerit
1177 669 1298 708 duplum
1316 668 1376 706 jam
1392 668 1555 703 consecutus
1566 687 1576 701 ‚
1600 669 1671 693 tunc
1687 672 1750 692 eam
1766 662 1834 691 vin·

957 714 1073 750 dicare,
1097 711 1133 746 &3⁹
1154 711 1190 740 ad
1211 710 1400 740 exhibendum
1421 709 1453 736 (Ie
1471 716 1504 736 ea
1523 715 1551 735 re
1566 713 1659 745 agere.
1703 702 1834 733 Scribo:

959 752 1075 797 Quoclfi
1084 754 1183 793 aliqua
1199 750 1329 789 excausa
1346 751 1477 780 dirutum
1488 745 1528 785 fit
1544 746 1716 784 aedificium:
1731 744 1837 783 poterit

960 795 1085 826 maceriae
1107 794 1259 830 dommus,
1284 798 1355 822 tunc
1372 800 1433 821 eam
1456 789 1623 821 vindicare,
1648 785 1684 820 δέ’
1701 788 1737 816 ad
1752 785 1835 815 exhi·-

960 839 1081 869 bendum
1096 836 1128 865 de
1145 844 1177 865 ea
1195 843 1225 864 re
1242 842 1334 873 agere.
1358 832 1483 864 Caetera
1500 830 1595 861 verba
1607 827 1655 866 ,fi
1673 826 1837 867 nmzfueric

960 878 1080 919 duplum
1091 877 1156 918 jam
1172 879 1357 912 consecutus,
1378 873 1452 904 *sunt
1471 871 1659 912 Interpretis
1679 869 1838 908 imperiti,

959 928 1029 951 mea
1058 918 1228 955 sententia,
1255 924 1350 953 atque
1374 924 1414 945 eo
1439 914 1584 944 veriore:
1607 913 1679 951 quia
1702 912 1726 942 is
1749 911 1840 941 locus

960 961 1005 992 est
1023 959 1198 999 descriptus
1222 967 1261 988 ex
1285 955 1367 995 Gajo
1394 956 1413 986 ί.
1434 966 1461 993 7.
1477 955 1505 996 §.
1530 963 1574 986 ιο.
1591 952 1632 985 D.
1649 954 1681 983 de
1699 954 1755 992 adq
1782 960 1839 981 rer.

959 1005 1024 1034 dom
1054 1002 1104 1032 ubi
1123 1000 1164 1031 fic
1180 1007 1276 1030 eiciat.
1304 998 1383 1039 Ergo
1392 996 1419 1034 fi
1435 997 1536 1037 aliqua
1552 1005 1588 1027 ex
1604 999 1690 1026 causa
1708 994 1841 1025 dirutum

952 1043 994 1082 fit
1010 1042 1181 1080 (editicium,
1194 1041 1297 1081 poterit
1312 1040 1437 1070 materiae
1453 1039 1673 1069 dominusnzcnc
1691 1045 1751 1066 eam
1769 1036 1839 1065 vin·

961 1088 1073 1120 dicare,
1091 1083 1127 1118 &²
1143 1085 1180 1114 ad
1197 1083 1387 1113 exhibentium
1402 1089 1493 1119 agore.
1520 1078 1625 1109 Verba
1646 1077 1696 1108 illa
1707 1100 1716 1115 ,
1733 1076 1765 1107 Sz
1783 1084 1842 1107 non

958 1128 1053 1166 fuerit
1075 1125 1192 1166 duplum
1205 1125 1268 1165 jam
1285 1129 1450 1158 consecutus
1463 1146 1471 1157 ‚
1495 1121 1548 1152 hic
1567 1119 1688 1151 desunt.
1713 1119 1789 1158 quid
1809 1116 1840 1150 ni

961 1170 1056 1209 igitur
1076 1166 1174 1198 derint
1195 1176 1224 1196 in
1243 1166 1270 1196 d.
1287 1165 1314 1206 §.
1335 1175 1382 1200 29·
1404 1164 1433 1193 id
1453 1161 1515 1199 est,
1533 1163 1561 1192 in
1581 1160 1751 1199 exemplo:
1768 1167 1843 1190 cum

962 1210 1047 1242 nulla
1064 1209 1160 1240 sintin
1177 1206 1380 1246 exemplari?
1398 1205 1450 1236 sed
1462 1205 1525 1234 lioc
1534 1202 1751 1236 emendationi
1764 1209 1842 1233 meae

963 1257 1129 1283 convenit.

1007 1291 1130 1328 Restat,
1156 1299 1189 1321 ut
1208 1291 1248 1321 de
1264 1298 1360 1330 grege
1385 1288 1557 1319 videamus.
1583 1286 1606 1316 is
1630 1284 1708 1315 facit
1725 1290 1843 1320 corpus

965 1333 1146 1366 distantium
1164 1332 1321 1371 capitum:
1340 1337 1372 1361 ut
1390 1328 1479 1369 supra
1495 1328 1571 1359 dixi.
1587 1327 1726 1364 ideoque
1744 1323 1762 1354 si
1782 1332 1846 1353 iiie-

965 1385 1000 1406 us
1024 1385 1101 1416 grex
1124 1374 1177 1413 sit3
1200 1372 1280 1404 aries
1301 1372 1331 1403 in
1356 1381 1453 1412 grege
1469 1378 1558 1401 tuus:
1576 1367 1698 1409 possum
1714 1373 1846 1406 gregem

968 1417 1149 1454 vindicare3
1165 1424 1225 1446 nec
1237 1422 1343 1446 tamen
1358 1415 1388 1444 iii
1406 1412 1640 1449 restitutionem
1658 1408 1848 1439 venitaries.

966 1468 1057 1497 aeque
1081 1458 1129 1497 jus
1153 1456 1197 1488 est
1224 1456 1300 1493 tibi,
1324 1454 1456 1486 arietem
1475 1451 1656 1488 vindicare;
1681 1449 1755 1481 licet
1769 1455 1849 1488 grex

968 1509 1030 1531 non
1049 1499 1083 1529 sit
1101 1506 1183 1530 tuus.
1207 1499 1250 1529 ita
1264 1497 1375 1528 Paulus
1393 1497 1419 1526 d.
1435 1496 1454 1526 l.
1475 1503 1513 1535 23
1539 1493 1568 1535 §.
1587 1503 1615 1532 5.
1632 1491 1730 1524 {imile
1750 1489 1849 1520 habet

968 1540 1124 1581 Ulpianus
1140 1540 1159 1571 l:
1177 1549 1207 1581 3.
1227 1540 1272 1571 D.
1285 1539 1312 1569 b.
1329 1543 1349 1568 t.
1373 1536 1425 1568 sed
1444 1536 1496 1567 hic
1509 1536 1607 1566 vai-int
1619 1533 1724 1565 left'io.
1741 1531 1849 1570 vulga-

969 1592 1000 1615 ta
1019 1581 1158 1613 Accursii
1176 1580 1276 1612 editio
1297 1589 1357 1620 pro
1370 1601 1380 1617 ‚
1406 1579 1523 1609 totidem
1539 1576 1636 1615 capita
1653 1575 1771 1610 aliena,
1795 1572 1850 1602 ha·

969 1625 1045 1662 bet,
1063 1625 1178 1654 totidem
1193 1622 1253 1653 alia
1269 1624 1380 1662 capita:
1397 1620 1508 1651 eadem
1525 1616 1626 1649 editio
1645 1615 1763 1647 deinde
1782 1613 1850 1644 sub·

969 1666 1055 1707 jicit,
1077 1665 1123 1696 vel
1145 1664 1240 1695 aliena
1266 1664 1301 1695 ab
1316 1671 1345 1693 eo
1362 1662 1413 1703 qziz'
1439 1658 1599 1699 bonafide,
1625 1657 1685 1689 &e
1703 1664 1735 1687 at
1755 1664 1850 1690 manu

971 1706 1076 1747 scripti
1103 1706 1173 1738 libri
1196 1705 1328 1745 legunt,
1344 1704 1391 1734 vel
1416 1704 1466 1744 qui
1490 1703 1561 1732 bonci
1580 1699 1659 1739 fide:
1681 1697 1850 1737 expunctis

974 1749 1079 1780 verbis
1091 1771 1100 1786 ‚
1116 1748 1210 1779 aliena
1225 1748 1260 1778 ab
1277 1756 1316 1777 eo.
1340 1745 1415 1784 quid
1427 1768 1435 1782 ‚
1453 1743 1473 1775 fi
1489 1752 1567 1784 grex
1584 1741 1619 1772 sit
1636 1742 1748 1771 decem
1765 1740 1852 1779 capi-

975 1799 1061 1827 tum,
1083 1790 1114 1820 &
1131 1790 1230 1821 altera
1253 1797 1323 1829 pars
1341 1787 1377 1819 fit
1402 1795 1490 1823 mea,
1513 1784 1611 1814 altera
1637 1791 1706 1813 tua:
1729 1782 1771 1812 ita
1797 1789 1852 1820 pat

977 1832 1145 1871 utriusque
1167 1839 1327 1862 numerus.
1359 1829 1419 1859 utri
1439 1826 1565 1857 dabitur
1589 1825 1692 1865 gregis
1712 1822 1855 1854 vindica·

974 1874 1047 1905 tio?
1064 1873 1164 1905 Paulo
1181 1873 1199 1902 l.
1212 1881 1238 1903 2.
1258 1871 1298 1902 D.
1313 1871 1339 1901 b.
1358 1876 1378 1900 c.
1397 1869 1522 1909 placet,
1536 1867 1645 1898 *neutri
1663 1866 1748 1896 dare.
1765 1872 1854 1896 nern-

973 1925 1035 1956 pe,
1060 1915 1132 1955 quia
1150 1923 1213 1944 non
1231 1912 1275 1944 est
1293 1912 1455 1950 utriusque
1471 1907 1759 1950 goexcommunis,
1778 1913 1854 1940 cum

975 1957 1026 1987 sua
1041 1957 1193 1995 cujusque
1208 1953 1267 1986 lint
1282 1954 1406 1993 capim
1424 1961 1484 1982 nee
1501 1950 1593 1991 poffit
1605 1948 1785 1984 communis
1805 1947 1855 1977 di-

974 1999 1002 2030 ci
1027 2008 1120 2039 grex:
1143 1997 1231 2036 cujus
1256 1997 1360 2034 capita
1383 2003 1447 2024 non
1474 1992 1531 2024 lint
1554 1990 1746 2022 communia.
1775 1987 1853 2028 quid

976 2050 1054 2081 ergo
1070 2039 1113 2070 est
1125 2039 1141 2070 ‘2
1166 2037 1356 2068 vindicanda
1374 2035 1499 2074 utrique
1518 2032 1586 2063 sunt
1602 2031 1719 2072 singula
1736 2029 1852 2070 capita,

975 2083 1062 2123 quod
1081 2080 1102 2112 fi
1120 2081 1199 2111 alter
1220 2079 1378 2118 majorem
1397 2077 1511 2107 habeat
1538 2081 1723 2111 numerum3
1747 2080 1781 2103 ut
1799 2072 1853 2102 de-

977 2123 1084 2155 traCtis
1108 2122 1217 2152 alienis
1236 2143 1246 2158 ,
1270 2119 1374 2149 adhuc
1402 2117 1437 2148 sit
1460 2125 1590 2158 gregem
1616 2115 1854 2146 vindicaturus:

977 2165 1063 2197 recte
1082 2162 1168 2194 suum
1186 2161 1361 2193 vindicabit
1374 2168 1506 2200 gregem
1524 2167 1619 2197 quem
1636 2165 1709 2187 ante
1727 2155 1855 2185 habuit:

977 2213 1167 2247 quamquam
1186 2203 1244 2242 fic3
1270 2212 1310 2234 ne
1329 2202 1429 2234 aliena
1446 2201 1549 2240 capita
1569 2199 1599 2229 in
1618 2196 1855 2229 restitutionem

977 2246 1118 2279 veniant.
1143 2244 1250 2285 Major
1266 2252 1415 2279 numerus
1434 2242 1497 2278 est,
1521 2249 1669 2281 magnus:
1693 2246 1858 2277 compara-

979 2290 1048 2320 tivo
1066 2287 1164 2329 gradu
1180 2286 1306 2326 sumpto
1323 2295 1382 2325 pro
1402 2283 1559 2324 positivo:
1584 2289 1617 2311 iit
1635 2280 1714 2319 saepe
1731 2279 1817 2310 alibi.

1027 2329 1071 2361 Ut
1089 2328 1288 2360 absolvamus
1305 2328 1388 2358 viam
1405 2334 1499 2365 quam
1517 2322 1640 2362 ingr-effi
1658 2320 1779 2353 sumus:
1802 2329 1855 2359 ap-

980 2380 1091 2413 paret,
1114 2371 1158 2401 rei
1177 2368 1428 2401 vindicationem
1448 2366 1502 2403 soli
1519 2365 1653 2395 domino
1678 2364 1761 2396 dari:
1784 2360 1857 2402 quia

981 2414 1063 2446 solus
1081 2410 1187 2452 potest
1204 2411 1329 2447 dicere,
1346 2418 1412 2440 rc-in
1430 2408 1512 2438 suam
1529 2404 1591 2437 esse
1607 2404 1693 2436 civili
1710 2412 1762 2434 aut
1779 2413 1856 2444 gen·

982 2456 1060 2488 tium
1076 2455 1160 2494 jure:
1179 2455 1208 2484 ὁ(
1227 2451 1300 2483 huic
1318 2452 1446 2482 demum
1466 2449 1587 2479 l'raetor
1605 2447 1647 2477 rei
1667 2445 1856 2477 vindicatio-

981 2506 1054 2529 nem
1071 2495 1259 2535 poliicetur:
1283 2493 1393 2532 utique
1409 2489 1609 2527 intendenti,
1625 2487 1654 2517 se
1672 2496 1758 2523 rum,
1784 2496 1857 2517 curn

982 2548 1048 2571 rem
1066 2536 1163 2577 pctit,
1186 2536 1251 2575 ejus
1276 2534 1441 2565 dominum
1467 2531 1537 2563 csse.
1563 2538 1634 2561 nam
1651 2528 1671 2560 fi
1688 2528 1861 2568 aliquando

983 2580 1045 2611 fuit
1062 2579 1228 2615 dominus,
1253 2575 1304 2607 sed
1321 2574 1385 2606 effe
1402 2573 1507 2605 desiit:
1532 2573 1591 2612 jain
1608 2580 1673 2602 non
1692 2570 1794 2610 potest
1812 2571 1858 2600 di-

984 2631 1075 2658 cei-e,
1100 2619 1183 2650 stiam
1204 2627 1270 2649 reni
1286 2616 1368 2655 effe,
1392 2616 1421 2647 ἃ
1441 2617 1514 2646 ideo
1530 2624 1593 2646 non
1614 2620 1813 2653 promittitur
1828 2610 1857 2642 ei

983 2673 999 2694 a
1017 2663 1157 2693 Praetorc
1174 2657 1346 2690 vindicatio
1364 2658 1384 2688 l.
1401 2667 1449 2696 41.
1470 2657 1516 2688 D.
1532 2656 1559 2686 h.
1579 2661 1598 2686 t.
1624 2654 1802 2691 Caeterum,
1827 2661 1859 2682 u·

984 2704 1016 2735 bi
1039 2703 1083 2734 est
1105 2703 1276 2740 dominus;
1298 2700 1376 2731 nihil
1401 2697 1519 2737 refert,
1543 2704 1648 2728 utrum
1668 2702 1858 2736 perpetuum

985 2746 1101 2776 habeat
1126 2742 1323 2780 dominium,
1346 2750 1383 2772 an
1401 2741 1557 2772 abiturum
1574 2738 1755 2777 aliquando.
1780 2733 1861 2764 (uffi-

986 2789 1031 2818 cit
1057 2786 1141 2816 enim
1170 2784 1320 2822 Praetori,
1343 2783 1468 2822 interim
1492 2780 1658 2813 dominnm
1684 2776 1761 2809 ess'e:
1786 2784 1859 2814 quia

988 2828 1140 2865 tantisper
1158 2824 1264 2866 potest
1279 2826 1404 2864 dicere,
1422 2823 1504 2855 suam
1523 2832 1588 2854 rem
1603 2821 1683 2852 esse:
1703 2817 1756 2849 etsi
1775 2817 1859 2847 futti-

989 2879 1057 2901 rum
1074 2868 1109 2900 fit
1122 2890 1130 2905 ,
1147 2867 1222 2899 utid
1239 2869 1345 2897 dicere
1362 2875 1425 2898 non
1447 2865 1557 2905 possit3
1574 2871 1645 2893 curn
1657 2859 1808 2890 desiturus
1824 2867 1859 2888 e-

989 2910 1029 2942 rit
1051 2910 1197 2941 dominus
1215 2908 1286 2939 effe.
1309 2908 1419 2940 Paulus
1438 2909 1519 2938 l.66.
1541 2909 1565 2935 h⁴
1586 2909 1605 2932 t.
1637 2902 1677 2932 sic
1704 2899 1856 2938 expedit:

990 2952 1062 2984 Non
1076 2953 1135 2982 iaeo
1152 2952 1247 2981 minus
1263 2949 1335 2983 reste
1349 2950 1418 2991 quid
1435 2947 1562 2988 nostrum
1573 2943 1622 2983 effe
1631 2941 1857 2977 vindicabimus,

989 2995 1065 3035 quod
1081 2994 1157 3024 abire
1174 3002 1191 3022 ci
1208 2993 1286 3022 nobis
1303 2992 1463 3022 dominium
1480 2992 1626 3029 speratur,
1641 2981 1669 3019 fi
1684 2982 1805 3012 conditio
1823 2984 1860 3010 le-

984 3036 1051 3076 gati
1065 3034 1111 3065 vel
1126 3034 1265 3064 libertatis
1281 3035 1419 3064 extiterit.
1447 3032 1517 3066 Ait,
1532 3032 1678 3066 speratur,
1695 3032 1754 3062 pro
1767 3024 1860 3053 creai-

987 3084 1042 3108 zur.
1063 3078 1231 3115 quomodo
1257 3075 1348 3115 spero
1374 3083 1431 3114 pro
1454 3070 1551 3101 credo
1568 3067 1648 3105 apud
1664 3063 1859 3095 Terentium

987 3118 1128 3149 Eunucho
1137 3127 1166 3156 5.
1180 3127 1208 3157 3.
1225 3125 1268 3147 11.
1292 3116 1426 3148 Donato
1443 3112 1623 3149 interprete.
1649 3107 1718 3138 aliis
1736 3105 1860 3144 sperare

987 3160 1051 3199 est,
1075 3158 1197 3190 timere.
1220 3157 1270 3188 sed
1294 3159 1378 3198 prius
1397 3153 1515 3185 mavult
1534 3150 1590 3181 Vir
1609 3147 1859 3184 Eruditiss'imus,

984 3200 1026 3233 G.
1044 3201 1070 3242 J.
1090 3199 1217 3232 Voffius
1235 3199 1281 3231 lib.
1299 3209 1329 3239 4.
1350 3194 1422 3236 lust.
1444 3194 1531 3226 Orac.
1548 3202 1573 3224 c.
1592 3200 1636 3223 12.
1648 3198 1679 3232 p.
1693 3193 1793 3260 omps

1795 3237 1859 3261 cm·
