2036 3495
323 125 352 160 A
367 135 388 159 n
415 124 504 159 Ltn.
532 120 596 157 IV.
633 119 667 155 T
679 128 733 154 ιτ.
762 116 842 154 VH.
876 117 926 154 De
942 118 1128 153 alienatione
1137 118 1251 163 jadias
1269 117 1410 152 incitandi
1426 117 1632 162 caifiifhcia.

80 217 296 251 vituperanda.
323 223 474 256 praeterea
499 212 590 244 inviti
619 220 683 242 non
711 208 952 256 compellimur,

81 261 114 291 in
142 253 205 291 r'cm
228 257 383 290 actionem
410 256 471 296 pati
498 256 515 284 ί.
536 254 588 284 ult.
608 252 648 283 D.
669 253 705 282 cle
717 260 759 281 rez
775 252 886 281 vindic.
913 258 953 281 ita

79 312 145 334 non
164 301 297 337 alienat,
326 299 377 337 qui
397 297 559 329 dumtaxat
575 293 695 325 omittit
712 291 931 338 poffeilionem
943 315 952 329 ,

82 344 213 374 auctore
239 340 378 380 Ulpiano
404 338 422 371 l.
455 347 519 373 119.
547 335 589 366 D.
612 336 645 366 cle
664 344 722 380 ,⁷ng
739 344 797 372 yur.
822 343 889 373 qiiae
909 332 954 364 est

83 383 308 425 conjungenda
324 390 396 412 cum
415 381 444 410 d.
463 379 481 409 l.
499 388 527 422 4.
543 377 572 419 §.
594 385 618 407 1.
643 376 751 407 Simile
769 375 952 414 exemplum

80 425 146 463 est,
169 424 188 456 fi
215 424 283 464 quis
315 423 358 453 ob
388 421 626 461 valetudinem,
651 427 704 448 aut
731 424 876 452 aetatem,
900 425 953 446 aut

79 469 309 506 occupationes
327 462 526 497 net-elianus,
552 461 639 491 litem
659 460 688 489 in
709 460 802 489 aliuin
825 458 949 488 transtu-

79 508 164 540 lerit.
189 507 256 538 vult
279 506 361 536 enim
381 504 432 534 ille
452 510 573 533 mutare
587 501 760 540 judicium,
785 500 952 530 substituto

79 557 308 590 procuratore;
331 545 381 576 sed
400 545 441 575 nil
462 551 523 583 agit
542 543 620 573 dolo
637 543 730 573 malo.
767 542 808 572 ita
826 551 888 572 non
908 540 951 570 est

78 592 111 622 in
138 600 174 621 ea
199 587 306 626 causa,
330 596 362 617 ut
389 585 452 617 hoc
470 584 584 615 Edicto
602 591 757 614 teneatur.
783 591 951 620 caeterum,

77 632 112 663 id
129 630 192 668 cst,
216 629 375 667 alioquin,
395 627 596 659 interdictum
617 627 676 655 erit
695 635 751 665 per
768 631 952 665 procurato-

77 683 143 704 rem
165 672 285 711 litigare
301 672 328 700 d.
346 670 364 701 l.
382 680 410 708 4.
432 668 459 709 §.
479 679 507 709 3.
532 666 718 698 posterioris
738 666 825 696 casus
843 673 951 696 exem-

76 716 164 754 plum
183 709 234 744 fit‘:
252 711 270 742 fi
292 710 407 747 sciens,
424 711 517 740 alium
536 708 598 740 ess'e
615 709 778 739 dominum
796 707 839 738 rei
858 715 951 746 quam

74 755 228 796 possidet,
253 753 368 783 deinde
385 762 453 783 eam
474 751 522 782 alii
543 754 642 781 donat
661 758 714 780 aut
731 749 850 780 vendit.
873 745 947 778 desi-

74 798 122 828 nit
138 797 161 827 is
179 795 289 834 procul
312 794 412 825 dubio
431 793 586 832 possidere
603 792 680 823 dolo
699 792 804 827 ma103
822 798 885 820 non
906 796 949 818 ta-

72 847 144 869 men
169 836 233 867 hoc
258 835 340 877 agit,
366 844 398 865 ut
426 836 559 865 domino
584 833 693 864 durior
716 840 769 863 aut
787 829 951 862 molestior

73 879 243 918 objiciatur
259 875 460 907 adversarius.
486 877 580 916 igitur
597 873 675 904 facit
693 874 820 913 quidem
838 872 950 918 aliena-

74 921 195 952 tionem
215 919 409 955 dolomalo,
426 917 477 947 sed
500 926 562 947 non
580 915 656 946 facit
673 924 740 946 eam
757 916 864 954 J'udicii
884 921 949 943 inu-

75 963 161 992 tandi
187 961 276 992 causa
333 959 408 990 Non
436 959 530 998 igitur
555 958 663 989 locum
688 957 783 987 babet
802 954 950 1000 Edictum

72 1002 243 1041 Praetoris3
267 1010 388 1032 tantum
418 1002 575 1036 volentia,
600 1000 756 1029 coercere
781 997 950 1037 cogitatio-

73 1054 146 1076 nem
166 1045 249 1083 ejus,
274 1045 328 1083 qui
346 1052 419 1073 euin
439 1052 504 1073 reni
523 1041 638 1071 habere
656 1040 742 1079 vult,
758 1039 845 1085 litem
864 1037 902 1068 ad
919 1045 950 1066 a·

73 1087 149 1117 lium
172 1084 340 1123 transfert,
367 1093 399 1115 ut
424 1082 588 1115 molestum
614 1081 822 1112 adversarium
838 1088 901 1120 pro
920 1076 950 1109 se

75 1126 229 1167 subjiciat.

61 1165 65 1169 ’
120 1168 194 1200 Non
213 1168 314 1200 minus
331 1176 456 1206 aequum
476 1165 541 1204 est,
557 1165 652 1196 etiam
670 1163 691 1194 si
707 1162 787 1193 faoa
799 1161 946 1208 §Plomff'

75 1211 109 1242 lo
126 1209 161 1241 fit
176 1210 344 1247 alienatio,
362 1210 390 1239 dt
410 1207 506 1238 fuerit
523 1208 643 1238 animus
664 1204 804 1235 mutandi
820 1203 950 1248 judicii,

76 1251 193 1282 cessare
218 1250 383 1288 Edictum3
409 1249 427 1280 li
453 1250 561 1289 injuria
584 1246 774 1283 alienatione
792 1250 950 1290 cogitata,

75 1303 139 1324 non
153 1293 298 1323 habuerit
314 1290 474 1321 effectum.
502 1287 767 1328 Poteratquidcm
785 1286 875 1316 alicui
888 1285 948 1315 hae*

76 1344 146 1366 rere
170 1333 350 1372 scrupulus,
376 1340 510 1372 propter
527 1330 631 1361 Editti
654 1328 749 1360 vei-ba
767 1327 873 1367 priore
893 1326 937 1371 Ca

76 1377 144 1416 pite
162 1376 261 1415 magis
279 1375 316 1404 ad
342 1373 498 1404 alienandi
517 1371 699 1408 consilium,
724 1377 817 1409 quam
834 1369 872 1398 ad
888 1376 952 1414 exi-

75 1425 163 1453 tum,
187 1415 396 1455 respicientia.
429 1414 492 1444 Sed
511 1412 682 1444 Veteribus
701 1410 799 1448 sedit,
818 1409 899 1440 lianc
916 1409 951 1440 ll-

68 1451 140 1490 ‘tem
160 1456 307 1488 Praetoris
326 1464 451 1493 mente,
475 1464 540 1499 non
558 1454 623 1494 ejus
642 1452 764 1490 verbis,
780 1450 951 1498 aestimare:

75 1509 113 1530 ac
137 1500 272 1540 proinde
299 1507 364 1529 non
389 1498 500 1536 punire
523 1494 741 1536 propofitum,
765 1493 819 1524 nili
838 1492 952 1523 babeat

76 1540 249 1578 effectuum
272 1549 343 1570 cum
369 1539 508 1578 alioquin
534 1538 610 1568 nihil
636 1534 775 1566 intersit:
799 1534 954 1580 suadente

77 1581 250 1623 praesertim
278 1580 429 1620 :equitate
454 1580 582 1610 secundi
604 1577 737 1617 Capitis.
783 1576 829 1606 Sit
846 1576 953 1606 tlierna

79 1632 119 1654 ex
138 1622 156 1653 l.
179 1632 208 1662 3.
226 1621 254 1662 §,
272 1621 325 1651 ult.
341 1621 366 1651 h.
385 1627 406 1650 c.
432 1621 553 1660 Aliquis
571 1619 795 1650 alienationem
811 1616 891 1648 fecit
907 1618 952 1657 ju-

81 1664 155 1694 dicii
180 1663 321 1694 mutandi
345 1661 444 1692 causa.
471 1663 494 1693 is
515 1670 695 1692 conventus
720 1659 843 1690 actione
860 1659 888 1689 in
907 1657 952 1689 fa·

81 1705 166 1736 &um
183 1714 222 1735 ex
241 1703 380 1734 secundo
405 1703 517 1743 Capite
538 1703 626 1742 liujus
645 1702 767 1737 lamen,
792 1701 820 1731 δι
839 1699 883 1730 est
902 1709 952 1740 pa-

71 1755 165 1778 rratus
182 1744 468 1785 suscipere-utilem
487 1745 516 1776 in
536 1754 599 1775 rem
617 1743 795 1779 athonem,
821 1743 952 1781 perinde

70 1787 266 1819 'acfiadhuc
281 1786 461 1826 poffitleret.
480 1796 515 1817 an
537 1793 660 1816 tenetur
678 1783 890 1815 hoch‘dicto?
909 1784 952 1814 ait

82 1828 201 1869 G'ajus,
226 1828 442 1869 denegandam
468 1827 529 1858 effe
552 1837 589 1858 ex*
618 1827 680 1857 hoc
710 1824 821 1856 Editio
839 1834 952 1856 contra

72 1870 154 1906 Jeum
181 1869 358 1901 actionem:
383 1868 539 1906 causatus,
565 1869 652 1909 quod
673 1867 738 1907 eius
760 1867 840 1902 ,nihil
857 1867 950 1898 inter-

71 1909 144 1947 'ess3
171 1920 242 1942 cum
268 1910 308 1941 fic
334 1909 362 1941 se
388 1911 433 1942 liti
463 1909 576 1947 offert,
602 1909 732 1949 perinde
755 1918 791 1939 ac
809 1907 950 1939 siadliuc

79 1952 261 1993 possideret.
288 1952 356 1982 haec
382 1961 479 1991 porro
497 1951 578 1982 aftio
597 1952 687 1981 datur
703 1950 786 1981 adid
804 1951 890 1989 quod
909 1952 938 1980 in

82 1992 195 2030 terest;
218 1992 271 2024 nisi
295 1992 421 2031 pristina
442 1994 550 2033 judieii
568 1992 656 2023 causa
673 1991 860 2022 restituatur.
884 1991 916 2022 id
933 1990 954 2022 fi

79 2034 135 2073 fit3
160 2034 243 2065 nulla
268 2034 312 2065 est
330 2035 458 2075 injuria,
485 2034 645 2065 &merito
664 2032 758 2063 cessat
775 2033 893 2071 iudicis
910 2034 954 2064 ar-

77 2076 215 2107 bitrium.
242 2075 334 2106 Aliud
357 2076 538 2114 exemplum
556 2076 572 2106 l.
595 2079 621 2108 8.
640 2075 667 2116 §.
686 2085 713 2112 4.
730 2075 756 2105 b.
776 2081 796 2104 t.
831 2074 952 2113 Aliquis

71 2118 250 2149 alienavit:
275 2127 350 2149 mox
368 2127 441 2148 rece
469 2126 502 2148 it.
529 2127 565 2147 an
582 2124 709 2147 tenetur
727 2116 790 2146 hoc
809 2114 952 2146 Editio?

81 2157 189 2199 Negat
206 2158 336 2191 Paulus:
351 2158 379 2189 ἀ
394 2169 426 2190 re
463 2169 489 2190 e.
516 2160 589 2199 quia
605 2168 653 2190 res
671 2167 733 2188 non
754 2157 862 2188 habuit
878 2155 955 2188 effe·

81 2199 178 2232 Ctum.
208 2209 244 2230 ac
269 2199 373 2240 potest
400 2201 479 2239 dici,
505 2200 593 2240 quod
611 2201 640 2231 in
660 2199 834 2232 levioribus
852 2198 952 2241 solet,

82 2242 159 2282 quid
176 2240 282 2272 obfuit
301 2249 456 2280 conatus,
479 2250 551 2273 cum
576 2241 685 2281 injuria
702 2241 821 2272 nullum
840 2241 952 2275 habuev

68 2283 121 2313 ,τῖε
147 2281 297 2314 effectum
315 2283 335 2313 l.
357 2292 380 2314 1.
401 2282 429 2325 §
447 2293 474 2314 2.
494 2283 534 2314 D.
560 2281 646 2325 Quod
667 2283 759 2323 quisq.
774 2283 835 2323 ju'r.
860 2281 952 2322 inffal.

67 2322 144 2366 stat.
167 2324 275 2360 Simile
296 2325 326 2355 in
345 2325 373 2355 d.
389 2325 406 2355 l.
422 2328 448 2358 8.
466 2323 485 2365 §
506 2324 559 2354 ult.
585 2324 615 2355 Si
636 2324 704 2362 quis
721 2324 881 2364 venditori
899 2323 953 2354 suo

80 2365 251 2398 redhibet:
276 2367 348 2406 quia
363 2365 525 2397 redhibito
544 2365 694 2403 homine,
711 2365 755 2395 ob
774 2365 883 2395 vitium
901 2373 954 2394 aut

80 2407 228 2441 morbum
240 2431 249 2446 ,
265 2408 371 2438 omnia
388 2416 474 2438 retro
492 2414 643 2448 aguntur,
661 2407 792 2447 perinde
810 2415 845 2436 ac
863 2405 883 2437 fi
903 2415 955 2436 ne-

80 2457 143 2488 que
161 2449 283 2488 emptio
301 2458 404 2488 neque
425 2448 570 2480 venditio
588 2447 801 2479 interceffill'et
819 2448 835 2477 b
848 2451 896 2478 σω.
912 2446 950 2478 l).

66 2487 114 2520 'de
129 2489 243 2528 AEclilir.
262 2490 358 2521 Ειίἰὲἶ.
385 2491 414 2521 dt
434 2490 508 2521 ideo
529 2499 593 2521 non
614 2491 739 2520 videtur
763 2490 870 2529 Judicii
888 2497 952 2520 mii-

82 2531 166 2562 tandi
186 2531 273 2562 causa
290 2531 424 2563 alienare
444 2532 497 2571 qui
523 2531 690 2569 redhibet,
715 2532 783 2561 usus
803 2530 953 2560 concess'o

82 2571 167 2611 jure:
183 2571 235 2603 nisi
253 2572 338 2604 forte
350 2572 481 2612 propter
495 2573 559 2604 hoc
573 2573 673 2613 ipsum
687 2572 852 2603 redhibeat
863 2595 871 2609 ‚
889 2580 953 2602 non

83 2611 294 2649 redhibiturus
310 2614 385 2644 alias
400 2616 427 2644 cl.
446 2615 465 2645 l.
484 2619 510 2648 8.
532 2614 559 2655 §.
578 2614 633 2645 ult.
646 2613 702 2648 &l
730 2623 758 2649 9.
785 2622 850 2644 tum
869 2614 953 2643 enim

84 2651 231 2685 EdiCtum
249 2653 402 2693 offendit,
426 2656 454 2686 ἃ
471 2665 486 2686 a
507 2656 645 2687 Praetore
662 2658 844 2686 coercetur.
870 2653 951 2684 Nam

84 2694 134 2734 (id
160 2693 223 2732 est,
248 2696 421 2736 praeterea)
444 2697 473 2727 ἂ
497 2696 518 2727 fi
543 2698 702 2737 obligatus
721 2696 845 2726 l'olxero
865 2695 952 2734 quod

85 2744 102 2765 a
122 2744 173 2765 me
199 2743 308 2775 petere
333 2737 449 2774 velles,
474 2738 546 2768 huic
571 2737 684 2768 Edicto
703 2739 793 2768 locus
811 2747 874 2767 non
893 2737 954 2767 erit

85 2776 106 2807 l.
128 2785 172 2807 10.
190 2777 217 2806 h.
239 2783 260 2807 t.
288 2778 359 2817 quia
378 2776 441 2807 feci
454 2801 462 2815 ,
478 2780 565 2817 quod
584 2779 635 2809 nisi
655 2778 816 2815 fecissem,
835 2778 954 2809 Pi-aeroi-

85 2826 138 2848 me
154 2825 287 2859 cogeret
306 2817 422 2848 facere.
447 2819 489 2848 ita
508 2820 550 2850 nil
566 2820 670 2850 alieno
686 2821 793 2860 judicii
811 2820 953 2851 mutandi

86 2858 192 2898 causa,
216 2866 304 2889 certe
320 2868 383 2889 non
404 2859 481 2889 dolo
499 2861 591 2890 malo.

64 2938 67 2940 -
130 2900 279 2931 Secundo
305 2898 406 2930 Editti
432 2899 545 2940 Capite
567 2902 763 2940 promittitur
780 2912 796 2932 a
815 2902 954 2933 Praetore

65 2975 68 2978 Α
87 2941 171 2972 εὲὶῑο
188 2943 218 2972 in
237 2939 374 2972 fufium:
397 2940 416 2971 si
435 2950 501 2978 tiuae
520 2942 669 2973 alienatio
684 2944 792 2983 judicii
813 2943 954 2974 mutandi

86 2981 176 3014 causa
201 2983 279 3013 dolo
304 2982 386 3013 malo
410 2980 491 3013 facta
509 2982 570 3013 effe
591 2985 724 3015 dicetur.
757 2988 830 3022 quid
849 2992 955 3014 autem

66 3059 70 3062 ,
87 3024 135 3056 his
152 3024 338 3064 indigitetur
357 3024 478 3062 verbis,
504 3034 544 3054 ex
563 3027 827 3056 antecedentibus
844 3027 955 3064 liquet.

86 3065 193 3096 Datur
203 3075 300 3107 porro
318 3065 385 3095 haec
395 3065 477 3095 actio
488 3074 504 3095 a
516 3066 654 3096 Praetore
664 3067 738 3097 eiad
750 3076 844 3105 quem
863 3076 897 3095 ea
910 3075 957 3096 res

86 3107 271 3147 pertinebit.
305 3105 464 3138 Nimirum
484 3116 555 3137 cum
566 3117 623 3146 pro
633 3106 845 3139 fundamento
862 3107 958 3138 habe-

87 3155 118 3177 at
133 3148 356 3179 alienationem
379 3148 455 3178 ‹lolo
475 3149 557 3179 malo
583 3147 696 3179 factam
712 3148 818 3188 judicii
839 3157 958 3179 mutan-

88 3187 118 3218 di
144 3189 249 3225 causa,
272 3189 407 3220 nascitur
431 3199 469 3220 cx
494 3189 630 3228 delicto,
653 3198 758 3229 eoque
782 3200 822 3221 ex
838 3190 958 3230 obliga·

89 3230 176 3305 nofe
193 3252 202 3268 ,
229 3230 275 3303 §kl
286 3229 331 3262 est
357 3231 388 3262 in
411 3232 596 3271 personam3
620 3240 680 3264 nec
705 3232 870 3272 miramur,
894 3232 957 3275 dari

155 3280 207 3302 om.
273 3294 281 3304 .
887 3281 890 3285 ’

1808 131 1878 165 105

997 209 1028 240 ei
1052 209 1090 240 ad
1117 217 1212 249 quem
1238 217 1273 239 ca
1293 218 1342 239 res
1361 209 1518 248 pertinet,
1543 209 1573 240 iti
1591 209 1654 246 cst,
1679 209 1706 240 ei
1726 210 1812 249 cujus
1829 211 1875 241 in-

999 250 1093 280 terest
1110 273 1118 287 ,
1143 250 1368 281 alienationem
1393 250 1501 291 judicii
1531 251 1671 281 mutandi
1695 253 1783 282 causa
1808 261 1875 283 non

997 290 1058 321 esse
1074 290 1188 322 sacram
1207 292 1284 322 dolo
1304 293 1398 322 malo.
1421 291 1508 334 Quin
1525 302 1564 323 ex
1581 293 1696 323 eodem
1714 293 1873 333 principio

997 332 1154 370 sequitur,
1180 333 1242 363 dari
1267 334 1412 364 adversus
1436 343 1508 365 eum
1534 336 1586 372 qui
1615 343 1682 365 eam
1708 335 1873 365 alienatio-

996 382 1068 404 nem
1091 373 1200 412 jiidicii
1225 376 1367 405 mutandi
1394 375 1482 405 caula
1498 374 1577 406 fecit
1597 376 1675 407 dolo
1692 377 1793 407 malo:
1819 377 1874 407 ad·

996 413 1101 445 versus
1127 415 1220 446 alium
1248 425 1310 446 non
1339 417 1414 448 dari.
1463 415 1525 447 Sed
1551 417 1614 447 hoc
1633 419 1786 449 convenit
1805 427 1872 449 non

995 456 1097 486 minus
1124 455 1224 487 Edic'ti
1250 457 1382 495 verbis,
1417 467 1510 497 quam
1537 466 1656 489 naturae
1680 459 1813 490 actionis
1838 460 1871 490 in

995 496 1159 537 personam
1177 497 1204 538 §.
1228 506 1250 528 1.
1273 496 1345 538 Inst.
1364 501 1397 528 de
1412 498 1545 529 afflonz'h.
1586 499 1663 531 inde
1689 501 1872 532 dubitatum

994 537 1074 577 fuit,
1099 538 1119 569 si
1135 547 1222 568 tutor
1241 540 1371 578 pupilli,
1395 541 1446 570 vel
1463 549 1594 581 agnatus
1611 540 1720 573 furiosi
1733 567 1740 578 ,
1757 543 1787 573 id
1805 541 1871 579 est,

994 588 1123 610 curator
1146 579 1272 618 furiosi,
1298 590 1362 611 rem
1389 582 1574 612 alienaverit
1596 583 1705 622 judicii
1727 584 1870 614 mutandi

994 620 1103 659 causa,
1127 630 1164 652 an
1190 621 1336 652 adversus
1361 623 1513 662 pupillum
1532 631 1584 653 aut
1604 623 1756 655 furiosum
1776 628 1869 656 detur

997 673 1037 694 ex
1055 664 1117 693 noc
1136 662 1249 693 Edicto
1266 663 1373 694 actio?
1397 665 1426 695 dt
1453 673 1606 704 quantum
1627 665 1664 695 ad
1686 666 1781 696 verba
1799 666 1871 697 atti-

997 713 1070 742 net,
1088 714 1152 735 non
1171 705 1271 735 datur.
1293 713 1454 746 concepta
1470 707 1553 736 enirn
1573 705 1616 736 est
1633 707 1779 738 adversus
1796 716 1871 738 eum

997 746 1049 785 qui
1074 746 1298 777 alienationem
1324 745 1403 777 fecit
1425 748 1503 778 dolo
1530 748 1623 779 malo.
1654 749 1679 778 is
1707 758 1784 779 vero
1804 758 1872 780 non.

993 787 1077 818 cadit
1095 787 1124 817 in
1144 787 1319 827 pupillum,
1338 797 1397 818 nec
1417 789 1446 819 in
1465 787 1628 819 furiolum.
1645 798 1686 820 ex
1702 798 1810 821 mente
1826 798 1871 820 ta-

992 837 1066 858 men
1085 828 1234 859 Praetoris
1252 830 1343 860 datur
1355 829 1501 861 adversus
1513 840 1569 861 eos
1588 831 1672 862 utilis
1691 831 1773 862 aetio
1789 831 1807 861 i.
1824 841 1871 863 10.

993 868 1022 910 §.
1045 879 1070 900 1.
1091 869 1118 899 h.
1137 875 1158 899 t.
1183 878 1280 909 puto,
1305 879 1378 900 cum
1394 879 1650 910 temperamento
1668 874 1755 914 quod
1774 873 1819 904 est
1836 874 1869 905 in

993 912 1012 941 l.
1039 919 1064 941 1.
1082 920 1111 950 3.
1131 910 1167 944 ὅ)
1186 922 1213 950 5.
1234 910 1275 941 D.
1301 910 1422 956 Quinti.
1446 923 1482 943 ex
1493 913 1570 952 fabi.
1589 920 1645 945 luc.

1037 951 1114 983 Non
1130 953 1228 993 magis
1247 953 1472 992 laborandum,
1491 960 1527 985 ad
1546 956 1622 995 quid
1643 955 1711 985 haec
1729 955 1822 987 detur
1840 965 1871 986 a·

995 993 1069 1024 ctio.
1094 993 1137 1024 tiit
1152 994 1237 1024 enim
1261 993 1399 1031 emor,
1422 997 1485 1026 dari
1505 999 1603 1034 tanti,
1627 998 1735 1036 quanti
1755 997 1873 1028 actoris

994 1033 1133 1073 interfit,
1156 1035 1251 1066 alium
1267 1037 1476 1068 adversarium
1496 1046 1559 1068 tion
1578 1037 1717 1069 habuisse
1736 1039 1754 1068 l.
1771 1048 1795 1069 1.
1809 1039 1836 1069 h.
1848 1045 1872 1070 t.

995 1076 1155 1116 competit
1181 1076 1276 1117 igitur
1299 1077 1367 1107 haec
1395 1078 1478 1109 actio
1504 1079 1541 1110 ad
1566 1079 1596 1110 id
1619 1080 1706 1119 quod
1724 1079 1872 1119 interest3

995 1118 1135 1156 ideoque
1160 1119 1214 1156 (ut
1244 1117 1395 1158 Ulpianus
1421 1120 1464 1150 ait
1486 1120 1502 1151 l.
1524 1131 1552 1158 ‘l-
1578 1120 1605 1162 ᾗ
1626 1132 1655 1159 5.
1673 1122 1700 1152 l).
1718 1122 1760 1161 c.)
1786 1121 1805 1153 ii
1822 1132 1873 1155 res

995 1169 1061 1190 non
1080 1159 1140 1189 fuit
1158 1161 1326 1199 petitoris,
1342 1169 1394 1191 aut
1412 1160 1431 1192 fi
1450 1162 1474 1191 is
1492 1163 1544 1197 qui
1562 1166 1712 1194 alienatus
1728 1162 1791 1202 est,
1809 1163 1874 1194 sine

995 1201 1088 1237 culpa
1107 1201 1253 1237 deceffit,
1267 1201 1422 1241 judicium
1443 1201 1557 1235 cess'at:
1583 1203 1636 1234 nifi
1654 1203 1673 1234 si
1693 1205 1766 1243 quid
1785 1203 1877 1236 asto-

995 1243 1036 1274 ris
1055 1250 1204 1280 praeterea
1216 1241 1347 1274 interfit.
1371 1242 1448 1274 Non
1466 1243 1571 1274 debeo
1587 1247 1766 1284 praeterii-e:
1783 1246 1873 1285 quod

996 1293 1059 1314 non
1077 1283 1258 1323 simpliciter
1275 1283 1344 1315 haec
1362 1286 1562 1325 promittitur
1580 1285 1682 1318 actio:
1706 1287 1757 1318 sed
1775 1286 1795 1318 fi
1813 1289 1873 1326 pri-

997 1324 1074 1356 stina
1095 1325 1203 1366 judicii
1229 1325 1320 1356 causa
1341 1336 1403 1357 non
1423 1326 1604 1359 restituatur
1622 1328 1773 1359 arbitratu
1790 1328 1875 1367 Judi-

997 1367 1042 1398 cis
1060 1367 1078 1397 l.
1097 1372 1122 1401 8v
1144 1370 1171 1398 l).
1191 1373 1211 1397 t.
1238 1366 1291 1398 Est
1307 1368 1403 1409 igitur
1419 1368 1590 1400 arbitraria.
1619 1369 1648 1399 in
1670 1379 1731 1410 qua
1748 1369 1768 1401 si
1786 1379 1874 1410 pare-

995 1416 1046 1445 at,
1071 1409 1295 1440 alienationem
1313 1420 1329 1440 a
1349 1419 1405 1440 reo
1423 1410 1486 1440 ess'e
1501 1411 1578 1441 dolo
1596 1411 1679 1441 malo
1696 1410 1811 1442 factam
1825 1412 1874 1451 ju-

996 1451 1068 1481 dicii
1084 1452 1224 1481 mutandi
1246 1450 1353 1482 causa:
1371 1451 1490 1491 duplex
1509 1451 1553 1483 est
1571 1452 1712 1484 officium
1731 1453 1875 1493 judicis;

997 1492 1152 1532 primum,
1172 1492 1284 1532 jubere
1309 1491 1469 1532 pristinam
1492 1493 1600 1532 judicii
1628 1494 1751 1527 causam
1775 1505 1792 1526 a
1815 1504 1874 1527 reo

996 1532 1136 1569 restitui,
1161 1534 1192 1564 id
1216 1533 1279 1572 est,
1304 1534 1343 1564 ab
1361 1543 1402 1565 eo
1419 1534 1551 1573 perinde
1570 1534 1680 1574 suscipi
1705 1536 1816 1568 utilem
1841 1537 1875 1568 in

996 1585 1063 1606 rem
1084 1574 1241 1606 actionem
1254 1599 1262 1613 ‚
1286 1585 1322 1606 ac
1337 1575 1356 1606 fi
1375 1576 1458 1607 nulla
1474 1576 1624 1607 alienatio
1642 1577 1874 1610 interveniss'et.

997 1617 1072 1647 huic
1088 1615 1175 1655 juss'ui
1192 1616 1213 1647 fi
1232 1627 1397 1656 pareatur3
1417 1617 1568 1649 liberatur
1588 1628 1668 1649 reus.
1686 1618 1728 1650 fin
1749 1621 1875 1658 minus;

997 1659 1113 1689 deinde
1129 1659 1285 1690 convenit
1302 1658 1411 1690 officio
1429 1659 1568 1699 judicis,
1585 1669 1656 1691 eum
1676 1661 1877 1693 condemna-

997 1710 1030 1731 re
1052 1699 1129 1730 tanti
1144 1723 1152 1735 ,
1176 1699 1426 1739 'quantiactoris
1444 1701 1608 1739 interfuit,
1633 1703 1722 1733 litem
1742 1712 1806 1733 non
1824 1702 1876 1734 fu-

986 1740 1049 1777 *iss'e
1070 1741 1258 1773 transsatam.
1290 1742 1386 1783 idque
1409 1744 1490 1774 adeo
1511 1752 1620 1774 verum
1639 1743 1702 1782 est,
1726 1751 1761 1775 ut
1777 1744 1877 1776 etiam

996 1790 1141 1814 teneatur
1160 1784 1184 1815 is
1201 1784 1254 1824 qui
1271 1793 1337 1816 rem
1355 1784 1526 1823 exhibeat,
1547 1785 1599 1815 nili
1619 1784 1778 1824 pristinam
1793 1786 1878 1826 judi-

995 1825 1035 1855 cii
1061 1824 1181 1855 causam
1210 1826 1363 1856 arbitratu
1378 1826 1495 1865 judicis
1513 1826 1654 1857 restituat
1671 1829 1700 1858 d.
1714 1828 1732 1858 ἱ.
1753 1832 1781 1861 8.
1807 1837 1875 1859 non

997 1875 1080 1898 enim
1105 1865 1236 1904 sufficit,
1260 1867 1412 1898 exhibere
1429 1891 1438 1906 ,
1462 1867 1513 1898 sed
1538 1875 1671 1908 oportet
1698 1869 1874 1900 restituere.

997 1917 1114 1948 nempe
1131 1908 1176 1950 est
1194 1909 1263 1948 plus
1276 1910 1305 1939 in
1323 1908 1546 1947 restitutione,
1558 1911 1692 1949 quamin
1702 1910 1875 1942 exhibiti&

996 1960 1053 1981 ne:
1080 1959 1150 1980 nam
1171 1949 1324 1981 exhibere
1343 1949 1387 1981 cst
1400 1975 1408 1989 ‚
1425 1951 1568 1991 prtebere
1587 1951 1785 1986 praesentiam
1803 1961 1875 1983 cor-

996 1992 1104 2032 poi-is:
1128 1991 1293 2022 restituere
1319 1991 1382 2029 est,
1407 1993 1502 2023 etiam
1521 1992 1724 2032 possesliiiem
1743 1993 1874 2032 facere,

993 2033 1182 2072 frustusque
1199 2033 1351 2064 reddere:
1367 2033 1519 2072 pleraque
1535 2043 1688 2072 praeterea
1702 2034 1876 2066 restitutio-

995 2077 1042 2106 nis
1059 2075 1161 2105 verbo
1178 2076 1393 2105 continentur.
1418 2076 1459 2105 ita
1471 2074 1570 2116 Gajus
1586 2076 1604 2106 l.
1616 2086 1665 2107 22.
1687 2075 1726 2106 D.
1746 2078 1779 2106 de
1795 2079 1874 2106 verli.

989 2115 1069 2158 sign.
1097 2116 1126 2146 dt
1150 2117 1237 2155 quod
1266 2116 1496 2148 observandum
1514 2117 1567 2148 lib.
1586 2127 1613 2156 4.
1648 2118 1696 2148 Ad
1726 2117 1876 2150 Edictum

995 2158 1196 2200 provinciale
1207 2181 1215 2193 ‚
1226 2167 1264 2188 ex
1277 2158 1360 2197 quol
1384 2168 1406 2189 1.
1420 2158 1437 2187 1.
1451 2168 1479 2198 3.
1495 2158 1662 2189 &aliaesub
1672 2158 1736 2190 hoc
1746 2158 1878 2190 Titulo-

1038 2198 1086 2230 Ex
1113 2200 1159 2228 his
1183 2199 1301 2237 liquet,
1325 2200 1412 2238 quod
1437 2199 1505 2230 haec
1521 2200 1603 2231 actio
1623 2210 1686 2231 non
1705 2199 1749 2232 est
1766 2210 1878 2239 poena-

997 2241 1033 2272 lis
1046 2264 1055 2279 ‚
1072 2239 1122 2270 sed
1139 2240 1181 2270 rei
1202 2240 1431 2280 persecutoria:
1451 2243 1561 2282 utique
1578 2251 1617 2272 ex
1635 2250 1723 2281 parte
1739 2243 1875 2281 affictis,

997 2281 1215 2323 persequentis
1234 2284 1320 2320 quod
1333 2282 1385 2313 sibi
1399 2282 1493 2314 abest.
1512 2292 1609 2322 quare
1628 2284 1879 2322 herediquidem

998 2324 1143 2361 dabitur,
1159 2323 1188 2353 in
1210 2324 1361 2354 heredem
1379 2332 1484 2354 autem
1503 2325 1551 2354 vel
1565 2323 1715 2362 ssmilem‚
1733 2325 1783 2355 vel
1803 2324 1877 2365 post

997 2369 1112 2396 annum
1131 2373 1193 2394 non
1216 2365 1355 2403 dabitur,
1374 2365 1427 2396 nili
1446 2373 1601 2404 quatenus
1619 2366 1783 2405 pervenit:
1801 2368 1876 2407 quia

998 2406 1041 2437 est
1059 2406 1185 2446 quidem
1203 2415 1243 2437 ex
1260 2407 1374 2437 :itioris
1393 2416 1482 2446 parte
1499 2407 1543 2436 rei
1564 2406 1794 2445 persecutoria:
1819 2418 1875 2438 ve-

997 2457 1065 2479 rum
1082 2456 1121 2477 ex
1138 2455 1226 2488 parte
1248 2449 1291 2477 rei
1319 2447 1362 2477 est
1382 2457 1421 2478 ex
1441 2447 1576 2485 delicto,
1601 2449 1631 2479 id
1648 2448 1712 2486 est,
1737 2450 1873 2488 poenalis

997 2490 1015 2520 l'.
1032 2499 1062 2529 4.
1082 2488 1108 2530 §
1127 2489 1176 2518 ult.
1197 2488 1215 2518 l.
1236 2499 1265 2528 5.
1289 2489 1306 2518 l.
1326 2492 1354 2519 6.
1374 2488 1409 2522 {9⁹
1430 2499 1456 2528 7.
1476 2491 1493 2518 b
1519 2494 1539 2519 t.
1566 2491 1653 2525 quod
1680 2491 1708 2520 ὅ(
1727 2492 1756 2521 in
1775 2491 1874 2522 actio-

999 2540 1039 2561 ne
1064 2530 1103 2560 de
1129 2530 1208 2561 dolo
1232 2529 1418 2560 observatur
1441 2531 1459 2560 l.
1478 2534 1525 2561 26.
1554 2529 1671 2573 &seqq
1699 2531 1738 2563 D.
1762 2534 1795 2563 de
1811 2533 1871 2563 dolo

996 2572 1089 2603 malo.-
1109 2580 1179 2610 quae
1197 2581 1287 2610 aeque
1306 2571 1350 2602 est
1372 2573 1415 2602 rei
1434 2571 1667 2612 persecutoria,
1693 2573 1721 2604 &
1738 2575 1873 2615 perinde

998 2623 1037 2645 ex
1057 2612 1175 2643 delieto
1193 2619 1337 2643 naicitur.

1043 2654 1160 2684 Praeter
1178 2653 1335 2684 athonem
1353 2655 1384 2685 in
1403 2653 1541 2689 fastum.
1560 2664 1620 2695 qua
1636 2665 1652 2686 a
1672 2656 1812 2687 Praetore
1827 2656 1872 2686 in-

997 2697 1069 2727 duci
1089 2695 1129 2725 sui
1142 2696 1267 2734 generis
1284 2696 1314 2725 in
1332 2696 1488 2736 integrum
1508 2697 1742 2728 restitutionem
1755 2720 1763 2735 ,
1778 2697 1871 2727 initio

997 2736 1100 2768 Tituli
1129 2736 1288 2774 indicavi,
1314 2738 1408 2767 etiam
1435 2739 1534 2768 veteri
1561 2740 1694 2769 domino
1721 2736 1870 2769 adversus

998 2786 1119 2810 novum
1146 2777 1347 2816 possessorem
1375 2779 1448 2818 Jure
1463 2778 1558 2810 Civili
1576 2780 1734 2819 competit
1752 2778 1872 2808 directa

997 2821 1027 2850 in
1045 2828 1110 2849 rem
1125 2818 1218 2849 attio.
1236 2821 1398 2860 utriusque
1415 2821 1627 2852 meminerunt
1647 2820 1872 2852 Diocletianus

998 2861 1028 2892 &
1045 2860 1258 2892 Maximianus
1277 2862 1295 2892 l.
1317 2865 1392 2892 unic.
1413 2862 1446 2893 C.
1467 2863 1494 2892 b.
1514 2869 1534 2893 r.
1559 2872 1634 2901 quin
1658 2861 1781 2898 insuper
1800 2869 1870 2890 mo-

999 2911 1096 2939 nent,
1121 2901 1182 2932 effe
1205 2903 1395 2934 eiettionem
1420 2905 1540 2934 domini
1569 2903 1653 2941 cujus
1670 2912 1717 2932 res
1734 2901 1869 2931 alienata

999 2942 1056 2981 fic,
1080 2951 1147 2973 utra
1164 2944 1208 2973 uti
1226 2945 1322 2975 malit.
1348 2946 1443 2975 verba
1463 2946 1702 2984 imperatorum.
1747 2941 1821 2972 Cum
1835 2945 1869 2973 in

1000 2994 1058 3015 rem
1083 2984 1220 3015 achonem
1242 2983 1363 3026 poffeffio
1376 2988 1474 3027 pariat
1490 2985 1672 3018 aclversari0;
1695 2983 1869 3013 alienatione

989 3027 1084 3056 'etiam
1103 3026 1211 3066 judicii
1231 3030 1366 3058 mutandi
1388 3033 1474 3063 crtum
1498 3027 1649 3059 celebrata,
1674 3026 1704 3054 in
1722 3024 1869 3064 integrum

1000 3063 1139 3108 restitutio
1165 3067 1266 3099 Edieo
1287 3076 1419 3109 perperim
1439 3069 1644 3107 permittatur:
1666 3066 1822 3105 intelligis,
1845 3065 1869 3101 si

1001 3119 1058 3139 rem
1074 3132 1082 3148 ,
1113 3118 1148 3139 ne
1163 3112 1254 3146 secum
1273 3116 1427 3149 ageretur,
1451 3110 1502 3149 qui
1513 3105 1663 3147 piffitrehczc
1681 3131 1690 3145 ‚
1713 3109 1869 3138 venumde-

1000 3151 1059 3188 dit,
1083 3149 1119 3184 &²
1135 3153 1252 3192 emptori
1269 3149 1407 3187 tra-didit,
1430 3159 1511 3190 quein
1529 3150 1661 3187 elegeris,
1678 3151 1868 3180 conveniendi

992 3192 1048 3229 ,tibi
1064 3193 1205 3224 tributam
1221 3193 1271 3233 effe
1281 3194 1350 3235 jure
1361 3192 1545 3231 fucultatem.
1589 3189 1666 3219 fflaec
1683 3191 1809 3229 vulgata
1829 3191 1870 3220 le-

998 3232 1079 3266 ctio:
1104 3232 1155 3263 sed
1175 3234 1296 3266 vitiosa.
1332 3233 1447 3263 lerina:
1475 3231 1548 3262 Cum
1564 3232 1595 3262 in
1611 3240 1670 3262 rem
1687 3230 1793 3262 astioni
1806 3239 1870 3270 pos-

1125 3274 1154 3305 Ο
1786 3272 1872 3316 Ἰεζίὶο
