2036 3495
175 104 245 138 260
604 93 963 134 Germ-Aitna
1019 87 1060 124 N

179 191 211 224 ni
245 188 429 230 portionem
454 183 614 228 praestent.
645 181 679 227 ὅς
699 180 762 212 esse
784 177 1052 227 idncommodiffi-

182 241 290 269 mum,
315 229 427 261 Paulus
444 226 573 257 fatetur.
596 223 649 254 sed
673 222 737 262 ipse
755 221 896 266 subjicit:
921 220 982 266 lmq
1003 218 1054 258 etsi

184 274 308 304 retineat
329 277 431 300 merces
459 263 603 306 riiagister.
647 263 694 295 Ita
718 262 890 294 Florentiae
916 262 1052 302 legitur:

183 323 256 345 cum
274 314 303 342 in
320 309 387 341 aliis
406 308 491 339 libris
514 306 621 347 (quod
638 305 669 336 &
685 305 805 336 malunt
825 302 891 335 Viri
908 302 1054 334 Dottiffi·

1093 95 1285 124 oona·
1342 88 1559 127 court.

1095 177 1271 210 stinfflonis
1300 189 1371 221 pai-s
1395 178 1550 220 sequente
1571 180 1757 215 continetur
1779 183 1878 216 versu.
1922 185 1969 218 Ae
1989 199 1992 202 ⁴

1094 218 1118 259 fi
1138 229 1194 251 non
1216 219 1292 261 (θ’)
1314 227 1404 253 totam
1434 232 1539 254 navem
1558 223 1744 263 conduxerit,
1769 234 1808 256 ex
1830 227 1969 259 condutio

1096 266 1179 302 aget:
1196 260 1274 300 ficut
1291 262 1435 303 vestores,
1459 266 1508 305 qui
1531 263 1592 296 loca
1616 264 1648 295 in
1666 274 1741 296 nave
1760 268 1969 300 conduxerunt.

1096 303 1145 333 lta
1162 301 1331 335 Florentiae
1357 306 1472 337 editur.
1505 304 1557 336 sed
1585 305 1731 346 Cujacius
1765 308 1902 340 mavult:
1926 309 1971 340 An

184 355 248 393 mi)
270 358 380 383 extet:
406 348 465 380 Imo
488 346 539 385 etfi
561 357 619 378 non
640 347 765 378 retineat
787 354 890 377 merces
908 343 1054 385 magister.
1091 343 1120 382 fi
1135 353 1193 375 non
1215 351 1305 376 totam
1321 356 1426 377 navem
1445 348 1631 385 conduxerit,
1655 356 1692 378 ex
1709 348 1846 380 candidio
1864 355 1969 389 agent.-

185 395 248 426 Sed
266 391 430 424 retinenda
450 388 635 421 Florentina
653 387 768 425 lectio,
792 386 985 426 supervacua
1003 386 1054 416 ad·
1092 383 1171 423 ficut
1191 385 1314 417 vestores
1343 389 1393 429 quz'
1418 388 1482 422 &a

181 434 320 475 jessione
346 430 469 462 voculae
487 453 496 468 ‚
526 439 599 461 non:
624 429 654 461 ἃ
679 429 724 461 est
747 428 848 459 sensus
868 451 878 467 ,
905 426 976 458 Imo
1000 425 1056 457 etsi

186 474 281 516 possit
303 471 448 513 magister
471 481 593 503 merces
612 471 769 502 retinere:
791 469 865 508 vel,
888 468 943 500 etsi
961 467 1056 508 magi-

183 516 245 548 ster
264 514 400 545 retineat
417 523 538 544 merces
563 513 701 551 aliquas,
725 520 778 543 aut
798 519 920 542 merces
938 509 1058 550 aliquo-

183 566 271 594 rum,
295 555 400 586 adhuc
418 555 501 586 ultro
523 554 576 594 (id
599 553 662 590 est,
687 555 792 593 prior:
817 551 882 583 hoc
903 553 1003 582 modo
1027 550 1059 580 id

184 598 320 629 verbum
353 596 438 627 reste
471 596 589 634 accipit
625 594 773 634 Cujacius
801 594 830 624 d.
863 593 942 632 loc.)
971 591 1058 622 habi-

185 647 272 670 turus
299 637 344 668 est
375 636 533 668 actionem
561 645 634 667 cum
670 634 862 666 vectoribus.
894 633 1057 672 fueritque

184 680 218 711 id
245 677 386 716 necesse,
419 678 439 709 si
472 678 530 710 sint
563 677 711 707 vectores
736 676 799 708 sine
833 673 957 706 sarcinis
988 682 1058 714 quae

185 721 315 752 retineri
341 720 474 760 possint:
496 727 569 749 cum
595 718 720 749 interim
746 717 883 749 habeant
900 715 1033 747 annulos
1049 736 1060 753 ,

184 771 344 804 geminas,
368 759 474 793 similia
489 760 574 801 jastu
594 758 680 790 fatto
705 758 834 791 servata.
878 757 989 789 Altera
1014 756 1060 788 di-

880 842 1244 877 TiruLus.

1181 427 1186 432 ι
1215 428 1219 431 ⁵
1529 388 1661 420 Sensus:
1689 388 1789 430 Quod
1817 391 1971 424 mercium

1099 427 1220 458 domini
1232 427 1271 465 ,si
1286 437 1349 459 non
1367 429 1546 460 locaverint
1565 430 1815 462 transvehendas
1833 440 1970 471 merces,

1100 467 1154 513 sed
1178 468 1285 499 locum
1308 470 1445 510 aliquem
1471 472 1503 502 in
1535 480 1616 502 nave
1633 473 1791 504 mercibus
1808 475 1972 504 conduxe-

1101 515 1189 552 rint,
1219 509 1365 553 adyeisus
1390 512 1566 552 magistrum
1594 521 1689 553 agent
1716 523 1756 544 ex
1788 514 1971 554 condust03

1103 557 1138 580 ut
1158 558 1184 580 is
1202 550 1303 581 ruilus
1320 549 1372 581 suo
1393 555 1491 583 modo
1508 554 1654 585 adversus
1679 555 1823 586 vectores
1840 564 1911 595 agat
1931 561 1973 587 ex

1104 591 1213 622 locato
1232 591 1520 636 eid-praestationem
1538 596 1802 629 coiitributionis:
1825 596 1903 627 sicut
1921 605 1973 627 ve·
2023 609 2025 632 ι

1103 632 1207 663 tiores
1225 641 1276 671 qui
1295 633 1362 663 loca
1379 635 1409 664 iri
1427 643 1506 665 nave
1523 637 1766 676 conduxerunt,
1788 639 1869 677 jactu
1887 638 1972 669 dam·
2023 647 2025 667 ,¹

1102 682 1177 756 ἓξὲξ
1195 672 1286 746 ξὲίῑὶῑ,
1311 673 1467 706 consimili
1485 675 1620 708 consilio
1635 686 1707 711 cum
1723 678 1870 721 magistro
1885 678 1976 711 navis

1169 724 1201 746 er
1239 723 1257 745 u
1277 723 1321 746 ur.

1297 839 1368 878 111.
1396 854 1399 855 ⁷

903 917 954 953 De
968 915 1123 963 institoria
1141 916 1268 951 afflone.

186 1008 395 1087 Exemplo
411 1008 543 1042 aetionis
559 1007 761 1041 exercitoriae
778 1016 819 1038 ex
838 1005 1059 1048 negotiatione

280 1052 435 1083 maritima
460 1049 632 1091 profectae,
657 1050 708 1081 liic
734 1058 750 1079 a
774 1047 914 1079 Praetore
939 1056 1055 1088 propo-

184 1094 271 1125 nitur
295 1092 377 1124 actio
409 1091 562 1124 institoria
600 1102 640 1123 ex
666 1090 888 1132 negotiatione
920 1087 1059 1119 terrestri

186 1134 265 1171 hac,
289 1135 425 1174 opinor,
462 1132 576 1165 forma.
604 1133 690 1176 Quod
714 1141 778 1163 cum
800 1129 928 1168 institere
947 1127 1059 1171 gestum

187 1175 238 1216 effe
255 1176 366 1207 dicetur
381 1176 442 1216 ejus
458 1175 499 1206 rei
519 1176 632 1205 nomine
647 1176 695 1205 cui
707 1171 873 1214 praepoficus
889 1173 962 1209 erit,
982 1171 1014 1200 de
1032 1180 1060 1201 eo

185 1218 324 1251 adverlus
343 1226 408 1247 eum
431 1218 482 1257 qui
500 1217 672 1256 praeposuit,
696 1214 834 1246 astionem
857 1214 935 1243 dabo.
983 1210 1058 1253 Qua

186 1258 338 1290 ratione?
363 1256 517 1297 Ulpianus
539 1257 557 1288 l.
579 1267 602 1289 i.
628 1257 654 1287 h.
675 1263 701 1287 t.-
720 1256 781 1293 ait,
808 1254 938 1285 Praetori
963 1255 1061 1284 Visum

187 1298 269 1338 esse,
293 1298 371 1330 sicut
402 1299 576 1330 commoda
607 1298 755 1329 sentimus
785 1306 824 1326 ex
849 1297 918 1326 actu
943 1294 1062 1326 instito-

187 1350 278 1379 rum,
302 1341 344 1371 ita
366 1341 464 1371 etiam
488 1340 621 1381 obligari
646 1349 703 1370 nos
727 1348 766 1370 ex
784 1336 997 1368 contractibus
1016 1335 1061 1376 ip-

185 1381 290 1413 sorum
318 1381 348 1412 &
374 1381 552 1411 conveniri.
596 1381 657 1411 Sed
677 1381 761 1411 addit
777 1377 949 1418 Ulpianus,
974 1377 1063 1417 quod

186 1432 253 1454 non
272 1422 356 1453 idern
375 1420 453 1453 facit
470 1421 553 1452 circa
577 1431 648 1453 eum
667 1421 718 1461 qui
740 1420 915 1451 institorem
939 1428 1062 1459 praepo-

186 1464 265 1502 suit,
290 1471 324 1494 ut
348 1463 486 1502 experiri
510 1462 601 1502 posiit
623 1473 632 1494 ι
663 1463 714 1493 sed
738 1461 758 1492 si
784 1462 911 1500 quidem
940 1460 1062 1491 servum

185 1505 351 1546 proprium
370 1502 548 1534 institorem
566 1503 694 1538 habuit,
718 1502 825 1542 potest
842 1502 904 1533 esse
925 1501 1063 1540 securus,

186 1544 347 1586 adquisitis
372 1543 427 1575 sibi
450 1543 641 1575 actionibus:
672 1543 692 1575 si
716 1551 822 1574 autem
845 1544 982 1574 alienum
1007 1542 1064 1573 ser-

186 1596 283 1625 vum,
308 1584 358 1617 vel
383 1585 478 1616 etiam
499 1585 663 1616 bominem
693 1585 848 1623 liberum,
872 1585 997 1615 afflone
1013 1585 1064 1615 de-

186 1627 335 1666 ficietur;
358 1624 458 1666 ipsum
490 1633 598 1658 tamen
622 1626 799 1658 institorem
825 1627 875 1657 vel
898 1626 1066 1657 domiuum

187 1670 253 1709 ejus
279 1669 457 1699 convenire
480 1667 618 1708 poterit,
653 1668 704 1700 vel
734 1668 872 1699 mandati
896 1668 946 1698 vel
969 1676 1066 1707 nego·

186 1710 303 1743 tiorum
320 1708 492 1751 gestorum.
515 1717 668 1749 praeterea
687 1710 766 1740 dicit
785 1707 955 1747 Ulpianus,
981 1707 1066 1739 Mar-

186 1752 303 1786 cellum
319 1751 443 1791 opinari
469 1750 587 1782 debere
606 1751 671 1782 dari
689 1750 847 1781 affionem
865 1751 893 1781 ei
911 1749 964 1790 qui
982 1749 1065 1780 insti-

187 1800 292 1826 torem
310 1790 501 1833 praeposuit,
525 1792 556 1824 in
579 1801 635 1823 eos
666 1792 719 1832 qui
740 1800 813 1822 cuin
833 1801 882 1822 eo.
898 1799 1065 1822 contraxe-

186 1836 260 1868 rint.
283 1834 395 1875 utique
418 1833 528 1874 (quod
551 1842 591 1865 ex
610 1831 694 1873 Gajo
721 1831 883 1874 subjicitur
907 1832 925 1862 l.
943 1832 993 1871 2.)
1024 1841 1064 1862 eo

187 1876 319 1909 nomine
343 1884 410 1917 quo
433 1874 559 1906 institor
591 1875 778 1914 contraxit3
809 1873 829 1905 si
852 1873 951 1906 modo
974 1873 1066 1904 aliter

187 1927 256 1952 rem
280 1917 364 1949 suam
382 1915 505 1948 servare
523 1925 588 1948 non
605 1914 721 1957 potest.

229 1958 325 1991 Nunc
349 1959 389 1990 tle
415 1957 530 1990 Edicto
554 1957 728 1989 videamus.
753 1957 785 1989 in
809 1966 850 1989 eo
868 1957 920 1989 dat
945 1957 1067 1989 Praetor

188 2001 350 2033 actionem
372 1998 581 2039 institoriam3
604 1997 625 2030 fi
652 1999 730 2039 quid
755 2004 828 2030 cum
854 1998 996 2030 institore
1011 2007 1065 2071 {Je-

189 2042 271 2075 stum
288 2042 357 2073 erit.
404 2039 534 2072 Institor
549 2048 655 2072 autern
671 2040 848 2081 appellatus
872 2039 917 2071 est
939 2040 993 2081 (ut
1045 2040 1066 2071 1-

187 2085 302 2126 pianus
319 2083 361 2114 ait
377 2082 395 2113 l.
413 2091 442 2123 3.
457 2082 484 2113 h.
503 2083 543 2122 ι.)
566 2091 607 2113 ex
632 2091 672 2113 eo
694 2082 782 2122 quod
800 2083 932 2122 negotio
956 2090 1065 2122 geren-

188 2126 234 2158 do
252 2124 365 2163 instet,
389 2133 451 2155 nec
465 2124 600 2155 multum
617 2123 714 2162 facit,
732 2123 870 2155 tabernae
888 2122 924 2154 sit
945 2131 1066 2162 praepo-

186 2166 283 2204 ficus,
309 2175 347 2198 an
365 2165 497 2197 cuilibet
514 2165 564 2196 alii
595 2164 816 2205 negotiationi.
841 2164 938 2203 idque
955 2165 984 2195 in
1001 2165 1019 2194 l.
1036 2174 1067 2203 4.

189 2208 227 2243 δ’
242 2208 322 2250 seqq.
348 2207 457 2239 multis
474 2206 629 2246 exemplis
650 2205 828 2237 illustratur.
852 2206 1001 2237 summam
1019 2204 1064 2236 fa-

189 2251 236 2281 cit
254 2249 367 2280 Paulus
382 2248 400 2280 l.
428 2252 474 2282 18.
490 2248 517 2278 h.
536 2253 557 2278 t.
585 2246 733 2285 Institor,
758 2247 924 2287 inquiens,
950 2246 994 2278 est
1011 2246 1065 2287 qui

188 2291 330 2323 tabernae
361 2290 480 2321 locove
513 2289 551 2320 ad
583 2289 754 2320 emendum
773 2311 782 2324 ,
818 2289 1064 2321 vendendumve

189 2332 407 2374 praeponitur,
431 2331 550 2372 quique
566 2329 629 2362 fine
648 2330 723 2362 loco
741 2330 781 2361 ad
798 2330 945 2361 eumdem
960 2330 1065 2362 aetum

188 2381 398 2415 praeponitur.

231 2415 343 2457 Qualis
359 2422 466 2446 autem
481 2412 676 2452 fitinstitc-r‚
705 2422 770 2444 non
795 2412 955 2453 distinguit
986 2411 1065 2443 Prae·

192 2462 254 2486 tor.
278 2458 353 2496 quin
369 2456 562 2497 generaliter
579 2455 674 2491 dicit,
693 2454 781 2499 Quod
798 2464 863 2485 cum
876 2452 1002 2495 institore
1016 2463 1066 2494 ge-

184 2494 268 2538 stum
283 2498 347 2528 erit.
371 2498 494 2538 optime
511 2497 605 2538 igitur
632 2495 785 2537 Ulpianus
810 2496 828 2526 l.
847 2506 874 2536 7.
901 2496 929 2536 §.
950 2504 973 2526 1.
993 2493 1064 2526 Par-

189 2539 242 2577 vi,
266 2538 388 2578 inquit,
410 2538 530 2577 refert,
554 2540 623 2578 quis
649 2537 685 2569 sit
709 2537 832 2569 institor
850 2560 858 2575 ‚
889 2536 1062 2575 masculus,

189 2589 230 2612 an
249 2578 400 2617 foemina,
424 2580 523 2618 liber,
548 2589 586 2610 an
606 2579 733 2618 servus,
757 2578 902 2618 proprius
923 2578 973 2609 vel
990 2577 1062 2608 alie-

188 2625 261 2654 nus.
286 2621 360 2651 item
387 2620 527 2661 quisquis
551 2619 731 2661 praeposuit.
754 2630 826 2651 nam
850 2620 880 2651 δι
905 2619 924 2651 si
952 2619 1065 2650 mulier

190 2660 383 2703 praeposuit,
413 2664 570 2703 competit
594 2661 770 2700 institoria,
795 2662 947 2699 exemplo
973 2670 1063 2692 exer-

192 2702 314 2735 citoriae
332 2701 481 2734 affiotiis:
506 2703 535 2734 ἀ
550 2702 571 2735 fi
588 2704 700 2735 mulier
717 2702 752 2734 fit
772 2702 938 2742 praeposita
950 2725 959 2740 ,
980 2710 1066 2733 tene-

192 2745 279 2776 bitui-
301 2742 394 2775 etiam
422 2743 495 2782 ipsa.
519 2745 570 2775 sed
594 2745 623 2776 &
652 2744 672 2777 si
698 2743 900 2776 filiafamilias
923 2742 983 2782 sit,
1015 2743 1066 2774 vel

192 2786 309 2818 ancilla
328 2782 513 2825 praeposita,
537 2785 693 2825 competit
711 2785 862 2817 institoria
879 2785 972 2816 attio.
1010 2783 1068 2815 Pu-

192 2828 287 2868 pillus
311 2834 416 2869 autem
439 2824 561 2856 institor
587 2827 707 2867 obligat
729 2837 801 2859 eum
823 2828 876 2868 qui
895 2836 967 2858 eum
987 2835 1062 2866 prae-

192 2868 316 2911 posuit,
341 2866 493 2899 institoria
517 2866 659 2898 actione:
683 2871 832 2907 quoniam
858 2868 912 2900 sibi
931 2869 1063 2908 imputa-

192 2920 227 2942 re
251 2911 350 2942 debet
373 2909 425 2949 qui
452 2916 524 2938 eum
555 2908 723 2947 praeposuit
746 2912 772 2940 d.
796 2911 813 2942 l.
834 2919 861 2950 7.
889 2909 915 2951 §.
941 2920 969 2941 2.
993 2918 1065 2940 nam

193 2952 279 2992 (hoc
301 2951 388 2982 addit
406 2947 506 2989 Gajus
524 2947 541 2978 l.
561 2950 607 2987 8.)
631 2949 774 2989 plerique
793 2960 910 2991 pueros
930 2951 1061 2991 puellas-

192 3003 256 3034 que
273 2993 412 3023 tabernis
429 2998 628 3032 praeponunt.
675 2988 790 3022 Verum
809 2992 829 3023 si
846 2992 909 3032 ipse
927 2992 1064 3032 pupillus

191 3033 418 3075 praeposuerit,
441 3032 462 3064 fi
479 3031 605 3072 quidem
622 3032 735 3061 tutoris
755 3034 960 3071 auctoritate,
984 3033 1064 3064 obli-

190 3076 333 3117 gabitur:
355 3074 376 3106 si
393 3074 515 3112 ῐῐιίῐιυε,
541 3083 604 3105 non
630 3073 648 3103 l.
669 3081 696 3108 9·
716 3072 742 3102 h.
763 3078 782 3101 τ.
802 3083 867 3103 nec
885 3082 988 3105 tamen
1006 3075 1062 3106 ini-

192 3124 291 3157 quum
317 3115 380 3154 est,
404 3116 514 3156 (quod
538 3115 636 3155 Gajus
661 3120 773 3144 monet
798 3112 808 3143 l
842 3116 909 3153 10)
933 3124 1064 3146 eatenus

190 3159 258 3190 dari
281 3158 311 3188 in
337 3167 410 3188 eum
433 3157 610 3194 actionem,
633 3163 788 3195 quatenus
808 3164 847 3185 ex
866 3164 900 3185 ea
918 3164 950 3185 re
977 3156 1063 3188 iocu-

190 3199 311 3242 pletior
325 3197 380 3231 est.
402 3206 558 3239 praeterea
573 3199 617 3230 ait
633 3196 783 3238 Ulpianus
807 3195 827 3228 l.
851 3204 899 3228 ιι.
922 3194 945 3229 si
961 3198 1062 3237 pupil-

1101 1005 1149 1037 lus
1166 1003 1259 1036 heres
1283 1005 1427 1038 extiterit
1452 1006 1480 1039 ei
1510 1007 1563 1050 qui
1586 1008 1821 1051 praeposuerat,
1844 1008 1977 1051 aequifl'-

1102 1055 1189 1078 mum
1214 1045 1306 1086 fore,
1333 1049 1488 1089 pupillum
1513 1051 1632 1089 teneri,
1657 1052 1808 1091 quamdiu
1833 1051 1978 1092 praeposi-

1103 1095 1152 1119 tus
1171 1096 1285 1118 manet.
1304 1092 1535 1123 removendum
1552 1093 1636 1124 enim
1654 1092 1745 1124 fuisl‘e
1761 1103 1776 1123 a
1795 1092 1976 1133 tutoribus,

1101 1128 1122 1160 fi
1140 1129 1388 1175 nollentppera
1409 1132 1476 1172 ejus
1494 1134 1548 1164 uti.
1575 1133 1661 1165 addit
1687 1133 1838 1174 Ulpianus
1855 1134 1883 1176 §.
1904 1143 1929 1167 1.
1948 1136 1976 1165 d.

1105 1170 1124 1200 l.
1139 1168 1225 1214 113fi
1239 1179 1348 1218 minor
1362 1174 1471 1212 viginti
1486 1176 1626 1215 quinque
1642 1176 1730 1207 annis
1749 1176 1810 1206 erit
1828 1184 1880 1216 qui
1901 1184 1977 1215 prae-

1106 1210 1231 1256 posuit,
1255 1213 1373 1244 auxilio
1399 1216 1499 1247 aetatis
1524 1217 1668 1256 usurum,
1693 1227 1757 1248 non
1789 1216 1852 1248 fine
1878 1216 1977 1248 causa

1106 1261 1305 1292 cognitione.

1148 1294 1252 1325 Datur
1269 1295 1366 1339 igitur
1382 1305 1398 1326 a
1411 1296 1558 1341 ‘Praetore
1575 1297 1727 1330 institoria
1745 1299 1849 1338 afli03
1865 1297 1885 1329 fi
1903 1298 1979 1339 quid

1105 1334 1226 1381 gestum
1244 1343 1303 1381 erit
1319 1345 1391 1368 cum
1409 1338 1641 1370 institoreznec
1659 1349 1763 1371 tamen
1781 1349 1877 1371 omne
1887 1341 1979 1380 quod

1105 1385 1178 1421 cum
1203 1375 1346 1422 institore
1367 1380 1510 1450 geritur,
1533 1380 1651 1421 obligat
1676 1391 1747 1412 eum
1778 1381 1829 1421 qui
1855 1390 1980 1422 praepo-

1105 1416 1186 1463 suitg
1214 1417 1342 1457 sedita,
1378 1428 1387 1450 i
1412 1420 1475 1459 ejus
1501 1421 1543 1452 rei
1566 1424 1687 1462 gratia,
1710 1423 1760 1453 cui
1788 1421 1977 1462 praepositus

1106 1458 1220 1496 fuerit,
1244 1461 1443 1492 contratrum
1468 1462 1513 1494 est
1530 1486 1539 1500 ,
1569 1464 1599 1493 id
1624 1463 1688 1502 est,
1712 1465 1865 1494 duntaxat
1882 1465 1920 1494 ad
1944 1464 1978 1495 id

1107 1500 1145 1530 ad
1162 1501 1251 1545 quod
1267 1510 1339 1531 eum
1357 1502 1536 1547 praeposuit.
1560 1503 1601 1535 sic
1618 1513 1741 1544 optime
1759 1505 1929 1543 Ulpianus,
1946 1504 1979 1536 δε

1108 1540 1224 1572 Edicto
1244 1550 1476 1586 convenienter
1490 1545 1508 1574 l⁴
1526 1555 1553 1584 5.
1575 1544 1603 1586 §.
1626 1554 1671 1577 11.
1693 1546 1720 1576 ἀ
1739 1546 1768 1575 in
1785 1545 1813 1586 §.
1835 1554 1878 1576 12.
1904 1554 1980 1576 cum

1108 1581 1314 1626 sequentibus
1341 1583 1372 1614 id
1395 1586 1535 1624 explicat
1560 1587 1779 1625 compluribus
1812 1586 1978 1624 exemplis.

1109 1623 1177 1654 sunt
1196 1624 1225 1654 <St
1240 1624 1296 1654 alia
1315 1624 1346 1655 in
1363 1625 1381 1655 l.
1403 1634 1449 1657 11.
1467 1625 1495 1668 §.
1513 1637 1542 1667 5.
1562 1626 1598 1660 ὅ)
1617 1637 1691 1668 seqq.
1716 1637 1784 1668 qute
1808 1625 1852 1657 ibi
1881 1625 1981 1660 videri

1108 1663 1255 1705 possunt;
1278 1675 1338 1696 nec
1355 1675 1436 1706 opus
1454 1668 1641 1699 adscribere.

1150 1704 1287 1752 Obtinet
1306 1707 1399 1747 igitur
1418 1708 1486 1739 baec
1509 1709 1611 1748 actio,
1636 1709 1656 1741 si
1680 1709 1754 1750 quid
1781 1709 1901 1749 gestum
1920 1709 1982 1742 erit

1109 1756 1182 1792 cum
1200 1747 1344 1778 inliitoie
1370 1759 1405 1780 ea
1430 1750 1469 1781 de
1488 1760 1521 1781 re
1540 1752 1587 1781 cui
1612 1751 1675 1792 ipse
1704 1750 1882 1792 propositus
1908 1751 1981 1784 erit.

1109 1789 1201 1834 quid,
1225 1788 1245 1820 si
1262 1789 1464 1834 prohibuerit
1488 1792 1669 1828 exercitor,
1696 1802 1766 1823 curn
1794 1802 1833 1822 co
1857 1800 1982 1824 conti-a-v

1109 1830 1167 1861 hi?
1194 1828 1381 1876 Ulpianus-l.
1397 1841 1441 1863 ιι.
1460 1832 1488 1874 §.
1511 1843 1536 1864 2.
1556 1835 1583 1864 h.
1602 1840 1624 1865 t.
1647 1833 1687 1866 fic
1705 1832 1834 1866 definit:
1858 1834 1897 1866 de
1914 1842 1980 1875 quo

1109 1871 1212 1911 palam
1238 1871 1447 1913 proscriptum
1473 1874 1587 1913 fuerit,
1619 1874 1671 1906 Ne
1697 1885 1767 1906 cum
1789 1886 1830 1906 eo
1855 1884 1983 1906 contra-

1109 1914 1221 1952 hatur,
1246 1915 1271 1944 is
1288 1915 1446 1954 praepofiti
1472 1916 1546 1947 loco
1566 1926 1626 1947 non
1651 1916 1795 1947 habetur.
1822 1918 1850 1948 ἃ
1871 1915 1983 1956 praefa-

1110 1962 1181 1993 tur,
1206 1956 1292 1995 quod
1310 1965 1374 1987 non
1397 1959 1643 1997 permittendum
1662 1959 1723 1989 crit
1747 1967 1818 1989 cuni
1837 1958 1983 1989 inliitore

1109 1996 1379 2028 contrahere:sed
1398 1999 1416 2029 si
1434 1999 1503 2038 quis
1523 1999 1603 2030 nolit
1619 1999 1763 2030 contrahi
1776 1998 1979 2037 ‚prohibeatz

1109 2045 1280 2076 caeteruin,
1304 2039 1335 2069 id
1360 2039 1422 2077 est,
1445 2040 1604 2080 alioquin,
1628 2042 1680 2080 qui
1699 2040 1867 2081 praeposuit
1893 2048 1983 2070 tene·
2035 2032 2036 2072 Ῐ

1109 2079 1266 2119 bituripsa
1284 2080 1515 2120 praepositione.

1110 2122 1152 2166 ri,
1176 2121 1252 2161 quid
1269 2120 1304 2152 sit
1321 2123 1421 2162 palam
1440 2122 1656 2162 proscribere:
1680 2122 1832 2162 Ulpianus
1857 2122 1887 2153 iii
1904 2121 1932 2163 §.
1949 2131 1982 2163 3.

1110 2165 1142 2193 id
1157 2161 1198 2208 sic
1215 2165 1367 2203 exponit:
1392 2163 1592 2195 Proscribere
1608 2165 1707 2205 palam
1729 2164 1770 2196 sic
1787 2164 1984 2202 accipimus,

1112 2204 1203 2236 claris
1223 2203 1324 2235 literis
1337 2207 1438 2241 ‚unde
1457 2208 1494 2237 de
1513 2206 1608 2245 plano
1626 2206 1709 2236 recte
1728 2205 1787 2246 legi
1807 2205 1914 2245 poffit:
1931 2213 1984 2235 an·

1109 2255 1140 2276 te
1156 2246 1318 2276 tabernam
1339 2245 1459 2278 scilicet
1477 2248 1527 2278 vel
1545 2256 1617 2278 ante
1634 2257 1705 2278 cum
1724 2248 1847 2285 locum,
1864 2247 1893 2277 in
1913 2251 1981 2286 quo·

1107 2287 1287 2328 negotiatio
1307 2296 1493 2320 exercetur:
1519 2298 1582 2319 non
1605 2289 1634 2319 in
1659 2289 1732 2319 loco
1755 2296 1898 2324 remot0,
1925 2285 1982 2317 sed

1108 2329 1139 2359 in
1157 2329 1310 2360 evidenti.

1108 2378 1208 2410 puto,
1231 2368 1359 2409 inquit,
1391 2370 1561 2402 secundum
1591 2372 1651 2402 loci
1680 2370 1913 2402 conditionem:
1938 2378 1981 2400 ne

1107 2411 1175 2451 quis
1201 2412 1317 2442 causari
1349 2412 1441 2452 poffit
1468 2413 1678 2452 ignorantiam
1698 2412 1865 2442 literarum.
1889 2418 1979 2441 certe

1106 2453 1126 2483 si
1147 2452 1216 2491 quis
1233 2454 1318 2483 dicat
1331 2476 1340 2491 ,
1358 2454 1511 2494 ignorasse
1530 2454 1558 2484 se
1575 2454 1697 2491 literas,
1723 2453 1772 2483 vel
1791 2461 1852 2482 non
1871 2451 1980 2482 obser-

1106 2493 1189 2525 vaffe
1205 2494 1292 2534 quod
1309 2495 1506 2534 propositum
1525 2504 1609 2533 erat,
1627 2503 1699 2524 cum
1715 2493 1803 2524 multi
1823 2493 1979 2534 legerent,

1107 2544 1246 2575 cumque
1267 2536 1368 2576 palam
1395 2535 1471 2566 esset
1495 2535 1690 2575 propositum
1707 2559 1717 2573 ‚
1741 2544 1806 2566 non
1824 2536 1978 2566 audietur.

1107 2577 1264 2609 Praecerea
1281 2576 1555 2617 monetUlpianus
1571 2577 1599 2618 §.
1611 2587 1640 2615 4.
1660 2577 1746 2617 quod
1768 2575 1979 2616 proscriptum

1106 2626 1265 2659 pei-petuo
1283 2617 1342 2649 effe
1360 2626 1500 2657 oportet.
1524 2627 1672 2649 caeterum
1692 2617 1710 2649 si
1729 2627 1785 2657 per
1805 2617 1834 2648 id
1853 2625 1978 2657 tempo-

1109 2661 1148 2691 ris
1167 2668 1231 2699 quo
1248 2659 1443 2701 propositum
1459 2668 1524 2690 non
1544 2667 1628 2697 erat,
1653 2660 1702 2690 vel
1721 2658 1886 2690 obscurata
1906 2667 1980 2698 pro-

1110 2699 1283 2740 scriptione
1306 2700 1502 2732 contraCtum
1528 2700 1583 2739 fit,
1614 2700 1767 2731 institoria
1793 2701 1899 2731 locum
1924 2698 1980 2730 ha-

1108 2742 1218 2779 bebit,
1243 2743 1377 2782 proinde
1402 2741 1422 2773 si
1449 2743 1595 2774 dominus
1619 2743 1747 2780 quidem
1777 2741 1890 2772 mercis
1909 2748 1979 2780 pro-

1109 2782 1271 2823 scripsisset
1291 2806 1300 2822 ,
1342 2783 1416 2814 alius
1446 2792 1552 2815 autem
1586 2782 1728 2821 sustulit,
1760 2791 1812 2814 aut
1843 2780 1979 2812 vetusta·

1109 2832 1159 2863 te,
1185 2824 1234 2855 vel
1253 2825 1359 2864 pluvia
1375 2825 1424 2856 vel
1443 2834 1507 2865 quo
1531 2824 1618 2857 simili
1642 2825 1819 2865 contingit,
1845 2833 1883 2854 ne
1907 2831 1978 2862 pro-

1110 2865 1256 2906 scriptum
1287 2865 1389 2903 effet,
1428 2866 1478 2897 vel
1507 2876 1572 2898 non
1604 2873 1754 2907 pareret,
1785 2866 1977 2900 dicendum,

1108 2917 1180 2939 eum
1212 2907 1265 2947 qui
1294 2906 1476 2948 proposuit,
1501 2907 1602 2940 teneri
1643 2907 1693 2938 sed
1719 2905 1739 2938 fi
1763 2905 1827 2944 ipse
1855 2904 1978 2936 institor

1108 2949 1287 2990 decipiendi
1330 2950 1390 2981 mei
1431 2949 1519 2981 causa
1561 2947 1697 2980 detraxit
1714 2971 1723 2987 ‚
1761 2948 1850 2978 dolus
1885 2945 1979 2988 ipsius

1108 2990 1302 3031 proponenti
1336 3000 1454 3022 nocere
1494 2991 1615 3024 debet:
1647 2989 1700 3022 nisi
1729 2987 1884 3030 particeps
1911 2984 1979 3016 doli

1107 3032 1205 3064 fuerit
1223 3032 1277 3071 qui
1296 3032 1465 3065 contraxit.

1153 3073 1200 3105 Ex
1228 3074 1440 3113 superioribus
1464 3074 1533 3107 satis
1559 3073 1766 3114 intelligitur,
1797 3069 1847 3098 cui
1871 3066 1899 3098 &
1924 3066 1979 3112 feld·

1108 3115 1214 3148 versus
1231 3125 1325 3156 quem
1345 3117 1437 3147 detur
1456 3116 1607 3148 institoria
1625 3115 1861 3151 aetio.apparet
1878 3117 1978 3155 efl1m3

1107 3158 1171 3189 dari
1187 3159 1215 3189 ei
1238 3158 1291 3198 qui
1316 3167 1387 3189 curn
1413 3156 1558 3189 institore
1584 3153 1740 3187 contraxit
1766 3154 1805 3183 de
1823 3159 1859 3181 ea
1877 3159 1909 3180 re
1927 3156 1979 3180 cui

1103 3198 1292 3241 prepositus
1318 3199 1383 3240 est,
1413 3198 1561 3233 adversus
1584 3195 1798 3230 exercitorem
1828 3189 1881 3233 qui
1900 3198 1980 3272 {pan}

1356 2328 1471 2361 Literis
1491 2338 1594 2361 utrum
1612 2328 1753 2368 Graecis,
1775 2339 1811 2360 an
1831 2327 1949 2359 Latinis
1961 2327 1987 2359 2.

1560 2082 1661 2114 Porro
1686 2091 1758 2113 cum
1778 2081 1878 2121 poss'et
1895 2089 1984 2120 quae-
2035 2092 2036 2098 ι
