2052 3487
161 106 231 139 2¹24

261 184 293 214 in
307 182 374 221 casu
391 182 538 213 debentur.
555 177 666 217 species·
686 176 723 211 ὅ)
739 174 843 215 sensus
874 173 1000 220 Ulpiani
1018 172 1039 204 l.

273 234 323 266 34.
342 222 384 254 D.
402 224 436 252 de
456 219 562 262 regulis
570 219 664 261 juris.
688 215 872 258 Modestinus
890 217 1043 257 expeditus

263 266 282 297 l.
309 273 360 304 41.
384 262 413 304 §.
439 272 467 293 2.
502 260 544 292 D.
578 261 613 290 de
634 259 753 299 usuris,
785 258 821 293 ὅ)
851 256 1001 299 Ulpianus
1020 255 1041 287 l.

293 315 316 337 1.
339 303 381 335 D.
405 304 455 334 eod
473 303 520 335 tit.
982 306 1044 343 290

186 347 242 381 IV.
267 316 386 384 {Isaras
392 342 583 385 stipulatione
593 341 765 383 promiffas,
787 339 810 372 fi
828 339 964 388 pecunia
987 340 1040 385 tua

264 387 317 418 die
331 395 397 417 non
415 385 573 422 solvatur,
595 381 655 424 post
677 385 750 414 diem
759 381 824 421 sine
839 381 1041 421 interpellatio-

266 437 301 459 ne
324 427 429 458 deberi.
463 423 500 461 ὅ)
523 426 613 467 quid,
637 424 666 462 fi
689 425 809 455 debitori
830 423 873 454 nil
899 421 1042 463 imputari

261 466 371 510 poffit?
394 469 461 499 item
477 473 579 498 utrum
595 467 708 507 usurae,
725 463 1041 507 stipulationepromis·

255 511 317 549 sie,
341 514 457 541 tantum
479 518 516 540 ex
542 518 642 547 mora,
665 517 705 539 an
728 508 815 538 etiam
841 512 929 543 ante,
963 505 1041 536 debe-

266 556 368 583 antur.
393 550 486 582 Paulo
508 550 563 581 lux
585 549 701 590 accensa
722 550 753 579 in
771 548 790 579 l.
814 557 863 587 40.
888 546 931 578 D.
954 547 988 577 de
1001 554 1044 575 re·

267 594 320 624 bus
337 593 469 631 creditis,
494 590 530 625 ὅ)
547 592 568 622 l.
595 601 641 631 17.
670 590 711 621 D.
737 591 771 621 de
787 590 893 629 usuris.
984 595 1040 618 201

211 634 253 667 V.
282 634 396 674 Usuras
413 635 444 664 in
461 636 537 664 bona
547 632 621 672 fidei
632 632 754 673 judiciis
768 631 862 661 deberi
884 639 920 660 ex
939 628 1043 669 pafio,

269 675 435 707 contraitui
465 676 498 706 in
530 673 691 705 continenti
714 671 843 714 adjetto,
874 672 959 702 etiam
976 675 1044 701 ante

273 728 394 749 moram.
941 753 946 759 .
968 720 1045 758 ‘204

190 758 248 792 VI.
278 759 393 800 Usuras
411 760 441 789 m
456 759 533 789 bona
543 755 617 795 fidei
618 755 742 797 judiciis
758 752 849 795 officio
866 752 986 793 Judiczs
1003 754 1047 782 de-

270 801 331 832 beri
339 810 377 833 ex
391 809 479 830 mora.
503 809 543 830 an
559 799 593 828 vi
612 798 648 832 ὅ)
664 796 854 837 amplitudine
862 794 997 833 formulae
1007 802 1049 825 ex

271 842 357 874 bona
380 840 470 873 fide?
496 840 605 879 censere
632 838 820 873 Franciscum
844 836 1017 868 Connanum
1035 857 1045 873 ,

274 883 313 916 V.
340 883 404 915 CL.
428 891 480 912 nec
501 890 675 923 quemquam
696 878 835 911 haetenus
858 879 1049 923 intercedereg

264 925 412 965 sedfalli.
437 925 543 961 usuras
567 923 656 953 libera
670 921 816 963 republica
830 920 861 950 in
885 920 960 950 bonae
976 917 1049 958 fidei

268 968 393 1009 judiciis
411 975 448 996 ex
463 974 543 996 mora
554 964 617 1003 sola
632 973 690 995 non
699 961 790 1004 fuiffe
800 962 919 992 debitas.
943 970 976 1007 ea
985 968 1049 990 mu-

271 1014 336 1040 tata
347 1032 356 1047 ‚
374 1009 507 1048 primum
522 1006 682 1038 Labeonem
706 1004 818 1045 aliquid
835 1001 885 1048 effe
901 1001 1051 1039 molitum,

269 1051 398 1082 maxime
422 1050 454 1080 in
470 1048 626 1087 societate,
649 1052 736 1088 atque
758 1047 790 1075 in
814 1045 875 1084 ipJa
882 1044 940 1082 sub
963 1042 1052 1073 colore

268 1093 332 1134 ejus
348 1092 422 1132 quod
444 1086 572 1129 interest.
599 1089 699 1119 deinde
715 1087 863 1126 Principffl
879 1085 987 1132 usu-ras-
996 1091 1051 1131 pa—

268 1134 328 1165 lam
351 1129 495 1171 indulfiffe
519 1132 551 1161 in
576 1131 705 1161 omnibus
730 1129 805 1159 bonce
829 1125 901 1166 fidei
919 1127 1052 1167 judicus.

270 1175 447 1215 Pomponius
463 1171 628 1210 illustratus
650 1171 671 1201 l.
688 1174 738 1202 60.
765 1169 807 1200 D.
824 1168 883 1200 Pro
893 1165 1052 1213 ,sotim-&³

272 1217 294 1248 l.
316 1225 385 1248 121.
412 1214 453 1245 D.
471 1215 505 1245 de
529 1214 681 1244 verborum
704 1209 917 1252 significatione
932 1232 941 1246 ‚
965 1214 1052 1238 ettam

270 1258 390 1290 Paulus
413 1256 432 1287 l.
453 1266 483 1296 7.
510 1254 554 1286 D.
579 1255 612 1285 de
636 1254 758 1293 negotiis
773 1249 876 1293 gestis,
904 1249 940 1284 ὃ)
965 1248 1052 1281 Mar-

269 1300 374 1330 cianus
394 1299 413 1329 l.
432 1307 480 1338 32.
505 1295 534 1338 §.
552 1306 581 1328 2.
601 1295 643 1326 D.
660 1295 691 1325 de
706 1293 810 1334 usuris.
833 1290 981 1338 anaorem'
995 1291 1052 1321 bu-

266 1341 321 1383 jus
345 1337 566 1381 Constitutionis
588 1337 737 1378 obscurum
760 1333 837 1375 effe:
858 1332 914 1373 sed
929 1332 1052 1379 ⁶Divum

214 1393 215 1396 ’
271 1382 364 1415 Pium
388 1381 491 1412 videri.
522 1380 654 1420 egregius
690 1376 804 1416 Polybz‘i
818 1375 896 1405 locus
921 1383 954 1404 in
985 1372 1051 1404 Ex·

276 1424 378 1464 cerptis
399 1421 551 1463 explicitus
568 1430 578 1451 :
600 1420 652 1460 qui
674 1415 846 1456 Salmafium
860 1413 975 1457 peffime
998 1414 1050 1446 ba-

234 1462 237 1465 ’
269 1467 343 1497 buit.
990 1465 1052 1495 204

193 1506 265 1540 Vll.
276 1506 393 1549 Legata
411 1503 448 1539 ἐξ
457 1500 676 1546 fideicommiffa
687 1524 696 1540 ‚
719 1499 814 1543 quoad
829 1498 955 1539 usuras,
977 1507 1051 1545 com-

264 1549 375 1590 parari
399 1547 476 1577 bonoe
491 1543 564 1585 fidei
580 1544 719 1586 judiciis.-
742 1540 780 1576 δέ’
802 1541 873 1588 quid
896 1541 929 1571 in
940 1539 1052 1587 'legatis

271 1586 493 1621 damnationis?
514 1586 593 1617 locus
607 1585 727 1627 quidam
743 1582 816 1624 Gaji
837 1579 980 1629 insignis,
999 1580 1052 1628 sed

276 1632 388 1668 durus,
411 1630 464 1669 qui
486 1625 526 1669 el}
548 1627 595 1658 lib.
614 1636 642 1658 2.
668 1623 743 1665 Inst.
767 1625 812 1655 tit.
831 1632 859 1665 7.
883 1621 984 1670 infin.
1007 1631 1051 1669 in-

273 1671 481 1713 terpretatione
502 1670 674 1710 mitigatus,
697 1666 735 1701 ὅ)
750 1675 816 1696 cum
830 1670 938 1696 caeteris
950 1663 1053 1710 Juris·

273 1713 412 1749 consultis
428 1710 611 1743 conciliatus.
634 1710 722 1740 etiam
732 1706 974 1753 pollicitationes,
995 1713 1053 1736 rez-

269 1755 394 1796 publicoe
413 1752 537 1793 factas,
555 1761 596 1783 ex
618 1760 696 1783 mora
719 1749 823 1789 usuras
844 1746 990 1788 recepiffe:
1014 1743 1052 1826 ἐξ

296 1797 391 1828 uando
402 1794 420 1827 ?
994 1796 1032 1819 20
1049 1828 1055 1834 Ι

176 1838 264 1873 v111.
275 1806 396 1878 quscum
418 1845 455 1868 ex
474 1835 537 1874 suis
560 1831 779 1877 contrattibus,
809 1828 865 1869 nisi
888 1830 920 1860 in
939 1830 1054 1870 privati

277 1880 369 1912 locum
375 1878 517 1920 succedat
531 1900 542 1917 ,
573 1886 610 1907 ex
632 1884 712 1906 mora
734 1874 838 1913 usuras
863 1880 921 1903 non
942 1871 1054 1901 debere:

266 1922 322 1964 sed
347 1922 483 1961 accipere.
528 1918 580 1950 An
595 1917 670 1948 idem
685 1917 718 1948 in
733 1913 879 1956 republica
884 1910 1055 1953 servatur?

277 1973 336 1995 non
354 1963 460 1994 videri.
783 1997 788 2003 ·
811 1997 829 2003 ..
996 1956 1055 1986 208

199 2004 262 2038 IX.
288 2004 340 2036 An
365 2005 460 2038 ulurae
483 2002 516 2033 in
539 2000 615 2032 honre
633 1998 706 2039 fidei
729 1997 843 2028 'udiciis
863 2000 931 2028 ante
949 2003 1058 2026 moram

278 2043 564 2086 debeanturJudicis
578 2040 695 2083 officio?
710 2008 794 2083 Quid
810 2047 890 2084 mora
898 2035 964 2075 fit?
983 2035 1059 2083 Earn

281 2097 340 2119 non
356 2096 393 2118 ex
411 2095 460 2124 re,
475 2084 530 2124 sed
546 2093 582 2115 ex
595 2082 734 2123 persona,
757 2080 905 2111 committi.
927 2076 964 2112 ὅ)
988 2077 1059 2118 quid

280 2130 332 2160 hoc
349 2128 366 2161 ἵ)
400 2127 551 2168 Optimam
575 2124 627 2166 effe
649 2124 790 2155 rationem
810 2144 820 2160 ,
842 2130 895 2151 cur
917 2128 1014 2157 mora,
1031 2116 1060 2157 fi

272 2177 355 2212 pura
371 2167 412 2207 fit
438 2167 592 2209 obligatio,
625 2165 718 2204 magis
746 2172 783 2194 ex
804 2163 944 2203 persona,
967 2170 1055 2202 quam

281 2221 319 2243 ex
337 2220 367 2242 re
383 2233 393 2248 ‚
416 2208 486 2249 fiat.
532 2207 636 2251 Quid,
658 2206 688 2244 fi
707 2207 739 2236 in
764 2205 837 2235 diem
862 2209 997 2249 concepta
1015 2200 1059 2240 fit

279 2262 339 2285 non
353 2251 473 2290 fitlutio,
490 2250 544 2289 sed
559 2249 692 2290 obligatio
709 2246 726 2278 ?
760 2245 870 2276 Utrum
887 2254 950 2275 una
969 2248 1059 2274 inter·

279 2292 396 2336 pellatio
418 2290 548 2333 sufficiat
573 2291 611 2321 ad
631 2297 757 2325 moram,
782 2296 822 2317 an
841 2285 938 2325 plures
957 2283 1060 2332 defida-

282 2341 387 2367 rentur
402 2332 419 2365 ’ἓ
457 2332 501 2364 Ut
524 2341 601 2362 mora
624 2340 661 2361 ex
682 2329 802 2370 persona
820 2326 897 2367 fiat,
920 2328 999 2368 exigi
1008 2336 1060 2368 Ju-

273 2376 356 2417 stam
378 2373 655 2415 interpellationem,
678 2370 715 2406 ὅ*
737 2379 798 2412 quae
819 2367 878 2405 line
903 2372 993 2410 causa
1012 2377 1060 2399 ne-

281 2419 426 2461 gligatur.
946 2452 952 2458 .
999 2418 1060 2457 209

220 2461 264 2495 X.
288 2459 443 2493 Interdum
467 2465 503 2488 ex
524 2465 555 2488 re
578 2456 659 2496 nasci
681 2463 790 2486 moram
806 2475 817 2492 ‚
849 2451 887 2487 δ’
900 2452 1005 2494 quibus
1027 2460 1060 2482 m

286 2499 391 2539 causis.
436 2497 557 2530 Moram
571 2508 607 2530 ex
622 2507 652 2529 re
670 2505 728 2528 non
743 2494 794 2536 effe
811 2503 912 2526 veram
933 2501 1061 2525 moram.-

285 2542 322 2578 ὅ)
337 2543 397 2573 ideo
409 2539 483 2581 saepe
497 2541 600 2582 negari
614 2548 735 2571 moram.
964 2576 970 2582 ⁵
990 2542 1057 2581 ‘21'1

205 2585 263 2620 XI.
290 2584 391 2624 Usque
406 2583 443 2612 ad
465 2589 547 2621 quem
564 2582 637 2612 diem
651 2580 745 2620 usurae
760 2580 792 2609 in
810 2578 886 2608 bonae
896 2575 969 2616 fidei
979 2577 1063 2617 judi-

285 2626 336 2659 ciis
352 2624 510 2658 debeantur
528 2621 618 2665 officio
633 2619 780 2663 Jztdicis?
792 2619 897 2661 sensus
911 2618 932 2651 l.
946 2626 972 2650 1.
989 2617 1019 2659 §.
1031 2626 1061 2649 2.

429 88 598 127 BREVIS
625 86 727 123 CAH
740 85 848 121 rUM
876 82 1043 120 OPERIS
1071 82 1136 119 DE
1162 81 1396 119 FOENORE
1422 80 1486 118 ET
1512 80 1697 120 USURIS.

1185 171 1227 204 D.
1248 173 1281 204 cle
1297 172 1412 213 usuris,
1430 171 1668 214 &quorumdam
1682 168 1801 207 aliorum
1818 179 1953 219 capitum.

1894 229 1928 250 21

1098 253 1175 288 XII.
1195 254 1310 292 Usuras
1333 256 1364 286 in
1374 252 1474 296 siritii
1491 255 1572 296 juris
1584 255 1708 294 judiciis
1732 254 1821 296 officio
1837 230 1955 298 ,ἳὲαιίίειῖἶ

1178 307 1245 378 yion
1270 297 1382 337 deberi,
1405 306 1440 327 ne
1457 307 1475 328 a
1501 303 1622 338 tempore
1644 297 1758 338 quidem
1779 298 1840 329 litis
1864 307 1956 332 conte-

1211 344 1275 370 atae.
1899 349 1932 372 2¹

1086 378 1227 411 muln
1251 380 1415 411 arbitrariis
1434 379 1557 421 judiciis
1585 379 1690 417 usuras
1722 379 1813 421 officio
1838 351 1958 421 Junci}

1186 430 1346 462 numquam
1361 422 1454 452 deberi
1468 419 1552 462 quasi
1560 424 1663 462 usuras
1673 421 1737 461 ,fita
1749 421 1831 462 quast
1848 424 1877 453 id
1884 424 1959 464 quod

1183 460 1302 501 interest}
1323 462 1481 504 aliquando
1503 464 1606 493 deberi.
1630 462 1666 497 δέ)
1691 473 1744 494 cur
1760 462 1777 493 ?
1812 463 1959 505 Ulpianus

1187 503 1207 534 l.
1234 513 1284 540 29.
1315 503 1344 546 §.
1370 514 1398 535 2.
1429 503 1473 535 D.
1503 505 1536 535 de
1559 503 1694 536 AEdilitio
1717 503 1820 536 Eciiito
1843 506 1961 547 explici-

1189 550 1246 575 tus.
1903 556 1937 578 21

1087 584 1182 617 XIV.
1199 585 1313 624 Ufuras
1332 585 1413 625 tolli,
1429 587 1508 627 fhrte
1524 587 1580 628 ἱρή)
1599 587 1666 629 jure
1674 586 1794 627 sublata
1810 610 1820 626 ,
1842 592 1875 618 ut
1883 556 1961 628 solus:

1188 628 1280 658 tione:
1300 627 1349 664 sed
1360 628 1506 667 futuras,
1529 638 1586 659 non
1606 631 1791 669 praeteritas.·
1817 631 1961 668 maxime,

1184 667 1213 706 fi
1238 670 1424 699 conventione
1448 671 1614 701 debeantur.
1663 670 1745 715 Quid
1761 694 1770 709 ,
1787 668 1816 708 fi
1838 672 1961 709 veniant

1190 708 1282 750 officio
1297 709 1415 749 Judicis
1426 709 1443 740 ,9
1470 710 1583 749 Usuras
1599 713 1685 743 etiam
1708 715 1815 742 caeterz's
1829 713 1889 743 tolli
1906 723 1963 743 nzo-

1191 754 1235 782 dis
1250 752 1355 793 quibus
1371 752 1505 793 obligatio
1526 754 1582 792 ipso
1601 753 1669 793 jure
1693 752 1908 794 exstinguitur.-
1931 759 1980 785 ut.

1093 829 1095 831 ‚
1191 793 1414 833 compensatione
1432 794 1467 828 δ’
1483 794 1647 824 novatione.
1902 804 1963 835 215

1112 831 1187 865 XV.
1201 833 1249 865 De
1273 833 1412 865 oblatione
1427 857 1436 873 ‚
1468 833 1660 876 obsignatione
1674 857 1684 873 ‚
1709 833 1747 868 &³
1771 834 1937 875 depositione
1951 860 1963 875 ‚

1184 875 1277 916 sortis
1294 874 1331 909 δέ)
1349 876 1528 916 usurarum,
1550 886 1614 907 cum
1628 877 1660 907 in
1677 885 1752 907 mora
1766 875 1805 916 est>
1822 878 1963 908 creditor:

1195 919 1284 957 deque
1305 917 1367 957 ejus
1390 919 1432 948 rei
1451 916 1566 958 effeftu.
1590 917 1626 952 ἐξ
1645 918 1716 959 quid
1728 941 1737 956 ,
1755 917 1782 956 li
1799 919 1907 949 debitor
1922 929 1964 950 re·

1194 959 1282 999 cipiat
1293 958 1448 999 pecuniam
1472 958 1615 997 oblatam,
1640 958 1835 1001 obsignatam,
1860 959 1896 994 ἐξ
1918 962 1964 991 de-

1188 997 1337 1040 pofitam?
1359 1009 1398 1030 an
1415 998 1452 1034 59⁹
1476 1001 1610 1041 quando,
1626 999 1713 1039 facta
1736 1001 1892 1039 oblatione,
1915 1011 1965 1033 nec
1998 1012 2000 1014 ’
2045 1024 2046 1045 ἶ

1185 1044 1315 1082 sequuta
1330 1039 1524 1081 obfignatioue
1538 1051 1572 1073 ac
1588 1040 1775 1082 depositione,
1795 1044 1968 1083 principalis

1198 1082 1319 1113 tollatur
1333 1082 1482 1123 obligatio,
1508 1082 1545 1117 δέ)
1564 1091 1665 1115 utrum
1680 1084 1737 1124 ipso
1754 1085 1841 1126 jure,
1865 1095 1903 1116 an
1920 1092 1967 1125 ope

1198 1123 1394 1164 exceptionis?
1417 1124 1642 1156 Sabinianorum
1663 1124 1699 1159 ὅ)
1727 1124 1967 1157 Proculianorum

1196 1163 1334 1205 deffensio.
1371 1164 1536 1198 Marcellus
1556 1166 1577 1198 l.
1595 1174 1645 1206 72.
1670 1166 1713 1197 D.
1733 1167 1766 1197 de
1772 1167 1968 1207 fhlutionibus

1196 1206 1335 1237 liberatus
1349 1207 1423 1239 malo
1439 1217 1493 1248 quo
1509 1206 1646 1238 haetenus
1669 1207 1821 1239 laboravit.
1845 1211 1915 1251 quid
1936 1211 1967 1240 in

1198 1248 1295 1286 usuris
1313 1256 1349 1279 ex
1365 1258 1444 1279 mora
1461 1249 1580 1287 debitis,
1597 1248 1657 1286 live
1673 1258 1707 1279 ex
1716 1247 1884 1290 stipulatu,
1902 1250 1968 1289 five

1199 1287 1290 1329 officio
1312 1288 1433 1329 Judicis
1447 1289 1464 1320 ,9
1493 1289 1623 1330 Jacobus
1648 1291 1787 1332 Cujacius
1810 1291 1847 1326 &³
1872 1293 1968 1323 Anto-

1197 1332 1264 1361 nius
1286 1329 1378 1362 Faber
1407 1331 1540 1371 refutati.
1558 1331 1649 1369 simul
1675 1331 1823 1373 composita
1845 1332 1969 1375 insignis

1199 1371 1236 1406 ἐξ
1253 1369 1366 1412 molesta
1390 1372 1426 1403 lis
1451 1382 1513 1414 quae
1538 1373 1593 1404 buc
1615 1383 1649 1405 us
1671 1383 1705 1405 ue
1728 1375 1842 1405 diremit
1856 1384 1969 1406 concor-

1200 1414 1278 1444 diam
1296 1413 1454 1454 Papiniani
1475 1414 1494 1446 l.
1507 1423 1532 1446 1.
1550 1414 1579 1456 §.
1590 1424 1619 1456 3.
1682 1440 1690 1447 .
1707 1416 1740 1446 de
1754 1417 1869 1456 usuris,
1880 1416 1971 1448 Mar-

1196 1454 1259 1486 celli
1283 1453 1320 1489 &5
1346 1454 1469 1495 Ulpiani
1490 1456 1509 1487 l.
1535 1461 1582 1490 28.
1613 1455 1643 1498 §.
1671 1466 1697 1488 1.
1727 1455 1768 1488 D.
1792 1458 1826 1488 de
1845 1458 1971 1489 admini-

1189 1494 1333 1537 strattone
1355 1501 1512 1535 tutorum,
1542 1495 1731 1539 demonstrato
1756 1499 1841 1530 vario
1865 1505 1968 1540 tempo·

1196 1547 1263 1568 rum
1286 1537 1341 1578 usu
1356 1539 1459 1578 quibus
1477 1538 1521 1569 illi
1537 1537 1676 1578 floruere.
1699 1541 1730 1570 in
1747 1541 1775 1571 d.
1790 1540 1811 1573 l.
1830 1544 1878 1575 28.
1895 1540 1914 1582 §
1944 1549 1970 1573 1.

1195 1588 1253 1609 non
1277 1585 1414 1619 apparere
1441 1578 1612 1611 Triboniani
1634 1590 1752 1612 manum
1770 1587 1821 1612 aut
1836 1582 1970 1622 culpam:

1196 1618 1248 1658 etsi
1263 1620 1431 1660 suspicatus
1446 1619 1484 1658 fit
1501 1621 1651 1652 Antonius
1669 1621 1765 1653 Faber.
1788 1632 1839 1653 nec
1852 1624 1971 1663 felicio-

1197 1670 1256 1692 rem
1281 1661 1332 1702 effe
1348 1663 1412 1703 ejus
1434 1661 1626 1703 conjeituram
1642 1664 1676 1694 cle
1700 1663 1793 1695 Paulo
1816 1664 1835 1695 l.
1853 1673 1902 1705 73.
1927 1665 1972 1697 D.

1198 1703 1231 1733 de
1253 1704 1503 1743 procuratoribus.
1534 1705 1697 1735 extricatur
1728 1705 1806 1735 locus
1838 1706 1972 1737 Scaevolae

1200 1743 1425 1784 impeditzffimus
1446 1747 1498 1785 qui
1518 1741 1557 1784 est
1578 1746 1609 1776 in
1639 1745 1657 1778 l.
1681 1755 1748 1777 122.
1772 1746 1801 1788 ἓ.
1817 1757 1848 1787 5.
1873 1746 1914 1778 D.
1938 1749 1972 1778 de

1201 1786 1354 1816 verborum
1370 1786 1599 1826 obligationibus.
1617 1786 1792 1823 anticbrefin
1808 1797 1845 1819 ex
1861 1788 1972 1825 senten·

1203 1827 1246 1857 tia
1259 1824 1476 1866 clariffimorum
1491 1827 1639 1858 hominum
1652 1828 1713 1867 stila
1738 1829 1799 1859 tolli
1819 1829 1969 1862 oblatione.

1203 1876 1265 1898 eam
1286 1868 1469 1907 sententiam
1487 1869 1589 1909 procul
1611 1878 1677 1900 vero
1705 1869 1766 1910 effe.
1798 1871 1970 1902 Antoninus

1199 1908 1219 1939 l.
1240 1918 1287 1940 11.
1312 1909 1345 1941 C.
1361 1911 1395 1940 de
1419 1910 1516 1950 usuris
1539 1910 1642 1941 leviter
1662 1912 1828 1943 emendatus
1853 1912 1889 1947 &³
1904 1913 1972 1944 illu-

1198 1947 1324 1990 stratus.
1356 1953 1428 1992 quid
1456 1953 1487 1982 in
1516 1952 1613 1992 usuris
1626 1953 1758 1994 frugum
1786 1955 1973 1986 humidarum

1202 1998 1256 2022 aut
1276 1993 1429 2023 aridarum
1442 1992 1460 2024 ἱ)
1914 1999 1975 2028 216

1102 2030 1194 2064 XVI.
1206 2032 1308 2079 Quid,
1331 2032 1355 2070 [ἱ
1375 2033 1508 2076 obligatio
1533 2033 1653 2066 tollatur
1672 2036 1883 2077 praescriptione
1907 2044 1975 2069 tem-

1197 2076 1278 2116 poris
1292 2074 1309 2106 ,9
1340 2074 1444 2120 Quid,
1459 2073 1488 2113 fi
1510 2075 1603 2114 usurae
1621 2076 1708 2116 pafio
1724 2084 1860 2109 convento
1878 2101 1888 2116 ,
1909 2077 1976 2117 sive

1205 2125 1241 2147 ex
1263 2115 1349 2157 reffo,
1368 2114 1433 2154 five
1450 2118 1555 2156 tacito,
1579 2118 1791 2150 remittantur?
1913 2129 1975 2157 219

1101 2156 1212 2190 XVII.
1249 2158 1341 2198 suras
1358 2157 1437 2197 tolli,
1455 2156 1485 2196 fi
1506 2160 1543 2189 ad
1558 2159 1772 2198 duplumsortis
1783 2162 1971 2201 perveniant.

1090 2200 1097 2205 ⁴
1201 2198 1349 2244 Quomodo
1373 2200 1570 2240 accipiendum
1584 2199 1621 2238 lit
1643 2201 1785 2241 duplum.
1834 2202 1946 2242 Usuras
1961 2226 1972 2242 ,

1201 2250 1259 2271 non
1265 2240 1398 2280 solutas,
1412 2242 1467 2280 Jed
1474 2240 1650 2281 solvendas,
1672 2243 1710 2273 ad
1726 2243 1806 2284 dupli
1828 2250 1974 2284 computa-

1205 2282 1310 2313 tionem
1319 2281 1469 2323 profuiffe.
1515 2282 1552 2313 Id
1561 2283 1612 2323 jus
1625 2283 1719 2323 Jacile
1740 2284 1868 2322 delusum
1881 2285 1973 2326 fuiffe

1203 2324 1436 2364 interpretatione
1450 2325 1664 2363 renovationis,
1688 2324 1724 2360 &⁹
1740 2325 1913 2367 neceffariae,
1936 2326 1973 2362 ὅ)

1205 2365 1389 2398 voluruariae.
1413 2364 1514 2396 Etiam
1528 2366 1648 2407 pignore
1661 2368 1795 2401 creditori
1809 2370 1884 2400 dato.
1908 2368 1974 2399 Hoc

1207 2406 1377 2447 displicuiffe
1399 2405 1582 2446 Jultiniano.
1628 2407 1707 2439 Eum
1726 2418 1836 2450 quoque
1856 2409 1973 2450 noluff

1203 2446 1333 2488 intereffe
1354 2470 1364 2486 ,
1394 2453 1495 2479 utrum
1513 2450 1604 2489 usurae
1625 2455 1677 2489 per
1700 2450 1856 2482 intervalla
1869 2451 1974 2490 solum

1197 2489 1282 2528 fint,
1304 2499 1343 2520 an
1363 2498 1421 2520 non
1438 2487 1511 2527 fint.
1556 2491 1609 2521 An
1628 2490 1665 2524 δ’
1684 2492 1793 2522 annuis
1813 2491 1973 2523 reditibus?

1204 2528 1414 2572 Justinianum
1436 2540 1539 2572 negare
1567 2531 1685 2563 Novell.
1708 2535 1776 2564 160.
1798 2543 1833 2565 ac
1855 2534 1907 2570 sub
1928 2543 1972 2563 co-

1205 2574 1261 2604 lore
1275 2572 1371 2603 annui
1387 2571 1494 2604 reditus
1506 2581 1543 2605 ex
1557 2572 1642 2614 faibo
1664 2575 1834 2607 anteriorem
1856 2573 1974 2614 mutaffe

1207 2611 1455 2654 Constitutionem.
1915 2625 1976 2648 220

1775 3234 1968 3267 GERAR-
