2036 3495
548 92 635 129 Dr.

69 185 203 227 dicitur,
220 193 254 219 ut
271 185 421 228 Virgilius
434 207 443 224 ,
461 183 507 216 lib.
530 191 556 215 1.
575 181 698 216 Aeneia.
715 184 789 224 vers.
807 188 857 225 83.
875 184 938 221 ait,

71 229 117 262 Tu
133 231 184 261 das
198 229 288 270 epulis
304 227 466 260 accumbere
485 226 598 256 divum.
622 224 665 255 Et
682 225 730 255 lib.
747 235 776 266 3.
795 225 869 266 vers.
889 235 938 265 77.

70 272 278 312 Immotumque
299 269 350 301 coli
374 269 449 299 dedit
469 266 506 301 ἐπ”
528 272 704 297 contemnere
720 272 830 298 ventos.
874 265 939 297 Ne-

69 313 156 352 scio,
178 323 215 344 an
234 312 348 343 eodem
366 308 450 341 sensu
467 309 656 346 Petronius,
675 306 791 349 Fragm.
811 307 936 348 Trogur.

69 365 94 387 c.
108 364 158 395 51·
173 360 205 395 p.
224 360 291 393 251.
310 352 413 388 dicat,
437 348 513 381 Fecit
526 350 704 390 reporrigere.
746 348 853 380 Verba
879 349 936 381 Pe-

70 396 179 428 tronii.
205 392 353 434 Admiffus
367 401 431 433 ergo
451 391 585 429 Caesarem
600 389 639 430 est
657 399 720 421 cum
731 391 787 430 suo
803 400 935 429 munere,

68 438 170 469 deinde
184 436 265 468 fecit
280 435 478 474 reporrigere
501 431 624 470 Celeri,
647 430 685 465 ὅ)
707 431 788 463 illam
809 433 936 473 inpavi-

65 485 192 510 mentum
205 477 334 517 projecit.
364 472 545 505 Schefferus
562 473 659 513 legit,
679 472 835 511 Caesarem,
858 474 887 504 ἀ
905 483 936 504 e-

65 520 189 561 jusdem
205 516 378 550 locutionis
392 514 500 546 similia
516 515 580 545 duo
597 515 743 554 exempla
759 515 879 546 addidit
896 525 938 546 ex

61 562 182 594 ⁴Plauto
197 583 207 598 ,
237 558 351 600 Epidic.
369 566 398 597 3.
415 565 444 596 3.
463 555 492 586 &
512 554 630 586 Trucul.
652 565 677 587 ι.
700 565 727 587 2.
745 554 859 587 Forsan
878 566 938 587 nec

67 601 254 635 mutandum
279 598 362 640 apud
387 597 592 636 Papinianum
612 596 657 628 est
674 597 828 636 verbum,
850 599 935 629 domi-

67 654 142 676 nas:
165 652 205 674 eo
225 640 325 671 verbo
340 638 573 677 accipientibus
591 639 755 676 maritum,
781 649 821 670 ex
845 648 935 670 more

67 692 163 726 quem
179 681 326 713 observat
341 679 468 711 Nonius
484 679 676 718 Marcellus,
696 680 725 711 ἃ
742 680 771 711 in
788 680 807 711 l.
825 690 874 721 57.
892 680 935 712 D.

67 729 101 758 ae
116 724 317 756 donationibus
331 723 409 752 inter
423 723 520 752 virum
538 720 574 755 ὅθ
590 730 726 760 uxorem,
742 721 872 761 aliisque
891 724 935 754 lo-

65 768 111 799 cis
123 773 213 797 notat
229 763 409 795 Gulielmus
424 761 595 794 Fornerius
610 763 657 793 lib.
678 771 705 793 1.
723 762 821 794 Selee't.
840 773 864 794 c.
880 773 934 795 xi.

66 809 116 839 cui
137 808 249 838 addam
276 805 340 836 hoc
366 814 406 835 ex
434 803 555 836 Vetere
578 805 701 845 Lepide
717 804 801 845 apud
818 802 933 836 Grute-

66 859 134 883 xum
148 855 217 889 με’
234 856 306 888 ⁹³3'
328 846 489 919 liisiffl't]
501 885 598 917 sTA
612 885 672 918 LI.

382 926 621 959 DOMINO.

322 968 680 1001 DULCISSIMO.

288 1008 514 1044 CONlUX.
546 1007 706 1042 FECIT

65 1054 108 1088 Et
118 1061 188 1097 pag.
208 1057 280 1094 946.
298 1053 453 1125 Ινι]ἐνΜς>Ἀ
463 1092 495 1125 X
506 1093 519 1125 Ι
529 1092 565 1124 M
577 1092 618 1124 O.

220 1135 407 1168 HAVIA.
442 1131 794 1166 FORTUNATA.

188 1175 425 1209 DOMINO.
462 1175 540 1206 ET.
571 1173 821 1207 CONlUGl.

171 1218 322 1252 BENE.
352 1215 622 1249 MERENTI.
658 1214 823 1247 FECIT

696 90 1164 132 UsUFRUCTU

1224 94 1315 129 Lis.
1352 90 1375 128 i.
1786 105 1851 145 33⁷

982 182 1130 222 Speciem
1148 183 1323 215 videamus.
1366 181 1504 215 Maritus
1521 184 1594 216 'dum
1610 178 1738 227 legasset
1755 187 1848 218 uxori

981 223 1101 255 fruetus
1126 226 1337 266 praediorum3
1380 227 1409 257 id
1434 225 1749 265 eit,‚usumfruetum
1775 238 1852 269 prat:-

981 266 1124 298 diorum:
1148 274 1181 297 ut
1197 267 1228 297 in
1245 267 1264 297 l.
1285 276 1332 298 ρο.
1388 291 1394 297 .
1414 268 1447 297 de
1462 267 1638 307 usufructu,
1656 270 1684 300 ἃ
1701 270 1719 301 l.
1737 279 1787 309 41.
1807 269 1852 301 D.

980 308 1013 337 de
1022 306 1411 349 usufffiffusrubiulegoto)
1429 310 1546 340 deinde
1561 309 1630 340 haec
1641 311 1757 351 praedia
1775 320 1848 343 cum

980 348 1133 380 reditibus
1152 348 1221 388 post
1238 358 1374 380 mortem
1392 351 1497 381 uxoris
1515 351 1552 382 ad
1573 351 1705 384 heredes
1718 352 1787 385 suos
1803 362 1851 384 re-

980 390 1047 420 dire
1072 390 1185 421 voluit.
1220 392 1391 431 quaeritur,
1415 400 1451 422 an
1476 391 1512 422 iit
1535 390 1667 424 effectus
1683 393 1849 425 fideicom-

979 431 1057 462 miffi
1073 431 1088 462 ‘3
1118 432 1161 462 ait
1186 430 1371 472 Papinianus
1389 455 1398 470 ,
1429 433 1516 471 quod
1539 433 1705 473 dominus,
1730 436 1761 467 id
1785 434 1850 474 est,

980 472 1127 511 maritus,
1146 473 1185 503 ad
1204 473 1338 504 heredes
1358 474 1474 504 reverti
1492 475 1602 513 dedit,
1621 476 1652 506 id
1668 476 1732 514 est,
1746 487 1852 509 rever-

980 515 1003 544 ti
1028 514 1128 553 jullit,
1153 513 1427 546 fideicommissum
1453 515 1574 547 nullum
1599 515 1683 550 csse:
1707 519 1756 558 (id
1783 518 1850 557 cst,

980 556 1095 586 nullius
1113 556 1268 587 momenti
1283 555 1365 595 ess‘e3
1390 565 1422 587 ut
1440 556 1470 587 in
1489 556 1508 587 l.
1530 556 1611 598 16.§
1643 567 1666 589 1.
1684 558 1726 590 D.
1743 561 1776 590 de
1799 562 1851 591 mi-

978 597 1115 637 norihus)
1139 595 1203 628 five
1227 598 1462 637 proprietatem>
1479 597 1674 637 spectemus,
1698 599 1760 631 five
1784 600 1850 633 sru-

978 638 1065 675 ἑὶυες
1091 638 1272 679 lapsumque
1291 638 1352 670 ess'e
1368 639 1525 679 imperitia
1540 639 1632 679 juris:
1653 650 1725 671 cum
1740 642 1830 681 jubet

978 688 993 709 a
1010 679 1180 710 fructuaria
1197 680 1266 719 post
1285 681 1350 719 ejus
1366 688 1523 718 mortem,
1544 681 1661 718 praedia
1679 691 1751 713 cum
1770 685 1835 714 redi

979 720 1062 752 tibus
1078 719 1197 751 restitui
1212 722 1270 752 luis
1289 721 1480 761 heredibus,
1501 722 1586 753 ultro
1603 723 1755 754 habituris
1772 733 1850 764 prac-

979 762 1028 792 dia
1045 762 1075 792 ἀ
1093 763 1212 793 reditus
1231 763 1327 801 pleno
1347 763 1479 794 dominii
1496 763 1583 803 jure,
1607 763 1763 795 exstincto
1782 765 1850 796 usu-

977 802 1080 833 sruCltu
1107 812 1212 833 morte
1238 803 1425 835 fructum-uc.
1457 813 1521 835 non
1541 805 1635 845 igitur
1653 806 1736 837 valet
1760 804 1850 837 fidei-

978 843 1175 874 commill'um
1193 845 1403 883 praedioi·um;
1423 846 1452 876 id
1469 845 1532 883 est,
1550 847 1754 887 proprietatis
1771 856 1850 888 prae-

979 885 1120 915 diorum:
1143 894 1249 923 neque
1266 886 1363 925 magis
1381 886 1540 918 frquum
1558 886 1656 919 futuri
1675 889 1851 928 temporis:

978 925 1019 956 de
1036 926 1151 965 quibus
1167 925 1236 957 solis
1253 927 1403 966 cogitasse
1414 930 1539 959 videtur
1555 930 1703 962 maritus:
1717 930 1849 963 volens:

979 976 1114 997 uxorem
1137 966 1206 1006 post
1230 975 1367 998 mortem
1391 968 1473 1000 suam
1494 969 1663 1002 heredibus
1684 970 1852 1003 restituere

979 1008 1095 1047 praedia
1114 1017 1186 1039 cum
1205 1007 1360 1039 reditibus
1379 1008 1428 1040 seu
1440 1009 1614 1043 fructibus:
1632 1021 1672 1043 ne
1688 1012 1850 1054 alioquin,

979 1048 999 1079 fi
1024 1049 1131 1087 jubent
1155 1049 1250 1080 etiam
1276 1052 1453 1088 praeteritos
1480 1051 1600 1083 restitui
1624 1052 1744 1085 fructus
1759 1076 1768 1092 ,
1792 1053 1851 1086 fibi

979 1091 1204 1121 contradicat:
1238 1091 1349 1122 volens
1365 1114 1374 1129 ,
1405 1091 1631 1126 usumfructum
1656 1095 1850 1135 praediorum

979 1131 1041 1204 fille
1056 1133 1184 1177 uxoris;
1210 1131 1239 1163 δι
1256 1138 1359 1163 tamen
1376 1141 1548 1175 perceptos
1565 1134 1684 1168 fruetus
1700 1136 1740 1168 ab
1754 1145 1791 1168 ea
1805 1145 1851 1168 rc—

1007 1182 1074 1204 itui.

1838 665 1848 681 2

780 1319 993 1356 CAPUT
1047 1320 1118 1357 IV.

53 1463 56 1466 Δ
87 1415 320 1465 Usumfruffltm
336 1414 420 1461 Jure
438 1413 531 1449 Civili
547 1410 688 1460 constitui
702 1412 734 1446 in
750 1412 940 1458 corporibus,
966 1411 1228 1460 Senatascotisidto
1243 1414 1339 1448 etiam
1356 1414 1387 1448 in
1408 1413 1630 1460 quantitatibus
1650 1406 1837 1463 &Jurihusu

65 1516 167 1589 Res
190 1510 347 1553 postulare
368 1511 496 1543 videtur
511 1533 521 1548 ‚
552 1516 622 1549 quae
645 1509 807 1551 superiore
829 1507 935 1554 capite

155 1553 330 1585 summatim
355 1553 418 1584 dixi
444 1555 484 1584 de
507 1551 669 1583 frustuarii
693 1552 761 1592 jure
778 1573 789 1589 ,
812 1550 936 1589 aliquot

66 1595 207 1627 illustrari
233 1594 405 1635 exemplis,
427 1593 650 1634 pulcherrimae
673 1593 816 1624 indolem
838 1598 934 1623 mate-

64 1637 120 1668 riae
137 1636 291 1668 nobilium
305 1637 445 1677 capitum
461 1635 678 1675 explicatione
695 1633 833 1665 curatius
852 1633 933 1664 indi-

67 1679 195 1709 caturis.
227 1677 280 1709 sed
296 1678 431 1718 primurn
448 1676 586 1714 videbo,
610 1676 641 1707 in
658 1675 772 1716 quibus
789 1674 931 1719 rebus-u·

64 1718 233 1751 susfrustus
255 1718 328 1758 Jure
352 1717 448 1749 Civili
464 1716 684 1748 constituatur.
714 1725 827 1747 omnes
846 1723 931 1746 enim

65 1768 116 1792 res
141 1760 194 1790 au't
215 1759 284 1791 sunt
305 1768 461 1799 corpora,
486 1765 540 1788 aut
560 1759 775 1798 quantitateS.
798 1764 851 1787 aut
867 1757 934 1796 jura

65 1800 85 1831 l.
106 1811 134 1840 7.
153 1800 195 1831 D.
214 1802 246 1831 (ie
261 1802 422 1840 exceptione
436 1800 477 1830 rei
487 1799 634 1841 judicata.
653 1797 671 1830 l.
683 1808 733 1840 30.
751 1798 794 1830 D.
810 1799 842 1829 cz'e
858 1799 933 1839 lega-

66 1843 157 1872 zislib.
173 1848 196 1872 i.
222 1849 372 1881 quantum
388 1848 494 1872 autem
509 1841 548 1871 acl
565 1849 702 1880 corpora
717 1840 851 1871 attinet:
870 1840 936 1871 nul-

65 1883 95 1914 la
113 1882 157 1913 est
176 1882 344 1913 dubitatio.
376 1891 449 1913 cum
473 1882 557 1912 enim
580 1881 773 1912 ususfructus
790 1880 825 1912 fit
839 1879 887 1919 jus
905 1890 935 1911 a-

65 1924 159 1956 lienis
179 1925 274 1955 rebus
296 1924 407 1954 utendi
431 1922 556 1954 fruendi
582 1921 661 1953 salva
681 1932 782 1953 rerum
802 1921 936 1952 substan-

66 1964 128 1997 tia:
151 1974 188 1995 an
215 1966 365 1995 miramur
382 1987 392 2002 ,
424 1964 531 2004 (quod
555 1962 709 2003 Ulpianus
735 1962 880 1994 observat
904 1963 936 1994 in

66 2005 181 2046 Fragm.
198 2006 242 2036 tit.
261 2016 309 2045 24.
327 2003 356 2046 §
376 2007 447 2044 26.)
470 2003 558 2044 posse
582 2004 656 2043 jure
673 2004 767 2035 Civili
786 2003 880 2044 legari
900 2013 934 2034 u—

64 2046 268 2078 sumfruttum
288 2056 393 2078 earum
405 2055 508 2077 rerum
525 2055 654 2085 quarum
672 2044 753 2076 salva
771 2044 937 2075 substantia

64 2089 173 2119 utendi
186 2085 310 2120 fruendi
327 2087 432 2126 potest
450 2086 511 2118 effe
532 2086 666 2118 facultas
679 2087 695 2118 ἱ)
713 2087 789 2118 tales
800 2096 849 2117 res
866 2085 936 2117 sunt

67 2137 221 2170 corpora:
245 2130 392 2161 omnibus
408 2128 494 2159 usum
506 2127 588 2160 salva
600 2127 765 2159 substantia
781 2127 936 2168 recipien-

64 2171 157 2202 tibus.
186 2180 222 2201 ac
244 2171 304 2210 jam
325 2170 424 2210 palam
443 2169 550 2201 Celsus
567 2169 587 2200 l.
605 2179 633 2200 2.
652 2168 694 2200 D.
712 2170 745 2199 cle
761 2168 935 2208 usufruftu,

63 2212 200 2252 loquens
221 2212 260 2242 de
284 2210 463 2249 usufructu,
486 2209 560 2250 Est,
583 2210 704 2251 inquit,
722 2211 775 2250 jus
796 2212 827 2240 in
842 2217 936 2251 corpo-

65 2261 113 2283 re:
138 2262 192 2293 qao
203 2250 321 2292 sublato
340 2252 377 2287 ὅ)
393 2252 485 2291 iesum
500 2251 561 2282 tolli
575 2251 678 2292 neceffe
696 2251 745 2293 est.
775 2250 934 2283 Nimirum

63 2294 136 2324 vult
160 2293 286 2331 Celsus,
309 2293 539 2325 usumfructum
564 2292 627 2324 esse
646 2294 694 2333 jus
721 2295 752 2325 in
777 2302 934 2332 corpore:

66 2335 154 2375 cujus
169 2333 356 2372 substantia,
374 2335 425 2366 ubi
439 2334 493 2365 sub
509 2333 594 2365 usum
613 2335 717 2372 cadit,
734 2334 933 2374 perseveret:

63 2376 163 2416 idque
178 2383 329 2416 apparere
346 2375 439 2414 inde,
451 2376 537 2415 quod
556 2376 618 2407 tale
630 2376 678 2415 jus
695 2376 818 2406 tollitur
837 2374 933 2406 subla-

65 2425 100 2448 to
121 2426 269 2457 corpore.
316 2415 363 2448 Ut
384 2426 418 2447 ut
436 2418 513 2448 erit:
537 2416 582 2447 est
599 2415 693 2448 Celso
712 2417 933 2456 exploratum,

62 2457 289 2490 usumfructum
308 2457 369 2489 ell’e
382 2459 430 2498 jus
449 2459 479 2488 in
496 2466 651 2498 corpore:
669 2458 698 2488 &
717 2459 787 2498 quia
806 2467 870 2489 non
889 2459 932 2489 di-

65 2499 192 2541 stinguit
209 2508 365 2539 corpora:
382 2506 550 2540 putemus,
569 2501 599 2530 in
621 2499 767 2531 omnibus
783 2498 931 2530 constitui

62 2539 126 2572 fine
148 2540 345 2579 discrimin03
370 2549 473 2572 utrum
497 2540 554 2571 {int
571 2540 721 2579 mobilia,
747 2550 781 2571 ut
800 2541 887 2571 navis
911 2540 930 2570 l.

65 2590 112 2613 12.
137 2581 166 2623 §.
187 2590 212 2612 1.
230 2581 270 2612 D.
289 2583 321 2612 de
342 2581 514 2622 usufrufflm
539 2590 577 2612 an
603 2581 665 2613 sese
690 2583 872 2619 moventia,
897 2589 932 2612 ut

63 2622 170 2654 servus
188 2623 217 2652 δι
230 2623 428 2662 jumentum,
452 2632 489 2653 an
508 2623 700 2661 immobilia,
726 2632 761 2654 ut
777 2624 860 2654 aedes
878 2630 932 2653 aut

62 2661 180 2694 fundus
199 2663 218 2693 l.
236 2673 264 2702 [3.
282 2663 312 2705 §.
330 2672 354 2694 1.
373 2663 415 2694 D.
433 2665 465 2694 de
481 2663 655 2703 uficfruetu,
678 2665 769 2704 isque
787 2663 931 2702 Italicus,

65 2711 118 2734 aut
138 2705 349 2742 provincialis.
379 2705 435 2735 illo
452 2704 539 2735 sensu
558 2703 674 2744 Gajus,
699 2706 840 2737 omnium
855 2727 864 2742 ,
887 2705 931 2736 in-

65 2744 152 2784 quit,
178 2744 389 2783 praediorum,
413 2745 442 2776 &
460 2745 590 2784 Paulus,
615 2747 842 2787 cujuscumque
859 2745 931 2776 fuu-

65 2787 114 2822 di,
139 2784 244 2825 potest
268 2785 459 2817 ususfructus
486 2785 635 2818 constitui
658 2788 686 2818 d.
711 2788 729 2820 l.
747 2798 776 2828 3.
801 2788 820 2818 l.
839 2791 869 2817 6.
890 2787 932 2818 t).

64 2828 123 2857 eod.
140 2826 187 2856 tit.
213 2824 312 2860 solum
335 2827 431 2866 igitur
453 2834 585 2866 oportet
609 2837 675 2859 rem
693 2829 780 2868 cujus
799 2827 934 2859 ususfru-

65 2868 132 2898 stus
148 2867 256 2904 datur,
274 2866 336 2897 effe
352 2875 468 2907 corpus
479 2891 489 2906 ,
503 2867 585 2899 salva
600 2867 767 2900 substantia
778 2869 934 2910 recipiens

65 2907 305 2939 usumfructum.

110 2948 225 2980 Utrum
244 2957 349 2979 tamen
368 2946 554 2987 praesentem
567 2972 575 2986 ,
591 2958 628 2981 an
645 2950 673 2982 δι
690 2950 858 2982 futurum?
884 2949 935 2983 sed

66 2999 164 3031 pute,
189 2991 219 3021 &
244 2989 403 3020 futurum:
426 2988 569 3021 sufficere
597 2992 699 3030 enim,
722 3001 738 3022 a
763 2992 935 3023 fructuario

56 3031 179 3070 'sperari
205 3029 345 3061 fruCtum
369 3031 535 3070 corporis,
559 3031 614 3062 etfi
638 3042 702 3063 non
728 3031 764 3064 fit
789 3032 936 3073 praesens.

66 3073 126 3103 hac
145 3079 252 3103 mente
270 3072 383 3103 Paulus
399 3071 447 3101 lib.
466 3081 495 3112 3.
514 3071 642 3103 Sentent.
660 3075 706 3104 tit.
723 3077 753 3104 6.
770 3073 798 3114 §.
813 3078 857 3108 18.
881 3072 935 3104 Fa-

68 3112 151 3151 riofi,
165 3114 288 3153 inquit,
304 3112 340 3147 ὃ
356 3113 521 3154 agrotantis
532 3111 568 3147 ὅ)
583 3114 709 3154 infantis
723 3113 937 3153 usumfruttum

67 3153 176 3185 utiliter
190 3154 332 3196 relinqui:
349 3154 378 3185 δι
393 3153 534 3185 causatur
545 3177 554 3192 ‚
572 3154 689 3186 Horum
699 3155 774 3185 enim
788 3155 879 3187 alium
893 3164 935 3187 re-

63 3193 321 3268 fipss'oerbflivm
334 3194 546 3236 convalescere,
563 3196 654 3229 alium
668 3197 784 3238 crescere
796 3196 882 3238 peffe.
909 3197 936 3229 1-

134 3244 187 3267 om.
230 3259 238 3270 .

978 1509 1052 1541 dem
1070 1509 1111 1541 de
1127 1508 1180 1540 usu
1199 1510 1399 1548 Pomponius
1414 1510 1433 1541 l.
1448 1520 1498 1551 55.
1518 1510 1559 1542 D.
1580 1512 1613 1542 de
1629 1512 1799 1552 usufrutta.

1021 1549 1098 1582 Non
1116 1553 1214 1593 magis
1231 1550 1331 1583 refert
1347 1551 1428 1591 Juris
1446 1551 1577 1590 Civilis,
1594 1559 1699 1585 utrum
1714 1553 1854 1586 fructua-

977 1592 1026 1624 rio
1050 1593 1172 1624 lucrum
1197 1593 1378 1625 reditumve
1403 1592 1528 1624 adferat
1545 1602 1683 1633 corpus,
1706 1604 1744 1626 an
1761 1595 1853 1627 oble-

977 1633 1161 1666 (tationem.
1193 1635 1238 1666 est
1255 1634 1339 1666 enim
1355 1634 1424 1665 haec
1442 1634 1536 1666 animi
1553 1634 1695 1674 fruetus3
1718 1645 1779 1668 nec
1796 1635 1853 1669 irn-

975 1675 1168 1716 probabilis,
1183 1684 1247 1707 non
1266 1676 1488 1707 intercedente
1506 1685 1596 1708 more
1619 1676 1748 1709 humani
1765 1678 1854 1719 inge-

975 1717 1037 1755 nii,
1054 1726 1114 1748 nec
1131 1716 1250 1749 frustus
1266 1717 1437 1749 fruendive
1452 1718 1679 1757 appellatione.
1703 1718 1769 1750 hoc
1778 1728 1855 1760 pro-

978 1758 1049 1789 bavi
1069 1759 1168 1798 supra:
1187 1758 1239 1790 sed
1257 1759 1301 1790 nil
1319 1765 1425 1797 vetat,
1451 1759 1533 1791 idem
1553 1758 1669 1790 firmari
1684 1760 1852 1792 auctorita-

978 1806 1010 1830 te
1029 1798 1183 1841 Marciani
1201 1800 1220 1830 l.
1238 1808 1288 1838 41.
1304 1798 1346 1829 D.
1364 1801 1397 1829 de
1411 1799 1591 1840 usufruetu:
1614 1800 1770 1840 dicentis,
1787 1802 1855 1833 Sta·

977 1839 1228 1882 tuae&imaginis
1243 1839 1460 1880 nsitmfruttum
1469 1841 1546 1882 poffe
1563 1841 1671 1883 legari,
1688 1844 1781 1885 magis
1795 1842 1853 1883 est:

978 1882 1048 1922 quia
1065 1881 1101 1915 ὃ
1119 1882 1182 1921 ipſse
1200 1882 1303 1912 hahent
1331 1882 1459 1922 aliquam
1482 1883 1656 1922 utilitatem,
1674 1882 1703 1922 fi
1727 1894 1781 1926 quo
1795 1885 1855 1916 loco

980 1929 1134 1962 opportuno
1155 1930 1313 1962 ponantur.
1362 1923 1543 1955 Marcianus
1567 1925 1722 1964 imagines
1747 1925 1854 1957 distin-

981 1964 1048 1994 cruit
1064 1973 1079 1994 a
1099 1963 1226 1996 statuis:
1245 1973 1278 1994 ut
1297 1963 1378 1994 fecit
1397 1973 1527 2005 quoque
1537 1965 1650 1998 Paulus
1667 1966 1686 1997 l.
1700 1975 1743 2006 ¹7=
1761 1966 1855 2008 §.um

1016 2029 1022 2036 .
1046 2006 1079 2035 de
1096 2006 1209 2043 mitris,
1235 2005 1264 2036 ὅ(
1285 2005 1488 2037 Modestinus
1506 2007 1525 2037 Ι.
1542 2016 1570 2046 7.
1586 2007 1614 2048 §.
1633 2017 1662 2045 4.
1685 2007 1726 2039 D.
1745 2010 1797 2039 Aa
1813 2008 1853 2039 le-

977 2055 1041 2087 gem
1063 2046 1178 2086 Juliam
1202 2045 1376 2086 majestatis:
1399 2047 1531 2085 latiore,
1553 2047 1595 2079 fic
1619 2048 1755 2088 opinor,
1780 2049 1857 2081 ima-

979 2088 1080 2128 ginis,
1104 2096 1198 2127 quam
1223 2087 1330 2118 statua:
1349 2087 1589 2128 fignificatione.
1624 2098 1710 2121 notae
1725 2099 1814 2122 certe
1829 2091 1854 2122 i-

980 2129 1121 2169 magines
1138 2138 1177 2159 ex
1195 2137 1264 2159 cera
1283 2127 1364 2160 fictae
1381 2131 1410 2160 in
1429 2130 1514 2161 atriis
1530 2130 1705 2165 nobilium:
1723 2132 1763 2163 de
1782 2132 1852 2172 qui-

979 2169 1038 2201 bus
1062 2170 1155 2209 plene
1181 2168 1221 2200 V.
1248 2169 1307 2201 CL.
1327 2169 1428 2209 justus
1455 2169 1595 2211 Lipsius,
1619 2172 1668 2203 lib.
1691 2182 1716 2204 1.
1739 2172 1855 2204 Etenn-

979 2220 1044 2241 rum
1067 2221 1091 2242 c.
1113 2220 1161 2246 29.
1187 2211 1336 2242 dicuntur
1353 2212 1383 2242 ἅ
1400 2211 1491 2251 pittae
1508 2213 1671 2253 imagines.
1697 2213 1785 2246 forte
1804 2214 1852 2247 est

978 2261 1127 2292 quoquc,
1151 2252 1204 2282 ubi
1223 2251 1280 2283 lint
1298 2251 1427 2292 sculptae
1445 2262 1486 2285 ex
1504 2263 1680 2294 marmore,
1704 2263 1758 2287 aut
1774 2255 1852 2287 fusae

978 2303 1019 2323 ex
1042 2302 1136 2331 auro,
1160 2301 1312 2333 argento,
1336 2303 1409 2325 aere.
1440 2294 1483 2325 ita
1507 2296 1602 2335 possit
1626 2296 1725 2327 statua
1741 2297 1850 2339 imago

979 2334 1052 2365 dici.
1084 2342 1116 2365 at
1142 2343 1207 2365 non
1233 2335 1305 2366 vice
1329 2335 1418 2366 versa
1433 2344 1504 2375 quae
1521 2336 1643 2376 pietur-a
1659 2337 1723 2375 est,
1749 2337 1850 2370 statua

979 2376 1113 2406 (licetur.
1131 2375 1167 2406 fit
1184 2375 1279 2416 igitur
1295 2377 1400 2416 imago
1418 2385 1534 2417 praeter
1548 2376 1672 2416 fictam,
1691 2379 1786 2411 etiam
1807 2381 1854 2420 pi-

980 2417 1028 2447 cta
1052 2425 1105 2446 aut
1131 2415 1250 2457 sculpta
1275 2425 1327 2448 aut
1353 2416 1428 2448 fusa.
1465 2418 1563 2449 statua
1592 2426 1712 2451 tantum
1731 2419 1851 2461 sculpta

976 2466 1030 2488 aut
1052 2456 1129 2488 fusa.
1159 2458 1292 2490 alterum
1315 2458 1506 2499 Papinianus
1531 2460 1551 2491 l.
1574 2468 1621 2492 12.
1645 2460 1687 2492 D.
1713 2462 1746 2492 de
1760 2472 1853 2501 auro,

975 2504 1093 2541 argento
1110 2522 1120 2538 ,
1149 2501 1280 2530 mando:
1303 2501 1436 2531 alterum
1462 2500 1659 2540 Pomponius
1682 2502 1702 2535 l.
1730 2513 1776 2542 14.
1803 2503 1850 2536 D.

973 2542 1032 2570 eod.
1043 2541 1089 2571 tit.
1115 2548 1284 2581 utrumque
1300 2539 1481 2573 Lactantius
1497 2541 1631 2581 indicat,
1650 2543 1697 2574 De
1712 2546 1851 2577 mortibus

970 2582 1180 2621 persecutorum
1196 2591 1220 2612 c.
1235 2591 1284 2619 42.
1309 2583 1407 2613 verba
1422 2582 1577 2615 Laetantii
1594 2593 1742 2622 corrupta
1760 2586 1853 2626 sunt,

976 2621 1028 2653 sed
1052 2632 1088 2654 ea
1111 2622 1151 2653 fic
1177 2622 1312 2653 restituit
1340 2622 1397 2654 Vir
1417 2624 1652 2665 Ampliffimus,
1677 2625 1851 2660 Gisbertus

977 2662 1141 2704 cuperus,
1166 2663 1284 2709 Consul
1312 2662 1569 2705 Daventrienfis,
1593 2668 1711 2700 amicus
1738 2679 1851 2709 meus,

975 2713 1070 2742 quem
1098 2706 1231 2736 honoris
1256 2704 1346 2736 causa
1371 2707 1497 2746 appello
1515 2731 1525 2745 ‚
1555 2709 1639 2740 Senis
1662 2710 1850 2742 Maximiani

970 2744 1077 2786 statute
1102 2744 1285 2786 Constantini
1302 2746 1385 2788 juffu
1408 2749 1636 2783 reveltebanzur:
1658 2750 1696 2785 &⁹
1710 2754 1850 2793 imagines

977 2797 1042 2818 cam
1059 2796 1169 2828 quoque
1184 2786 1277 2827 pians
1297 2788 1379 2828 estet,
1403 2791 1638 2823 detrahebantur.
1671 2791 1708 2827 ὅ)
1725 2794 1850 2835 quiese-

979 2838 1029 2859 nes
1052 2829 1130 2859 (inibo
1149 2826 1239 2865 fimat
1259 2829 1426 2872 pleramque
1442 2832 1515 2872 pith
1532 2840 1636 2872 erant,
1660 2833 1851 2874 &imagines

971 2868 1060 2908 fimat
1076 2871 1286 2909 deponebantur
1302 2873 1459 2904 amborum.
1484 2872 1629 2915 Optime.
1653 2884 1714 2905 nec
1731 2875 1851 2913 fiiebo,

979 2910 1067 2947 quod
1093 2910 1234 2942 Eximius
1259 2913 1311 2944 ille
1335 2912 1392 2944 Vir
1411 2913 1601 2956 Venulejum
1618 2915 1757 2946 nostrum
1775 2915 1793 2945 l.
1814 2919 1850 2947 6.

978 2951 1022 2983 D.
1046 2952 1084 2982 ad
1109 2952 1161 2992 teg.
1181 2951 1252 2999 Jul.
1272 2954 1341 2995 maj.
1366 2956 1610 2995 perhibentem,
1635 2956 1785 2996 imagines
1809 2965 1850 2987 ae-

978 3001 1041 3030 que
1057 2992 1187 3024 conflari
1203 3003 1239 3024 ac
1256 2994 1391 3035 statuas,
1408 2998 1496 3037 quod
1509 3004 1633 3038 poterat
1651 2996 1698 3027 his
1718 2997 1849 3035 injicere

980 3033 1157 3079 scrupulum
1169 3058 1178 3072 ,
1201 3036 1240 3067 ad
1262 3037 1398 3078 clypeos
1426 3048 1540 3071 aureos
1558 3038 1608 3068 vel
1625 3045 1795 3077 argenteos
1811 3039 1846 3071 in.

981 3075 1091 3115 quibus
1107 3075 1287 3117 Principum
1305 3080 1456 3119 imagines
1474 3079 1702 3119 pingebantur,
1722 3081 1848 3112 erudite

979 3115 1087 3148 refert.
1122 3116 1197 3148 Vult
1215 3120 1310 3159 igitur
1327 3119 1533 3157 Marcianus,
1557 3120 1647 3157 (nam
1668 3128 1709 3150 eo
1728 3121 1848 3161 redeo)

978 3158 1072 3199 legari
1089 3157 1315 3192 usumfructum
1331 3161 1425 3192 etiam
1443 3160 1550 3191 statuae
1562 3159 1763 3201 &imaginis3
1778 3171 1848 3194 cau-

976 3198 1077 3240 satus,
1100 3200 1232 3272 &ips'ds
1255 3203 1391 3247 aliquam
1408 3201 1526 3234 habere
1542 3201 1721 3235 utilitatem.
1760 3203 1848 3248 Mar-

1190 3249 1201 3272 t
1223 3251 1241 3273 2
1786 3252 1849 3275 eran
