2052 3487
362 131 441 167 Di:
490 108 915 173 Foznont‘er
965 128 1465 169 Usuiz1s.L113.II.
1738 144 1808 182 175

29 229 81 257 aut
96 221 258 262 vicesimam
273 245 283 262 ‚
315 231 385 263 quae
408 220 453 254 est
474 219 698 266 hereditatum.
722 225 795 250 nam
813 218 889 251 utri-

28 275 130 306 usque
161 265 312 306 frequens
347 263 491 300 mentio,
526 261 557 293 &
588 269 619 292 iti
646 267 786 306 ,utraque
819 259 888 291 sub-

28 308 182 339 audienda
207 316 275 347 pars
293 305 356 345 est3
380 312 415 336 ut
438 304 530 344 plena
553 302 676 333 locutio
694 300 731 333 fic
753 300 886 348 centesi-

28 359 77 380 ma
111 348 266 380 venalium
300 356 395 388 pars,
431 346 462 377 &
494 343 640 375 vicesima
671 343 885 374 hereditatum

27 400 116 431 pars,
138 389 296 430 vestigalis
311 387 439 420 nomine
457 385 685 427 persolvenda,
715 385 803 425 quod
819 384 885 425 pul-

26 431 104 463 chre
121 430 301 462 observavit
320 429 375 461 Vir
392 427 536 460 Summus
551 426 744 466 ,johannes
769 425 886 473 Frede-

28 474 111 505 ricus
130 472 333 510 Gronovius,
364 470 517 511 praeclaro
536 477 635 509 opere
652 491 661 506 ,
694 467 740 499 De
761 474 886 506 pecunia

27 521 122 545 vetere
144 514 190 545 lib.
208 523 238 554 3.
261 523 285 544 c.
306 521 351 554 13.
375 511 464 554 Quid
476 534 485 549 ,
502 509 522 542 si
539 519 603 541 non
621 509 800 547 centefimam
816 508 883 540 sim-

26 556 153 595 pliciter
172 555 328 592 dicamus,
353 551 406 585 sed
422 554 539 589 ulziram
555 550 754 597 centesimam?
777 560 816 582 ne
831 551 884 582 ad-

28 596 90 628 huc
109 597 237 637 quidem
260 596 384 635 integer
401 594 503 625 sermo
524 592 592 629 est;
623 592 679 624 etsi
697 592 824 623 videtur
844 592 885 624 V.

29 638 89 670 CL.
116 637 249 669 Claudio
268 635 414 668 Salmasio
428 658 439 674 ,
468 635 516 666 De
539 636 616 665 inodo
633 638 788 674 usurarum
809 643 834 665 c.
851 636 882 680 ⁶:

21 686 54 720 p.
70 687 139 718 227.
164 676 289 719 &seqq
313 686 385 709 cum
410 678 495 708 enim
520 676 608 707 usura
630 675 665 707 sit
688 675 807 722 reditus
830 684 884 720 qui

26 730 66 752 ex
88 719 140 751 usu
158 727 302 759 pecuniae
319 719 512 760 percipitur;
535 716 658 757 quaeso,
690 718 757 763 quis
782 718 885 748 ienlus

25 761 140 799 suerit,
164 760 184 792 si
202 761 271 801 quis
292 760 377 791 dicat
393 784 403 800 ‚
437 759 637 791 centesimam
656 759 798 806 usuram,
821 757 886 790 five

25 801 230 839 centesimum
253 802 390 833 reditum
410 826 419 841 ,
450 811 511 833 nec
537 809 689 842 praeterea
711 801 886 841 quidquam

27 843 212 875 subaudiat?
235 843 330 885 igitur
345 844 375 875 ἀ
393 843 446 874 hic
461 843 610 875 assentior
627 841 819 880 Gronovio,
842 841 884 872 V.

28 885 86 918 CL.
113 884 330 923 existimanti,
362 885 562 916 contractum
593 883 655 915 effe
686 883 884 922 sermonem3

27 928 80 966 qui
97 949 107 965 ‚
130 934 165 958 ut
179 928 304 968 integer
319 925 392 965 fiat,
416 927 460 958 ita
477 925 667 967 supplendus
690 925 743 965 sit,
774 932 884 971 cente-

27 968 100 1000 sima
122 967 214 1000 sortis
237 968 345 1009 portio
371 965 460 999 usura
478 991 487 1007 ,
517 967 580 999 five
604 966 775 998 centesima
793 965 884 998 sortis

26 1009 135 1051 portio
151 1008 250 1041 usurae
267 1010 398 1041 nomine
414 1009 541 1050 singulis
564 1008 720 1040 mensibus
745 1010 885 1049 penden-

28 1051 77 1083 da.
118 1049 191 1082 Nec
214 1060 294 1091 opus
310 1051 521 1092 argumentis:
543 1060 610 1082 rem
630 1049 823 1082 demonstrat
838 1048 882 1080 se-

30 1101 129 1133 quens
153 1091 306 1123 Ambrosii
337 1093 427 1124 locus
443 1115 453 1132 ,
490 1091 536 1123 De
561 1091 646 1123 Tobia
667 1102 690 1122 c.
712 1101 757 1128 19.
787 1100 882 1131 quem

30 1132 177 1174 apposui,
192 1134 262 1173 quia
278 1143 349 1165 eum
366 1143 430 1165 non
445 1134 550 1165 attulit
566 1132 623 1164 Vir
639 1133 796 1164 Summus.
815 1141 882 1163 vei·-

30 1175 71 1206 ba
97 1173 263 1206 Ambrosii.
311 1174 384 1206 Haec
401 1177 524 1215 pecunia
547 1178 664 1213 usuram
690 1175 795 1206 hebet:
824 1183 882 1206 non

31 1221 64 1246 ut
80 1214 253 1254 centesimam
271 1216 332 1256 ejus
347 1217 422 1257 quod
435 1217 542 1247 dederis
554 1216 709 1255 portionem
719 1239 729 1254 ,
743 1216 798 1256 sed
817 1225 881 1246 cen-

30 1256 143 1297 tuplum
159 1257 243 1296 ferat
255 1256 402 1296 frustum.
452 1256 543 1288 Clare
567 1255 719 1297 significat
746 1257 881 1288 Ambro-

29 1297 86 1329 fius
103 1321 113 1335 ‚
143 1296 317 1334 centesimam
337 1307 401 1329 non
426 1298 566 1329 indicare
588 1297 788 1330 centesimam
813 1299 881 1330 usu-

27 1347 109 1376 ram,
133 1338 219 1378 quod
237 1338 337 1369 voluit
358 1338 536 1370 Salmasius:
559 1337 611 1370 sed
635 1340 700 1380 ejus
721 1340 809 1380 quod
827 1341 880 1372 de-

29 1380 109 1410 derit
126 1380 287 1418 creditor,
318 1380 518 1412 centesimam
544 1388 685 1420 partem,
712 1391 770 1422 pro
793 1381 880 1413 usura

27 1419 206 1452 solvendam
233 1420 357 1462 singulis
385 1421 549 1454 mensibus.
582 1422 613 1454 id
639 1424 722 1454 enim
743 1423 880 1454 intendit

25 1461 229 1500 Ambrosius,
260 1462 288 1493 ἃ
314 1471 443 1503 apparet
467 1473 503 1495 ex
529 1474 553 1495 c.
580 1473 626 1495 12.
649 1465 773 1506 ejusdem
794 1465 881 1496 libri.-

25 1502 100 1540 ubi,
124 1502 272 1541 Veniunt,
296 1504 418 1544 inquit,
449 1505 604 1543 Kolenda
632 1507 712 1546 parit
728 1510 792 1545 sors
819 1516 881 1538 cen-

25 1543 157 1582 tefimam.
179 1546 302 1576 veniunt
317 1548 420 1585 menses
427 1546 539 1587 singuli
550 1569 559 1586 ,
579 1553 759 1588 generantur
774 1548 878 1588 usuroe.

22 1584 110 1618 Idem
133 1586 246 1625 probat
265 1586 543 1629 Harmenopulus,
577 1590 761 1630 Promptum.
783 1590 830 1621 lib.
850 1600 878 1630 3.

23 1628 69 1659 tit.
87 1638 114 1667 7.
138 1627 185 1658 his
205 1628 321 1659 verbis.
369 1629 526 1668 Ceniefima
553 1634 643 1667 usura
664 1629 702 1670 est
719 1654 728 1667 ,
759 1641 823 1662 cuin
850 1633 880 1662 oh

21 1675 133 1699 centum
162 1678 292 1700 nummos
323 1676 379 1701 toto
403 1681 478 1702 anno
505 1673 650 1703 duodecim
678 1670 879 1713 projicimur,

18 1715 167 1750 propterea
193 1712 268 1751 quod
285 1718 339 1751 pro
369 1720 485 1744 centum
513 1714 638 1744 nummis
667 1723 745 1744 unus
769 1724 879 1755 quoquo

19 1751 112 1784 mense
128 1761 263 1782 nummus
279 1754 381 1789 cietur,
414 1755 465 1794 qui
482 1753 511 1791 fi
527 1764 592 1785 cum
607 1754 748 1793 univerfis
766 1763 879 1786 centum

20 1792 189 1831 conferatur
200 1815 210 1831 ,
232 1794 344 1824 omnino
360 1793 537 1832 centefimam
552 1796 633 1826 habet
648 1798 799 1828 rationem.
823 1807 878 1827 uii-

20 1834 55 1863 (ἴε
71 1832 107 1865 &³
118 1833 187 1874 jure
204 1833 364 1874 hujusmodi
380 1838 469 1874 usura
486 1835 632 1872 centesima
648 1836 724 1868 ditia
738 1836 786 1878 eft.
818 1837 877 1869 Di-

20 1881 137 1905 cuntur
160 1874 255 1915 igitur
278 1873 374 1907 usurae
397 1876 599 1909 centefimae:
632 1880 705 1917 quia
724 1879 877 1910 creditori

19 1914 146 1956 finguiis
161 1914 317 1949 mensibus
332 1918 469 1950 reddunt
485 1918 685 1950 centesimam
703 1918 792 1951 sortis
810 1929 878 1961 par-

21 1964 107 1995 tem,
130 1957 161 1988 id
186 1956 231 1988 est
244 1981 255 1996 ,
287 1960 327 1990 de
343 1961 487 1993 centenis
505 1961 639 1993 nummis
655 1970 802 1993 nummos
820 1962 878 1993 sin-

16 1999 111 2039 gulos
127 2021 136 2036 ‚
159 1997 222 2030 five
244 1999 412 2032 duodenos
436 2011 574 2033 annuos:
597 2001 702 2043 finge,
726 2003 766 2034 de
789 2004 879 2043 quin-

18 2049 83 2078 que
106 2040 245 2071 millibus
268 2043 470 2074 denariorum
490 2043 658 2076 sexcentos
683 2053 822 2081 annuos,
846 2046 878 2075 in

19 2080 209 2122 Inl'crzptione
223 2091 317 2122 quarn
334 2083 495 2124 superiore
511 2085 617 2125 capite
634 2086 724 2116 attuli
741 2095 780 2116 ex
796 2084 878 2117 Gru-

19 2130 162 2164 teropag.
178 2132 244 2163 175.
269 2122 362 2156 Unde
377 2125 575 2165 consequens
586 2125 649 2165 est,
660 2134 694 2157 ut
705 2127 754 2158 hae
770 2135 876 2159 cente-

18 2162 100 2195 fimae
117 2163 291 2196 centesimo
309 2166 435 2205 mense,
459 2168 489 2198 id
508 2167 572 2207 est,
595 2166 695 2208 spatio
718 2168 879 2208 ostennii,

20 2205 134 2236 additis
151 2213 284 2245 quatuor
309 2207 485 2248 mensibus,
517 2208 633 2240 sortem
652 2218 792 2249 aequent,
833 2209 876 2242 Si·

21 2246 135 2277 donius
158 2247 346 2287 Apollinaris
369 2250 416 2281 lib.
434 2261 462 2289 4.
496 2248 586 2291 Epist.
607 2260 655 2289 24.
689 2252 720 2282 id
746 2251 878 2292 spatium

22 2295 122 2318 vocat
136 2286 251 2328 bilustre
270 2292 409 2322 rotundo
425 2301 578 2331 numero,
603 2292 650 2323 his
671 2293 786 2325 verbis.
835 2292 879 2324 Ul*

22 2328 206 2369 chirographo
215 2329 299 2368 festo
317 2334 449 2369 docetur,
473 2340 561 2365 cauta
576 2333 724 2371 centesima
738 2332 777 2374 est
786 2335 878 2373 foene-

23 2371 115 2400 ratori
127 2380 190 2411 quae
203 2377 254 2410 per
268 2370 381 2413 bilustre
391 2374 532 2414 produtla
548 2381 677 2416 tempus,
692 2378 806 2406 modum
814 2376 877 2416 fiir-

23 2412 61 2441 tis
86 2412 124 2442 ad
139 2412 256 2451 duplam
281 2415 414 2447 adduxit.
459 2416 605 2447 Sidonius
623 2415 746 2453 lustrum
771 2418 878 2458 appel·

21 2451 66 2483 lat
87 2451 217 2493 spatium
242 2462 378 2492 quatuor
401 2465 554 2488 annorum
573 2468 581 2489 ε
613 2458 667 2489 etsi
691 2460 820 2500 proprie
841 2458 878 2490 sit

26 2493 175 2534 quinque.
208 2494 330 2536 lustrum
347 2499 431 2529 enim
451 2499 527 2530 dicit
551 2509 608 2539 pro
630 2500 811 2541 olympiade:
843 2509 878 2531 ut

24 2535 105 2574 saepe
133 2535 278 2569 Veteres.
310 2538 446 2580 olympias
476 2548 584 2572 autem
619 2542 708 2573 annis
740 2549 879 2582 quatuor

26 2575 306 2611 circumscribitur:
330 2589 390 2611 nec
408 2591 489 2621 opus
510 2582 572 2621 est,
596 2591 631 2613 ut
654 2583 782 2623 quintus
798 2592 880 2623 quo·

28 2624 88 2653 que
106 2618 281 2651 effluxerit:
304 2619 356 2652 sed
382 2621 512 2661 sufficit,
536 2623 555 2655 si
580 2624 760 2666 incoeperit.
792 2625 879 2665 quod

29 2655 110 2687 bene
138 2661 303 2692 annotavit
324 2662 465 2695 Andreas
485 2665 627 2696 Alciatus
643 2689 652 2704 ‚
685 2666 732 2697 lib.
752 2676 781 2707 3.
808 2664 878 2696 Dis·

23 2696 125 2741 Ρμῐιὲἶ.
144 2709 171 2745 ρ.
191 2709 217 2732 1.
248 2702 278 2737 ὃς
301 2703 463 2743 aliquanto
481 2707 603 2747 plenius
626 2705 783 2748 Josephus
806 2706 880 2738 Sca-

32 2736 111 2782 liger
129 2739 175 2786 lib.
192 2752 221 2780 5.
252 2742 299 2773 De
320 2748 510 2778 emendatione
533 2749 664 2788 temporis
677 2772 687 2787 ,
714 2756 784 2790 pag.
807 2753 878 2786 482.

29 2785 106 2809 item
126 2778 285 2815 eduardus
298 2784 468 2820 Simsonius
486 2789 618 2820 Chronic.
637 2789 774 2821 Catholic.
797 2795 877 2830 parc.

32 2829 62 2858 3·
91 2821 127 2850 ‘ld
150 2821 189 2866 A:
212 2822 259 2855 M·
276 2834 364 2865 3229-
389 2835 459 2871 pag.
475 2839 524 2869 41.
573 2830 688 2862 Errant
716 2832 811 2872 igitur
832 2830 879 2869 Ja-

31 2860 134 2907 cobus
158 2861 340 2909 Sirmondus
363 2868 393 2900 δι
417 2869 577 2910 Johannes
593 2871 712 2903 Savaro
728 2896 738 2911 ,
769 2872 879 2910 Notis,

30 2902 69 2931 ‘ld
87 2902 236 2934 &domum
249 2927 259 2942 ,
289 2909 382 2940 etiam
398 2909 534 2950 Jacobus
559 2912 704 2953 Cujacius
720 2937 730 2953 ,
760 2914 799 2944 ad
814 2912 881 2944 No-

29 2941 95 2973 vell.
116 2947 181 2975 160.
206 2954 278 2976 cum
298 2953 406 2993 tempus
419 2951 534 2993 bilustre
548 2955 630 2995 apud
646 2954 812 2986 Sidonium
829 2962 881 2984 ex·

25 2991 152 3031 ponunt
170 2985 379 3030 decennium;
400 2991 428 3024 ὅ(
452 2993 517 3026 hoc
531 2995 680 3028 summam
702 2995 792 3028 sortis
814 3004 880 3027 non

27 3033 140 3070 aequnri
161 3049 170 3063 ‚
202 3028 252 3059 sed
276 3028 420 3069 superari.
462 3034 624 3068 Sidonium
643 3045 747 3069 tamen
767 3045 879 3068 excur-

26 3074 124 3111 rentis
146 3066 234 3108 supra
258 3072 388 3109 duplum
413 3072 537 3107 summae
559 3078 714 3110 rationem
740 3087 803 3109 non
829 3077 880 3108 lia-

29 3106 126 3138 buisle
143 3131 152 3147 ,
183 3111 271 3149 quod
298 3111 413 3154 sciret,
450 3116 551 3149 usuras
578 3128 765 3152 communes
795 3118 884 3160 supra

29 3148 156 3196 duplum
182 3160 243 3182 nec
259 3152 388 3193 deberi,
413 3165 474 3189 nec
490 3159 572 3201 exigi
594 3161 692 3200 posse.

73 3188 125 3236 Est
145 3190 172 3221 ἃ
184 3192 249 3224 hoc
265 3195 439 3233 probaliter
457 3200 605 3232 traditum
617 3202 656 3232 ab
675 3202 884 3236 eruditiffiinis

35 3228 213 3265 horninibus
225 3258 235 3273 ‚
259 3237 347 3277 quod
366 3241 536 3274 centesima
557 3242 619 3275 alio
633 3245 762 3279 nomine
777 3245 882 3286 appel-

931 218 994 250 lata
1011 216 1073 249 fuit
1087 219 1178 260 usura
1195 218 1261 260 offis
1275 230 1292 252 a
1309 222 1514 254 vetustissima
1533 222 1668 264 pecunia
1687 231 1748 263 qua
1766 234 1801 255 u-

930 259 979 291 sus
996 258 1058 290 fuit
1076 259 1216 302 Populus
1233 262 1414 295 Romanus:
1440 274 1509 305 quae
1536 265 1672 305 pecunia
1689 265 1750 296 suit
1767 274 1801 297 as

928 301 1065 339 libralis,
1091 302 1153 333 five
1179 304 1255 336 libra
1270 314 1357 344 aeris,
1382 306 1518 346 primum
1543 307 1646 345 rudis,
1670 316 1747 338 mox
1765 306 1801 338 fi-

927 344 1014 383 gnati'
1040 343 1110 384 lege
1137 344 1236 377 Servii
1254 345 1352 378 Tullii
1378 348 1489 388 utique
1505 358 1604 389 usque
1620 349 1658 380 ad
1677 349 1799 380 bellum

928 383 1084 416 Punicum
1103 387 1251 425 primum.
1277 395 1343 419 turn
1362 391 1447 420 enim
1464 390 1673 421 constitutum
1683 390 1797 429 fuisse,

928 433 963 455 ut
978 425 1053 456 alles
1073 425 1251 460 sextantarii
1267 428 1460 470 ferirentur,
1477 431 1595 463 Plinius
1612 431 1798 471 auster-est,

927 466 973 497 lib.
1001 477 1051 508 33.
1077 468 1154 500 Nat.
1182 468 1246 511 hist.
1271 481 1295 502 c.
1321 482 1350 512 3.
1375 471 1430 503 etsi
1455 472 1583 512 Festus,
1613 475 1643 505 in
1675 473 1799 512 verbo,

919 510 1102 554 Jexiciiiiarii
1120 510 1207 550 effes,
1225 513 1255 543 id
1272 512 1359 544 bello
1379 512 1501 546 Punico
1518 516 1658 547 secundo
1675 514 1799 547 fastum

927 550 1051 581 scribat.
1077 560 1172 590 quem
1188 554 1254 593 ejus
1275 563 1416 586 errorem
1435 557 1474 586 ad
1496 557 1632 589 Plinium
1656 557 1801 588 animad-

926 593 1024 622 vertit
1052 590 1250 633 Harduinus,
1285 596 1333 627 vir
1362 597 1495 637 diligens
1515 598 1543 629 &
1567 599 1688 630 dofitus.
1722 606 1798 630 ante

926 632 1022 673 igitur
1037 635 1109 673 quia
1133 644 1257 667 tantum
1283 646 1314 669 as
1333 637 1450 669 libralis
1469 639 1660 680 obtinebat,
1683 640 1704 672 fi
1725 636 1799 681 duis

927 682 1057 705 centum
1073 675 1184 707 assibus
1205 676 1324 710 foenori
1342 679 1422 711 datis
1434 702 1443 716 ,
1468 681 1654 714 centesimas
1670 682 1800 723 stipula-

927 723 1034 753 retur,
1067 717 1097 747 in
1126 717 1262 759 singulos
1294 719 1369 753 asses
1397 721 1620 763 stipulabatur:
1659 733 1730 755 nam
1763 724 1800 755 hi

929 765 1018 802 erant
1035 758 1216 803 centesimae
1236 760 1328 793 sortis
1348 771 1462 803 partes.
1488 766 1576 805 quod
1594 764 1615 796 fi
1639 774 1704 796 non
1723 774 1802 797 cen-

930 798 1053 829 tes-imas
1071 799 1126 830 sibi
1146 801 1211 832 dari
1229 803 1343 841 vellet,
1368 804 1419 836 sed
1436 808 1576 838 minores
1592 805 1714 838 usuras:
1729 816 1799 839 non

929 847 1065 886 poterat·
1076 850 1127 872 eas
1144 842 1209 874 aliis
1226 846 1428 885 nominibus,
1454 856 1547 888 quain
1562 849 1697 889 partium
1707 848 1798 888 affis,

927 880 1065 921 stipulari
1082 892 1089 912 ε
1114 884 1187 923 quia
1204 887 1341 925 populus
1362 888 1419 919 alia
1438 891 1590 929 pecunia,
1616 900 1709 931 quam
1725 891 1800 929 illa,

927 930 993 953 non
1018 923 1177 955 utebatur.
1224 927 1333 959 l-labes
1367 930 1524 963 rationem
1558 933 1698 963 inventae
1729 932 1798 964 asiis

926 962 1035 1010 usurae.
1059 973 1243 1005 argumenta
1267 969 1332 1009 ejus
1350 972 1573 1011 appellationis
1592 975 1717 1014 quaeris.
1752 975 1800 1005 in·

927 1005 1036 1036 dicant
1053 1015 1250 1052 campartes
1269 1012 1469 1051 cenoesnnae,
1494 1014 1559 1046 sive
1578 1015 1719 1047 minores
1731 1015 1800 1046 usu-

925 1055 987 1092 rae:
1011 1055 1082 1087 quae
1107 1048 1289 1095 nihil-aliud
1314 1062 1408 1093 quam
1432 1055 1522 1094 assis,
1546 1056 1597 1088 seu
1623 1057 1729 1096 librae,
1754 1057 1799 1089 di-

927 1087 1080 1120 wfionem
1106 1098 1284 1124 continent.
1311 1102 1400 1126 certe
1419 1095 1610 1129 Scholiasles
1642 1098 1798 1138 Graecus,

926 1129 984 1176 lib..
1003 1134 1052 1171 38.
1071 1129 1185 1169 Bafilic.
1209 1135 1256 1164 tit.
1278 1143 1323 1175 17·
1347 1137 1385 1167 ad
1402 1137 1421 1169 l.
1441 1147 1467 1169 2.
1489 1139 1523 1171 C.
1543 1141 1576 1170 de
1590 1141 1688 1181 usuris
1698 1141 1798 1182 pupil-

926 1171 1057 1211 laribus,
1081 1178 1149 1204 tom.
1165 1183 1196 1213 5.
1215 1180 1287 1216 pag.
1310 1181 1376 1213 189.
1400 1178 1520 1219 inquit,
1547 1180 1734 1220 Centesimum
1753 1183 1798 1213 di-

924 1214 1035 1243 vidunt
1060 1215 1090 1243 in
1108 1212 1186 1246 Xll.
1203 1218 1316 1249 uncias.
1334 1227 1372 1249 ac
1394 1218 1472 1251 ficut
1494 1222 1586 1253 tertia
1614 1222 1796 1255 centesimae

924 1263 996 1294 pars
1022 1254 1140 1301 legitur
1163 1255 1182 1286 l.
1202 1266 1246 1297 17.
1265 1257 1296 1298 §.
1314 1260 1368 1291 ult.
1392 1260 1434 1293 D.
1456 1263 1489 1293 de
1515 1266 1620 1302 usuris.
1644 1265 1662 1295 l.
1689 1270 1737 1296 26.
1764 1265 1796 1307 §-

927 1309 953 1327 1.
979 1296 1010 1326 C.
1031 1297 1089 1326 eod.
1116 1302 1161 1328 tit.
1180 1297 1200 1328 l.
1225 1302 1254 1329 6.
1282 1299 1310 1340 §.
1338 1310 1363 1331 1.
1386 1301 1418 1333 C.
1438 1304 1472 1333 de
1489 1304 1617 1340 secundis
1636 1309 1753 1347 nuptiis.
1773 1309 1795 1339 l.

924 1337 978 1368 ultv
1004 1335 1039 1383 §3
1058 1346 1085 1367 2.
1113 1337 1145 1368 C.
1175 1339 1207 1368 de
1227 1340 1297 1381 jure
1313 1343 1442 1383 dotium,
1467 1345 1497 1376 ὃς
1521 1347 1607 1377 usura
1628 1357 1668 1378 ex
1686 1356 1798 1387 quarta

924 1380 1103 1424 centeii-inm
1125 1388 1215 1419 parte
1232 1382 1251 1412 l.
1278 1383 1331 1414 nic.
1353 1384 1385 1416 C.
1411 1387 1444 1416 de
1457 1388 1594 1427 petitione
1610 1389 1796 1429 hereditatis,

924 1420 953 1451 &
972 1422 1101 1451 dimidia
1120 1421 1301 1454 centesima>
1326 1434 1396 1465 pars
1411 1449 1421 1466 ,
1445 1428 1522 1460 item
1541 1429 1597 1462 bes
1613 1431 1796 1462 centesiman

923 1462 951 1492 d.
976 1461 995 1492 l.
1017 1465 1067 1492 26.
1086 1461 1114 1503 ἕ.
1139 1471 1164 1493 1.
1188 1462 1228 1494 fic
1249 1467 1397 1499 dicuntur
1419 1470 1518 1500 usurae
1538 1472 1639 1502 uncia:
1655 1472 1674 1503 l.
1693 1483 1741 1512 47.
1764 1472 1795 1515 §.

922 1513 952 1542 4.
981 1502 1018 1534 D.
1049 1504 1082 1533 de
1111 1504 1358 1545 administratione
1385 1515 1534 1549 tutorum,
1559 1515 1749 1552 quadrantes
1772 1515 1794 1546 l.

923 1554 972 1576 21.
991 1545 1019 1586 §.
1044 1555 1074 1582 4.
1094 1544 1135 1576 1).
1161 1548 1195 1576 de
1209 1550 1316 1579 annuis
1332 1550 1454 1592 legatis,
1480 1554 1632 1592 trientes,
1655 1564 1732 1596 aput
1743 1555 1796 1587 Ci-

924 1595 1077 1617 ceronem
1097 1587 1143 1618 lib.
1163 1597 1193 1626 4.
1218 1590 1268 1620 Ad
1284 1591 1418 1623 Atticum
1434 1596 1513 1635 epist.
1543 1604 1588 1635 15.
1606 1596 1625 1626 l.
1646 1605 1675 1636 7.
1699 1596 1726 1638 §.
1746 1607 1796 1629 10.

926 1627 957 1658 D
984 1632 1017 1674 de
1034 1628 1284 1669 aciiiiimstraiione
1302 1639 1453 1673 tutorum,
1472 1645 1669 1676 quincunces
1681 1662 1691 1677 ,
1709 1639 1796 1680 apud

926 1668 1085 1708 Persium,
1106 1677 1160 1708 scit.
1186 1682 1215 1712 5.
1236 1674 1264 1704 d.
1289 1674 1309 1705 l.
1332 1685 1360 1715 7.
1379 1675 1405 1717 ᾗ.
1437 1685 1472 1708 10
1488 1678 1505 1707 ι.
1536 1687 1582 1718 17.
1610 1678 1650 1710 D.
1674 1680 1707 1710 de
1729 1682 1799 1721 usu-

923 1712 974 1743 ris.
997 1713 1016 1742 l.
1040 1721 1107 1743 102.
1129 1711 1157 1753 §.
1178 1723 1207 1752 3.
1236 1714 1276 1745 I).
1295 1717 1329 1746 de
1351 1719 1560 1758 solutionibus,
1584 1719 1741 1761 semisses,
1765 1730 1798 1752 a·

923 1754 988 1793 pud
1014 1752 1150 1785 Plinium
1176 1755 1225 1786 lib.
1258 1765 1304 1795 14.
1329 1758 1407 1790 Nat.
1428 1758 1493 1800 inst.
1514 1770 1538 1792 c.
1556 1770 1584 1799 4.
1604 1763 1633 1793 d.
1651 1762 1670 1794 l.
1692 1771 1737 1803 17.
1757 1762 1796 1797 {5‘

922 1796 949 1824 d.
973 1794 993 1826 l.
1014 1803 1085 1839 v102.
1106 1794 1133 1836 §.
1158 1805 1183 1836 3
1213 1796 1331 1837 besses,
1356 1801 1440 1840 apud
1463 1801 1677 1843 Ciceronem,
1699 1806 1728 1836 d.
1745 1805 1795 1837 lib.

918 1845 947 1874 4.
972 1837 1051 1875 episc.
1073 1844 1117 1874 15.
1143 1838 1303 1878 detineres,
1327 1841 1409 1880 apud
1428 1842 1566 1875 Persium
1582 1846 1610 1876 d.
1629 1846 1684 1884 sat.
1703 1856 1734 1887 5.
1759 1855 1797 1878 ea

921 1886 999 1906 vero
1023 1878 1098 1916 quid
1127 1877 1215 1916 sunt,
1240 1879 1294 1911 nisi
1323 1883 1452 1914 nomina
1479 1886 1615 1925 partium
1634 1887 1701 1920 assis
1728 1887 1798 1919 usu-

920 1917 988 1949 rae?
1012 1920 1096 1948 unde
1112 1919 1264 1965 leiiifflales
1286 1924 1370 1963 apud
1398 1924 1618 1959 Modestinum
1637 1928 1658 1961 l.
1681 1937 1728 1961 10.
1749 1928 1794 1962 D.

921 1961 954 1990 de
964 1959 1233 2008 pollicitationibus:
1253 1963 1314 2003 ipsa
1339 1973 1444 1998 tamen
1467 1978 1533 2000 vox
1547 1968 1796 2010 affiszisuraenus-

922 2009 1017 2040 quam
1035 2001 1156 2032 exstat:
1181 2004 1235 2034 11111
1256 2007 1344 2045 quod
1363 2007 1548 2050 Salmasius,
1576 2012 1620 2043 De
1637 2014 1716 2044 modo
1725 2013 1794 2051 usu-

920 2051 1027 2089 rarum
1042 2049 1095 2082 cap
1119 2052 1147 2082 7.
1168 2051 1238 2085 pag.
1264 2051 1335 2083 2159.
1360 2058 1429 2081 eam
1451 2051 1587 2083 restituit
1606 2053 1637 2084 in
1657 2054 1713 2085 illo
1732 2053 1796 2086 Pli-

921 2092 983 2121 nn,
999 2083 1053 2129 *lib-
1080 2093 1129 2131 ‚¹0·
1153 2084 1245 2126 Epist.
1265 2095 1315 2120 02.
1338 2090 1472 2123 Pecunioe
1483 2093 1622 2133 publicae‚
1649 2094 1794 2136 Domine,

915 2127 1103 2166 providentia
1131 2132 1202 2166 tua,
1228 2127 1265 2163 &⁹
1287 2130 1441 2172 ministerio
1459 2132 1552 2175 nostro
1575 2137 1662 2167 etiam
1687 2136 1794 2169 exubiae

913 2172 991 2207 sunt
1006 2165 1043 2201 ὃ)
1066 2174 1239 2208 exiguntur.
1265 2181 1328 2212 quae
1352 2183 1450 2205 vereor
1468 2199 1476 2214 ‚
1500 2186 1536 2207 ne
1562 2179 1652 2216 otiolie
1663 2179 1794 2220 jaceant.

922 2217 990 2239 nam
1017 2207 1054 2242 {9⁹
1070 2210 1246 2249 praediorum
1275 2217 1532 2254 comparandorum
1555 2225 1607 2249 aul
1630 2220 1713 2251 nulla
1739 2225 1794 2252 aui

922 2248 1065 2290 ruriffima
1082 2249 1186 2289 occasio
1195 2250 1234 2292 est
1246 2277 1255 2291 ‚
1264 2263 1315 2284 nec
1332 2257 1526 2289 inveniuntur
1536 2261 1586 2300 qui
1595 2261 1688 2292 velint
1697 2262 1793 2294 debere

921 2292 1098 2338 reipublicae,
1131 2296 1290 2333 praesertim
1320 2298 1456 2329 duodenis
1485 2298 1589 2340 affibus
1607 2325 1616 2341 ‚
1641 2305 1748 2344 quanti
1772 2313 1793 2335 a

915 2335 1048 2373 privatis
1068 2340 1254 2367 mutuentur.
1298 2336 1351 2368 Sic
1375 2340 1471 2380 vulgo
1495 2342 1620 2382 legitur.
1656 2343 1708 2375 sed
1725 2345 1793 2376 Sal-

920 2373 1031 2406 masius
1051 2373 1174 2414 scribit,
1199 2378 1295 2416 usuris
1316 2378 1429 2419 affibus.
1455 2382 1620 2422 ingeniose
1644 2384 1674 2416 &
1691 2395 1790 2418 vere:

921 2414 976 2446 etsi
993 2416 1098 2447 malim
1114 2416 1321 2462 simpliciter,
1340 2424 1496 2461 praelerlim
1520 2422 1643 2464 affibus,
1665 2427 1792 2467 quanti,

919 2456 985 2488 sine
1009 2457 1187 2497 adjectione
1214 2461 1303 2491 verbi
1331 2464 1452 2501 usuris:
1481 2473 1547 2504 quo
1574 2467 1673 2498 modo
1707 2469 1793 2507 apud

923 2497 1140 2538 Ciceronem,
1170 2499 1219 2531 lib.
1249 2511 1280 2540 5.
1304 2502 1355 2532 Ad
1383 2504 1479 2541 famil.
1504 2504 1583 2546 episi.
1605 2511 1636 2539 6.
1662 2508 1790 2541 Omnino

919 2539 1075 2580 semiffibus
1099 2550 1206 2581 magna.
1227 2544 1305 2582 copia
1322 2541 1380 2584 est‚·
1406 2554 1464 2584 pro
1477 2569 1485 2584 ‚
1500 2547 1661 2588 seiniffibus
1678 2552 1789 2589 usuris.

923 2590 983 2612 nec
1000 2590 1106 2612 tamen
1132 2592 1266 2623 negem,
1282 2584 1409 2625 Jemiffes
1428 2588 1532 2624 usuras
1549 2590 1637 2622 recte
1657 2591 1687 2623 δε
1709 2592 1791 2634 saepe

922 2623 1005 2654 dici:
1030 2629 1064 2653 ut
1081 2623 1107 2667 d.
1134 2623 1152 2654 l.
1174 2632 1219 2655 10.
1241 2628 1284 2656 L).
1303 2627 1336 2656 de
1349 2627 1614 2667 pollicitationibus.
1636 2633 1656 2664 l.
1676 2642 1740 2666 102.
1760 2634 1779 2676 §

921 2673 950 2704 3.
971 2663 1012 2695 D.
1030 2665 1063 2693 de
1069 2664 1274 2703 solutionibus.
1296 2667 1315 2697 l.
1333 2678 1381 2709 34.
1408 2669 1448 2701 D.
1469 2669 1623 2705 Mandati.

960 2704 1023 2736 Sed
1049 2713 1083 2736 ut
1103 2706 1165 2737 hoc
1188 2716 1334 2748 agamus:
1358 2719 1431 2750 cum
1451 2713 1640 2754 centesima,
1663 2715 1726 2748 sive
1743 2725 1790 2748 as.

922 2746 958 2778 fis
979 2745 1085 2785 usura,
1108 2747 1232 2788 fingulis
1250 2750 1407 2784 mensibus
1424 2753 1464 2786 de
1487 2757 1631 2789 centenis
1649 2760 1789 2790 nummis

921 2788 1034 2819 reddat
1057 2798 1221 2822 nummum
1251 2801 1369 2832 unum,
1393 2795 1426 2826 id
1456 2796 1520 2835 est,
1552 2796 1677 2839 singulis
1700 2800 1788 2830 annis

923 2830 1091 2861 duodenos
1101 2839 1267 2877 nummos:
1291 2843 1442 2877 apparet,
1459 2839 1567 2871 uncias
1587 2840 1689 2871 usuras
1705 2840 1787 2878 eise,

923 2880 995 2902 cum
1018 2880 1146 2918 centeni
1170 2875 1291 2906 nummi
1319 2876 1445 2918 singulis
1473 2880 1630 2912 mensibus
1664 2882 1789 2922 pariunt

924 2912 1148 2959 duodecimam
1166 2917 1289 2949 nummi
1311 2927 1453 2958 partem,
1470 2922 1503 2952 id
1521 2921 1583 2961 est,
1599 2922 1722 2963 fingulis
1731 2930 1786 2953 an-

922 2963 970 2985 nis
988 2963 1151 2990 nummum
1168 2967 1275 2990 unum.
1298 2959 1458 2994 sextantes
1478 2961 1582 2994 usuras
1595 2986 1604 3001 ‚
1627 2972 1698 2993 cum
1712 2971 1788 2994 cen-

922 2996 987 3027 teni
1006 2999 1125 3029 nummi
1141 2997 1266 3041 singulis
1284 3001 1442 3034 mensibus
1466 3006 1647 3043 producunt
1665 3003 1788 3036 sextam

921 3038 1039 3069 nummi
1058 3048 1200 3080 partem,
1224 3042 1256 3074 id
1284 3042 1348 3083 est,
1372 3044 1496 3085 singulis
1520 3045 1607 3075 annis
1636 3053 1787 3076 nummos

921 3078 1024 3110 binos.
1049 3082 1237 3121 quadrantes
1262 3083 1385 3124 usuras,
1409 3095 1481 3116 curn
1510 3087 1638 3116 centeni
1664 3086 1788 3118 nummi

923 3121 1048 3162 singulis
1071 3123 1228 3156 mensibus
1247 3125 1408 3158 lucrantur
1423 3134 1563 3165 quartam
1578 3128 1700 3160 nummi
1717 3138 1786 3169 par-

925 3171 1010 3201 tem,
1046 3163 1078 3195 id
1112 3165 1178 3204 est;
1207 3166 1333 3208 singulis
1365 3168 1454 3199 annis
1485 3176 1636 3199 nummos
1665 3177 1787 3204 ternOS.

924 3205 1011 3245 quod
1031 3203 1238 3248 Theophilus
1264 3209 1349 3240 recte
1371 3206 1519 3238 observat
1536 3209 1573 3240 ad
1592 3209 1621 3251 §.
1638 3220 1688 3251 33.
1712 3211 1788 3253 Inst.

923 3248 957 3279 de
975 3245 1144 3280 ustionibus.
1170 3249 1302 3281 trientes
1318 3248 1440 3288 usuras,
1464 3259 1538 3283 cum
1555 3252 1682 3284 centeni
1697 3262 1787 3285 num-

1739 3297 1783 3327 mi
