2036 3495
534 93 622 130 DE

68 183 368 225 fideicommi'ss'arii,
391 183 525 227 persona
543 184 650 226 perire
667 191 773 215 morte
791 191 845 215 aut
862 183 946 225 capi-

70 230 110 261 tis
125 229 315 260 minutione.
346 235 496 259 caeterum
516 225 661 258 extinsto
678 225 719 257 fic
739 224 861 257 summo
877 226 945 265 jure

69 270 233 302 ul‘usruCtu
254 269 396 310 legatarii
420 276 525 301 morte
542 275 596 299 aut
614 267 729 305 capitis
747 267 944 298 minutione:

70 313 176 344 adhuc
198 313 335 353 placuit,
359 311 512 341 tuendum
532 310 562 340 in
585 308 746 340 usufructu
771 308 834 339 effe
856 307 945 339 fidei-

69 354 333 385 commiffarium:
349 352 482 392 perinde
499 359 536 382 ac
551 349 571 381 fi
590 351 618 381 ei
635 350 853 390 principaliter
868 349 946 381 esset

71 396 205 437 legatus.
237 395 313 426 licet
336 394 420 424 enim
445 391 751 423 fideicommiffiirius
767 414 776 429 ,
800 401 840 422 ne
863 390 945 422 facta

71 438 202 477 quidem
228 435 427 467 restitutione
458 432 689 465 fideicommiffi
707 456 717 471 ,
745 432 818 472 Jure
846 432 944 464 Civili

69 486 136 510 non
153 478 189 509 fit
205 476 411 514 fructuarius,
430 475 462 506 id
479 475 544 514 est,
565 476 714 506 dominus
731 473 943 507 ususfructus:

70 527 176 551 tamen
199 519 338 555 Praetor,
362 516 528 558 postquam
554 526 626 548 eum
645 515 724 547 facit
739 515 945 556 poss'ess‘orem

68 560 280 597 ususfructus,
303 558 344 590 fic
360 567 432 589 eum
452 566 558 589 tuetur
576 558 643 589 utili
661 557 788 588 afflone
810 557 827 587 l.
848 567 895 593 29-
913 557 942 598 ᾗ.

70 612 100 635 2.
127 603 168 634 D.
201 601 316 645 Quibus
333 601 421 630 modis
440 599 628 639 zclusfrufzffus
645 599 691 630 vel
708 601 776 637 usus
794 600 944 630 amittitur

66 643 140 683 Jure
157 642 330 679 Praetorio,
354 641 425 672 acii
442 640 514 679 Jure
534 640 628 672 Civili
647 640 724 671 ess‘et
742 640 889 671 dominus
910 650 943 671 u·

65 683 253 716 susfruc'tus:
271 683 400 714 auctore
418 681 501 722 Gajo
517 682 536 713 l.
556 691 606 719 29.
625 681 668 713 D.
688 683 721 712 de
737 681 893 720 usttfrut‘tzc
908 681 943 711 le·

61 732 142 768 gato.
165 734 263 765 porro
280 725 551 763 quemadmodum
565 725 639 764 ,lure
657 722 813 754 Praetorio
829 723 943 754 amitti-

65 777 115 799 tur
137 766 330 798 ususfrustus
352 774 458 797 morte
481 768 510 796 ot
529 766 642 805 capitis
659 765 839 796 minutione
853 763 941 795 fidei—

37 829 42 835 ·
65 807 284 840 commilsarii:
303 808 346 838 ita
363 807 504 847 Julianus
520 809 548 838 d.
567 807 586 837 l.
597 817 626 848 3.
647 806 690 837 D.
708 806 741 837 Si
757 805 942 846 ususfructus

60 856 192 892 petetur,
210 849 240 881 ἃ
258 859 321 881 non
343 849 395 880 usu
409 850 474 888 ejus
491 849 613 880 amitti:
631 856 735 888 neque
752 847 781 878 ei
797 847 836 877 ad
850 847 940 880 amis-

64 891 87 924 fi
111 891 344 923 restitutionem
370 891 463 922 ullam
482 891 546 922 dari
566 889 746 920 affionem:
771 887 940 928 praefatus,

64 932 270 974 poss'essorem
288 931 500 970 ususfruCtus,
524 931 555 962 id
571 930 637 970 est,
661 929 940 962 fideicommissari-

65 985 139 1013 um,
162 975 301 1014 alioquin
321 974 390 1014 plus
404 974 480 1014 juris
500 973 680 1004 habiturum
693 995 703 1011 ,
727 980 820 1012 quarn
839 971 941 1002 domi-

64 1024 158 1056 num,
175 1017 207 1047 id
226 1015 289 1054 est,
308 1015 503 1056 legatarium.
526 1015 633 1054 placet
648 1015 761 1055 igitur,
776 1012 941 1044 fideicom-

65 1057 234 1089 miffarium
252 1066 317 1088 non
336 1057 459 1088 utendo
478 1058 626 1087 amittere
643 1054 888 1086 usumfructum:
905 1052 940 1084 si-

65 1107 122 1131 cut
139 1098 306 1140 legatarius
323 1108 386 1129 non
410 1106 559 1130 oneratus
581 1094 845 1134 fideicommiffo,
869 1103 941 1126 eum

67 1141 231 1173 amitteret
246 1150 309 1170 non
329 1141 462 1171 utendo.

106 1182 220 1214 Similis
247 1182 404 1212 dubitatio
428 1180 490 1211 fuit
508 1181 539 1211 in
562 1178 723 1210 usufructu
742 1178 854 1210 relicto
872 1176 939 1209 filio

65 1232 120 1255 aut
135 1223 227 1254 servo
238 1245 247 1261 ,
267 1223 295 1253 δέ
312 1231 367 1262 per
383 1221 441 1253 hos
457 1219 612 1261 adquisito
629 1221 708 1261 patri
724 1226 779 1250 aut
795 1219 940 1250 domino.

65 1265 165 1297 utrius
188 1265 273 1295 enim
299 1262 466 1303 speetanda
489 1262 520 1292 in
537 1261 699 1292 usufructu
717 1260 847 1301 persona
868 1259 938 1292 est?

64 1305 121 1337 filii
146 1314 201 1336 aut
227 1304 325 1337 servi:
348 1314 387 1335 an
412 1304 508 1344 patris
532 1310 585 1334 aut
604 1302 752 1334 domini?
776 1311 848 1333 nam
866 1302 938 1333 illos

65 1347 198 1378 testator
212 1346 411 1386 indigitavit:
434 1345 492 1377 hos
509 1343 562 1384 Jus
584 1342 690 1391 C‘wile
707 1342 787 1375 fecit
803 1343 940 1375 fructua-

64 1390 140 1421 rios.
172 1387 224 1419 sed
243 1388 478 1418 dubitationem
502 1385 609 1417 exemi
643 1384 831 1425 Justim'anus
846 1384 866 1415 l.
884 1385 939 1416 ult.

64 1430 99 1461 C.
118 1431 150 1461 de
166 1428 335 1470 usztfruftu.
362 1429 464 1459 voluit
480 1427 583 1466 enim,
603 1437 622 1458 u
639 1426 766 1458 ufruCku
782 1426 875 1457 servo
893 1436 939 1457 re-

64 1472 163 1509 licto,
187 1480 280 1502 unam
306 1469 436 1511 spe-Ctari
453 1469 576 1500 domini
593 1467 771 1508 personam.
802 1476 939 1507 nempe,

65 1513 139 1553 quia
156 1512 261 1543 servus
278 1521 334 1553 per
349 1510 378 1542 se
391 1520 457 1543 non
475 1510 573 1542 habet
587 1508 754 1550 personam
770 1508 844 1549 Jure
854 1509 940 1541 Civi-

64 1554 110 1592 li;
126 1553 181 1585 nisi
197 1563 290 1594 quam
308 1552 425 1593 accipit
441 1562 457 1583 a
475 1553 628 1584 domino:
646 1552 696 1582 cui
714 1551 810 1583 etiam
828 1552 872 1582 ita
889 1551 941 1582 ad-

64 1596 161 1636 quirit
185 1594 435 1632 usumfructum
460 1601 494 1624 ut
517 1603 558 1624 ne
574 1600 743 1624 momento
764 1593 891 1633 quidem
909 1593 940 1623 in

65 1636 202 1678 persona
220 1636 300 1668 servi
318 1634 455 1667 subsistat
471 1634 491 1665 l.
509 1643 559 1674 79.
580 1634 623 1665 D.
648 1636 682 1665 de
697 1635 878 1675 adquirenda
893 1634 940 1664 he-

63 1679 193 1710 reditate.
224 1677 266 1709 fic
286 1677 362 1708 vivo
379 1676 523 1708 domino.
554 1675 631 1716 quid
646 1675 799 1707 mortuo?
822 1676 941 1716 accipit

62 1720 124 1760 jam
140 1718 307 1760 personam
329 1717 436 1749 servus
455 1726 496 1748 ex
517 1717 650 1757 persona
675 1717 811 1748 heredis.
840 1717 865 1748 is
889 1726 941 1748 au·

66 1767 133 1791 tem
148 1769 214 1792 non
230 1758 372 1791 succedit
388 1762 420 1790 in
435 1757 662 1789 usumfructum
679 1758 815 1790 domino
830 1758 939 1797 adqui-

65 1800 174 1834 fitum:
191 1801 244 1842 qui
263 1809 434 1841 numquam
455 1799 562 1830 transit
578 1800 615 1831 ad
635 1799 787 1831 heredem
804 1798 939 1831 fructua-

67 1843 116 1875 rii.
137 1842 281 1875 aceedit:
304 1843 394 1884 quod
419 1840 567 1880 testator,
591 1850 664 1873 cum
681 1839 771 1873 servo
788 1841 941 1882 relinquit

682 91 1165 131 Usar-nuere
1226 93 1403 131 Lrss.11.

1800 102 1865 142 38¹

988 181 1214 217 usumfructum
1230 208 1239 224 ‚
1272 194 1368 226 quem
1396 184 1454 217 scit
1479 184 1602 218 servum
1627 184 1689 217 esse
1709 195 1717 217 :
1741 186 1868 219 ‘videtur

989 235 1062 258 eum
1081 236 1145 258 non
1163 235 1227 258 tarn
1246 226 1344 266 servi,
1363 236 1457 267 quam
1477 228 1598 260 domini
1616 228 1867 267 contemplatio-

988 276 1029 298 ne
1047 268 1215 307 reliquiffe.
1253 267 1330 299 Hoc
1350 270 1379 300 in
1402 271 1503 301 servo.
1529 270 1625 309 quid,
1649 269 1669 300 ti
1686 268 1869 302 filiofamili-

989 318 1021 340 as
1042 308 1079 340 fit
1104 309 1230 341 relictus
1255 310 1472 342 ususfructus?
1498 312 1601 343 voluit
1617 311 1812 351 Imperator,
1837 311 1868 342 διε

990 352 1070 389 patri
1098 351 1128 381 <St
1152 350 1220 383 filio
1245 352 1353 383 datum
1378 353 1530 393 intelligi:
1555 353 1636 393 patri
1655 353 1782 391 quidem
1801 353 1864 393 pri-

989 401 1095 429 mum,
1115 394 1264 431 quamdiu
1283 394 1381 431 vivit,
1398 395 1427 425 ot
1446 394 1490 425 est
1506 394 1621 435 integri
1639 394 1752 433 status3
1771 397 1866 425 ctiam

989 433 1054 473 ejus
1078 442 1224 473 manere,
1249 442 1379 466 mortuo
1397 436 1513 466 deinde
1529 435 1607 467 filio.
1643 443 1792 466 emturum
1815 445 1866 474 pa-

990 482 1038 506 tre
1064 483 1195 507 mortuo
1220 485 1274 507 aut
1296 478 1401 517 capite
1418 477 1563 515 minuto,
1586 477 1691 508 adhuc
1712 476 1766 509 filii
1782 477 1862 515 ell'e3

989 515 1045 547 etfi
1061 517 1086 548 is
1106 518 1185 557 patri
1211 517 1265 548 suo
1290 527 1354 549 non
1377 517 1490 549 existat
1509 519 1618 549 lieres:
1644 520 1674 549 id
1693 519 1756 549 lioc
1774 520 1863 550 colo-

988 567 1043 595 re,
1068 557 1152 599 quasi
1178 558 1217 590 ab
1242 559 1334 590 initio
1362 561 1458 601 magis
1483 559 1519 591 sit
1542 559 1624 598 filii,
1648 570 1740 600 quali]
1765 561 1864 600 patris

987 600 1269 639 contemplatione
1286 601 1487 632 constitutus.

1026 639 1108 672 Fere
1128 641 1204 673 mihi
1226 643 1410 681 exciderat,
1434 643 1511 674 olim
1530 641 1620 673 fuisse
1639 643 1691 682 qui
1710 641 1866 674 existima-

988 690 1059 713 rent
1076 705 1085 720 ‚
1117 683 1283 715 dominum
1313 684 1333 715 si
1359 683 1584 716 uiuum-utrum
1612 683 1783 722 accepisset
1808 693 1865 723 per

986 724 1130 762 servum,
1155 734 1293 765 eumque
1311 736 1351 756 ex
1372 735 1460 765 parre
1480 725 1659 763 alienasset,
1678 726 1772 764 partis
1790 726 1865 756 alie-

985 765 1116 795 natione
1134 766 1280 797 amittere
1297 766 1489 799 ususfructus
1508 776 1647 807 partem:
1672 765 1763 798 foill'e
1786 775 1865 805 quo-

985 815 1048 843 que
1073 806 1126 846 qui
1152 807 1339 848 censerent,
1365 810 1461 849 partis
1488 809 1682 840 alienatione
1707 806 1864 839 usumfru-

986 847 1069 878 c‘tum
1087 854 1192 879 totum
1210 850 1324 880 amitti.
1349 851 1424 881 indc
1443 851 1511 882 sanc
1531 851 1593 881 hoc
1612 849 1740 890 Ulpiani
1758 849 1776 880 l.
1789 860 1818 890 5.
1835 848 1865 890 §·.

988 897 1024 934 1..
1037 888 1080 919 D.
1106 888 1223 931 Quibus
1238 891 1328 921 modis
1346 892 1533 931 ususfrurffitus
1552 893 1720 931 amittitur,
1745 890 1773 921 Si
1795 900 1866 930 quis

984 929 1172 961 alienaverit
1195 930 1425 964 usumfructum
1452 933 1532 965 servi
1551 943 1607 973 per
1623 943 1718 973 quern
1737 934 1762 964 is
1781 933 1866 964 usus-

984 969 1107 1002 fruetus
1123 971 1151 1002 ei
1167 972 1338 1017 adquisitus
1364 974 1428 1012 est,
1453 984 1511 1015 per
1530 984 1602 1006 eum
1620 975 1748 1006 retineri
1766 973 1866 1005 usum-

984 1010 1135 1058 fruCturn.
1179 1012 1223 1043 Et
1237 1015 1433 1054 notandum,
1458 1017 1546 1056 quod
1566 1015 1722 1057 Ulpianus
1740 1025 1804 1047 non
1824 1017 1865 1046 de

985 1054 1121 1084 alienata
1144 1052 1223 1085 servi
1248 1057 1449 1095 proprietate
1476 1058 1638 1097 loquitur,
1663 1057 1713 1091 sed
1734 1059 1774 1088 de
1794 1057 1868 1096 alie·

984 1103 1062 1141 nato
1086 1095 1164 1126 servi
1189 1095 1369 1142 usufruftu:
1394 1100 1482 1137 quod
1502 1107 1629 1139 poterat
1645 1098 1802 1138 dubitari,
1826 1107 1866 1130 an

984 1137 1122 1183 alienato
1145 1135 1224 1168 serm
1249 1137 1427 1177 utun-ueta,
1452 1140 1517 1179 ejus
1537 1150 1606 1180 pars
1622 1141 1757 1171 alienata
1775 1140 1868 1171 intel-

983 1178 1153 1218 ligeretur:
1177 1186 1268 1210 certo
1281 1202 1290 1217 ,
1307 1188 1396 1212 parte
1414 1181 1569 1218 alienata,
1587 1180 1817 1213 usumfruCtum
1834 1190 1867 1212 a·

982 1219 1077 1250 mitti.
1112 1219 1174 1250 Sed
1193 1229 1287 1261 negat
1306 1220 1462 1261 Ulpianus
1475 1245 1484 1260 ,
1507 1221 1528 1253 si
1545 1222 1613 1262 quis
1631 1224 1814 1253 alienaverit
1831 1232 1866 1260 u,-

984 1259 1189 1294 sumfrutturn
1215 1261 1294 1293 servi
1319 1272 1375 1302 per
1399 1273 1494 1303 quein
1517 1265 1568 1295 vel
1596 1263 1765 1304 adquisitus
1783 1265 1810 1294 ei
1829 1263 1867 1295 fit

984 1301 1200 1342 ususfructus,
1224 1304 1327 1335 amitti
1348 1303 1576 1336 usumfructum
1593 1314 1649 1345 per
1666 1315 1739 1336 eum
1757 1304 1868 1344 adqui-

983 1343 1093 1375 situm:
1118 1343 1259 1384 scilicet,
1282 1346 1357 1386 quia
1372 1346 1567 1378 ususfructus
1584 1356 1648 1378 non
1668 1346 1711 1378 est
1731 1346 1868 1378 dominii

985 1393 1077 1426 pars,
1101 1384 1154 1417 sed
1170 1386 1236 1425 ius:
1261 1396 1326 1419 non
1343 1388 1469 1428 potest,
1492 1389 1630 1420 alienato
1650 1388 1727 1419 servi
1746 1387 1868 1419 usufru-

985 1427 1057 1466 ctu,
1080 1427 1216 1458 alienata
1239 1427 1318 1460 servi
1335 1437 1407 1470 pars
1424 1431 1525 1461 videri
1543 1431 1563 1460 l.
1581 1440 1629 1471 25.
1652 1429 1693 1460 D.
1719 1431 1751 1460 de
1769 1431 1867 1469 verbo,-

987 1477 1053 1500 rwn
1069 1466 1295 1509 fignificatz'one.
1340 1471 1402 1502 Sed
1428 1470 1511 1502 hanc
1537 1470 1726 1502 sententiam
1753 1471 1865 1511 rejecit

983 1508 1064 1550 Imp.
1081 1509 1267 1549 justinianus
1283 1511 1302 1542 l.
1316 1520 1363 1551 15.
1382 1512 1415 1543 C.
1433 1513 1466 1543 de
1481 1512 1659 1552 usufruffzc:
1675 1513 1772 1553 magis
1793 1521 1866 1552 pro·

984 1551 1058 1582 bata
1075 1552 1232 1591 opinione
1249 1553 1346 1584 Salvii
1361 1553 1494 1593 Juliani;
1518 1553 1674 1592 dicentis,
1699 1554 1866 1592 alienatio*-

984 1601 1026 1624 ne
1050 1593 1147 1633 partis
1164 1592 1244 1625 servi
1262 1603 1327 1625 non
1345 1595 1448 1627 amitti
1465 1594 1696 1626 usumfructum
1713 1603 1771 1634 per
1787 1604 1865 1627 curn

983 1634 1167 1675 quaesitum‚
1184 1644 1290 1676 neque
1306 1636 1337 1667 in
1354 1644 1478 1676 totum,
1493 1645 1601 1676 neque
1619 1645 1677 1676 pro
1694 1644 1793 1676 parte.
1813 1634 1867 1678 De

983 1685 1025 1707 eo
1044 1676 1127 1708 inter
1145 1685 1258 1708 omnes
1281 1678 1456 1717 convenit,
1478 1677 1497 1709 fi
1523 1685 1629 1710 totum
1647 1687 1720 1709 eum
1738 1676 1865 1710 servum

981 1717 1169 1749 alienaverit
1192 1716 1409 1759 fructuarius,
1440 1719 1571 1751 interire
1602 1719 1683 1751 servr
1710 1717 1864 1750 usumfru-

983 1759 1089 1797 etum,
1114 1758 1198 1800 quasi
1222 1768 1349 1792 mutato
1374 1761 1543 1799 dominio;
1567 1770 1601 1793 ut
1625 1761 1669 1792 ait
1695 1760 1713 1790 l.
1744 1764 1791 1794 18.
1820 1760 1863 1801 D.

984 1800 1102 1845 Quibus
1117 1801 1207 1832 modis
1222 1801 1410 1841 ususfruffus
1424 1804 1581 1834 amittitur.
1618 1811 1731 1835 verum
1750 1801 1779 1834 δί
1798 1801 1864 1833 hoc

983 1843 1120 1875 mutavit
1133 1841 1323 1882 Justinianus
1340 1844 1369 1876 d.
1388 1842 1408 1876 l.
1429 1853 1478 1885 15.

814 1940 1027 1985 CAPUT
1082 1934 1152 1987 ῘΧ.

257 2024 308 2066 A‘n
325 2028 517 2077 zfitffruc‘lus
534 2030 619 2076 Jure
637 2030 729 2066 Civili
743 2028 910 2065 amittatur
928 2042 985 2065 non
1001 2027 1107 2066 mendo
1122 2040 1179 2077 per
1195 2027 1342 2068 modum?
1367 2034 1449 2070 credi
1456 2042 1466 2066 .·
1483 2029 1544 2080 scd
1560 2033 1673 2069 errore.

64 2134 274 2209 Proximum
300 2134 370 2166 est:
393 2141 428 2166 ut
451 2134 620 2166 tractemus
639 2145 649 2174 3
681 2143 719 2166 an
747 2133 942 2166 ususfrattus

125 2186 190 2208 non
204 2176 327 2208 utendo
344 2185 401 2216 per
414 2177 545 2208 modum
562 2176 789 2217 exstinguatur.
813 2177 845 2208 id
857 2177 942 2207 enim

65 2218 105 2249 ab
122 2218 243 2258 aliquot
259 2217 372 2249 seculis
390 2217 543 2248 consensu
564 2218 697 2249 traditur
715 2227 732 2248 a
750 2217 824 2249 clari
841 2218 942 2248 nomi-

65 2259 114 2290 nis
132 2259 380 2300 Interpretibus,
396 2268 563 2299 magnum,
580 2268 615 2290 ut
631 2260 776 2298 videtur,
800 2258 939 2299 sequutis

8 2306 13 2310 '
64 2300 248 2339 merorem,
272 2300 350 2340 Imp.
368 2299 592 2340 Justinianum,
616 2300 645 2342 §.
673 2310 702 2342 3.
725 2299 798 2340 Inst.
822 2302 856 2331 de
871 2301 938 2337 ufic-

56 2341 186 2383 fruftu,
209 2341 252 2373 fic
269 2341 471 2373 scribentem.
509 2341 629 2372 Finitm
645 2347 739 2373 autem
754 2341 941 2380 ususfrublus

65 2390 155 2414 morte
167 2382 331 2420 fruffuczrii
347 2406 356 2421 ‚
379 2382 415 2417 &f
431 2383 543 2414 duabus
558 2383 661 2424 capitis
677 2383 939 2421 demirzutiom'hus,

63 2427 192 2456 maxima
208 2423 244 2459 ὅ)
254 2424 346 2456 media
356 2448 365 2463 ‚
382 2423 418 2458 ἐπ’)
433 2433 490 2455 ποη
507 2426 610 2455 utendo
621 2432 674 2465 per
689 2426 803 2456 modum
820 2423 856 2459 &⁹
873 2431 941 2454 tem·

61 2471 138 2506 pus:
160 2476 223 2507 quae
238 2468 334 2497 omnia
351 2463 446 2506 nostra
457 2464 568 2506 statuit
586 2463 760 2506 constitutio.
791 2466 941 2497 Subnixis

66 2515 145 2538 vero
171 2508 202 2539 ὅ(
227 2509 381 2548 temporis
406 2507 616 2548 praejudicio,
640 2508 670 2538 δι
694 2508 774 2538 tanti
802 2508 941 2538 nominis

67 2548 229 2587 majestate
245 2550 396 2590 congredi
412 2558 509 2580 unum
535 2556 588 2580 aut
604 2549 756 2587 alterum,
781 2548 941 2580 dementia

68 2587 178 2620 haberi
201 2589 304 2629 poffit.
350 2590 487 2621 Audebo
505 2598 611 2622 tamen
631 2590 850 2628 contendere,
873 2599 939 2620 non

68 2627 160 2659 fuiffe
176 2638 245 2660 eam
263 2630 423 2668 justiniani
440 2639 603 2671 mentem3
620 2632 783 2673 longeque
800 2631 891 2662 aliter
910 2629 940 2661 se

69 2678 140 2700 rem
155 2669 284 2702 habere.
305 2671 462 2703 obtinebo
478 2673 508 2704 id
525 2674 686 2704 curatiore
703 2672 939 2714 interpretatio-

69 2719 112 2756 ne
131 2710 300 2757 verborum
311 2735 320 2751 ‚
335 2722 393 2743 non
406 2714 451 2744 uti
460 2720 512 2754 per
526 2716 648 2746 modum.
672 2714 788 2755 Ajunt‚
803 2713 940 2745 fructua-

69 2760 150 2782 rium
167 2760 233 2782 non
250 2759 293 2782 uti
310 2761 367 2792 per
383 2756 530 2787 modurn:
548 2765 619 2787 cum
634 2765 700 2787 non
717 2757 816 2787 utitur
832 2754 940 2786 secun-

67 2793 145 2824 dum
167 2792 304 2824 formam
329 2794 358 2825 ei
382 2803 399 2825 a
422 2795 553 2828 domino
573 2798 604 2828 in
625 2797 852 2828 constituendo
871 2795 939 2827 usu-

67 2833 175 2866 fructu
198 2832 422 2879 praescriptam.
454 2845 525 2868 nam
542 2840 673 2869 modurn
691 2838 753 2869 effe
771 2840 875 2879 legem
893 2838 939 2868 di-

69 2876 152 2908 ctam
169 2884 186 2906 a
203 2875 336 2907 domino
355 2878 575 2916 proprietatis,
592 2880 702 2919 ingens
720 2882 830 2911 venire
849 2888 940 2919 argu-

69 2924 234 2949 mentum:
258 2917 346 2955 quod
364 2916 548 2957 Papinianus
564 2919 584 2950 l.
602 2930 631 2958 4.
650 2920 679 2961 §.
701 2930 728 2951 11.
744 2920 787 2952 D.
803 2920 941 2959 deservi·

69 2960 182 2990 tutibus
198 2957 327 2995 scribit,
344 2957 469 2989 Modum
484 2961 775 2999 adjiciservzlutibus
786 2961 862 3002 poffe
877 2970 940 2991 can-

61 2999 144 3042 stat:
168 3000 198 3031 &
215 2999 300 3030 hunc
318 3001 450 3030 modum
467 2999 549 3039 ess‘eg
564 3002 655 3032 velati
669 3012 723 3043 quo
739 2996 843 3045 genere
861 3002 940 3033 vehi-

69 3042 130 3073 culi
152 3047 282 3082 agatur,
305 3041 352 3071 ‘vel
375 3051 431 3071 non
447 3048 573 3082 agatur,
596 3042 735 3074 ‘celatim
750 3053 819 3085 equo
835 3045 941 3074 dunta-

70 3089 143 3121 xat,
166 3083 212 3113 vel
235 3088 268 3112 ut
289 3089 399 3113 certum
417 3084 529 3121 pondus
551 3084 675 3114 vehatur
689 3107 699 3121 ,
730 3088 777 3115 vec
796 3094 872 3127 grex
894 3085 941 3115 ille

72 3126 299 3160 transducatur,
323 3130 375 3154 aut
401 3125 482 3154 carbo
502 3130 644 3165 portetur.
687 3124 817 3157 Deinde
833 3126 939 3166 addit,

71 3165 234 3197 Intervalla
256 3166 367 3196 dierum
391 3164 427 3199 ὅ)
452 3166 586 3199 horarum
602 3176 659 3197 non
674 3167 712 3198 ad
726 3169 856 3208 temporis
872 3177 939 3199 cau-

60 3207 147 3248 sam,
162 3206 215 3247 sed
228 3207 266 3238 ad
281 3208 394 3239 modum
406 3209 547 3248 pei-tinam
558 3208 628 3249 Jurc
642 3206 939 3251 constitutaeservissu-

985 2137 1033 2166 tis.
1059 2133 1158 2175 Igitur
1174 2134 1195 2166 si
1210 2145 1226 2166 a
1244 2135 1378 2167 domino
1394 2136 1600 2175 proprietatis
1617 2137 1647 2168 in
1666 2132 1863 2177 constituen-

985 2178 1029 2208 do
1045 2175 1206 2208 usufructu
1224 2178 1326 2217 palam
1346 2177 1465 2219 politus
1482 2178 1517 2210 sit
1535 2178 1709 2210 fructuario
1726 2182 1863 2218 modus,

984 2219 1077 2258 isque
1103 2218 1195 2249 aliter
1218 2219 1365 2257 fruatur3
1389 2228 1454 2250 non
1479 2220 1519 2251 ad
1543 2221 1674 2252 modum
1700 2222 1745 2252 uti
1769 2230 1863 2259 eum,

984 2269 1098 2291 omnes
1123 2259 1255 2292 docent.
1287 2259 1509 2300 ipseiquoque
1534 2262 1565 2293 id
1590 2262 1781 2294 verissimum
1799 2262 1864 2293 effe

983 2300 1151 2341 profiteor.
1183 2301 1236 2332 sed
1254 2302 1348 2342 quid,
1372 2301 1393 2333 sl
1411 2303 1436 2334 is
1454 2303 1568 2334 modus
1586 2303 1617 2334 in
1634 2301 1863 2335 constituendo

983 2341 1145 2373 usufruCtu
1159 2351 1176 2373 a
1190 2343 1324 2375 domino
1342 2342 1383 2374 fic
1400 2343 1598 2384 praescriptus
1610 2342 1786 2376 f1·u<‘.luario
1797 2354 1866 2376 non

984 2383 1041 2423 fit3
1065 2384 1095 2414 &
1110 2383 1164 2415 hic
1181 2393 1214 2416 re
1232 2383 1403 2416 fructuaria
1427 2385 1592 2423 abutatur,
1616 2384 1678 2416 five
1696 2386 1778 2417 male
1798 2395 1866 2417 uta-

985 2424 1062 2456 tur?
1082 2425 1145 2465 iam
1168 2433 1286 2467 negant
1312 2425 1529 2466 Interpretes,
1553 2437 1624 2458 eum
1642 2437 1675 2458 re
1693 2426 1865 2459 fruCtuaria

984 2467 1031 2498 uti
1048 2475 1113 2498 non
1135 2476 1192 2506 per
1212 2467 1355 2499 modurn.
1399 2468 1442 2499 At
1459 2477 1520 2508 ego
1538 2468 1634 2499 didici
1653 2469 1760 2501 multis
1777 2479 1867 2510 mag-

983 2509 1097 2547 nisque
1114 2508 1228 2547 rebus,
1246 2508 1474 2546 frustuarium‚
1491 2509 1554 2541 sive
1571 2511 1598 2541 ei
1615 2510 1716 2548 palam
1733 2507 1769 2541 fit
1786 2520 1865 2551 prae-

985 2548 1117 2590 scriptus
1134 2550 1270 2588 modus,
1285 2549 1348 2581 five
1365 2559 1430 2581 non
1447 2549 1502 2589 fit,
1518 2550 1540 2583 fi
1556 2561 1590 2583 re
1606 2551 1776 2590 fructuaria
1794 2561 1863 2583 uta-

985 2598 1034 2622 tur
1050 2591 1161 2630 aliter,
1185 2599 1278 2631 quam
1294 2600 1331 2622 ea
1350 2592 1395 2622 uti
1412 2590 1491 2624 solet
1508 2592 1756 2633 paterfamilias,
1783 2593 1812 2626 δ(
1831 2603 1865 2624 a·

984 2632 1071 2670 buti,
1088 2632 1119 2663 &
1134 2632 1217 2664 male
1233 2633 1289 2664 uti.
1314 2633 1343 2663 &
1362 2642 1427 2664 non
1446 2643 1502 2674 per
1517 2635 1649 2673 modurn
1666 2635 1722 2666 uti.
1746 2634 1863 2676 Magni

983 2673 1048 2705 hoc
1064 2674 1221 2714 momenti
1237 2674 1276 2705 ad
1292 2674 1541 2714 explicationem
1557 2675 1697 2716 pulchra:
1715 2677 1862 2716 quaestio-

982 2715 1050 2754 nis3
1075 2715 1215 2755 ideoque
1232 2715 1270 2746 ad
1286 2715 1442 2755 liquidum
1458 2718 1590 2757 perduci
1609 2718 1760 2758 postulas.
1785 2717 1861 2748 Huc

982 2757 1079 2797 igitur
1106 2759 1265 2796 pertinet,
1289 2758 1377 2797 quod
1403 2757 1456 2789 suo
1481 2758 1605 2791 ostendi
1622 2760 1716 2799 loco,
1742 2768 1812 2789 cum
1828 2768 1861 2789 u-

983 2797 1190 2829 sumfructum
1212 2798 1366 2838 dicimus,
1390 2809 1455 2831 non
1472 2801 1606 2841 intelligi
1627 2800 1763 2832 fructum
1785 2800 1862 2829 libe-

983 2848 1052 2870 rum
1069 2845 1166 2879 atque
1182 2838 1360 2879 infinitum,
1384 2839 1437 2873 sed
1455 2842 1542 2874 illum
1559 2839 1609 2873 cui
1628 2841 1706 2873 inest
1724 2840 1812 2878 usus;
1827 2840 1862 2873 id

983 2879 1048 2919 est,
1071 2880 1126 2920 qui
1148 2880 1188 2912 ad
1213 2882 1365 2920 modum,
1390 2881 1454 2914 five
1479 2885 1518 2916 ad
1543 2885 1589 2915 rei
1616 2883 1860 2921 conditionem,

984 2922 1036 2953 vel
1054 2921 1141 2962 quod
1157 2922 1241 2953 idern
1263 2922 1326 2962 est,
1350 2923 1428 2955 boni
1447 2925 1505 2956 viri
1526 2925 1696 2961 arbitratu,
1714 2924 1860 2954 exerceri

985 2963 1092 2994 debet.
1134 2962 1212 2995 Hoc
1229 2973 1269 2995 ex
1286 2963 1380 3003 sonte
1396 2964 1504 2997 scribit
1521 2966 1675 3005 Ulpianus
1687 2987 1695 3000 ‚
1721 2964 1749 2993 Si
1769 2964 1859 3004 cujus

984 3004 1029 3036 rei
1047 3003 1236 3037 ususfructus
1254 3006 1375 3047 legatus
1391 3007 1426 3038 fit
1438 3031 1446 3045 ‚
1471 3007 1655 3047 legatarium
1674 3013 1807 3041 cavere,
1826 3015 1859 3036 u-

983 3045 1084 3077 surum
1110 3045 1140 3077 se
1158 3047 1234 3079 boni
1261 3049 1319 3079 viri
1339 3049 1491 3079 arbitratu
1507 3050 1526 3077 ι.
1549 3055 1572 3077 1.
1591 3045 1632 3076 D.
1658 3045 1859 3085 Usufrufflm‘-

983 3089 1044 3118 rius
1058 3089 1296 3129 quemadmodum
1305 3096 1425 3120 caveat.-
1439 3090 1471 3119 id
1488 3097 1566 3118 vero
1582 3084 1772 3127 fignificare,
1790 3094 1855 3120 nou

982 3127 1137 3162 facturum
1162 3128 1192 3160 se
1209 3131 1405 3162 deteriorem
1422 3127 1617 3160 ususfructus
1633 3127 1774 3168 causam3
1795 3139 1858 3160 ca:-

983 3177 1113 3212 teraque
1130 3170 1288 3203 facturum
1306 3181 1375 3211 quae
1392 3171 1421 3201 in
1438 3179 1471 3201 re
1489 3169 1539 3200 sua
1555 3168 1678 3200 faceret
1696 3171 1724 3201 cl.
1742 3171 1760 3201 ι.
1781 3181 1807 3203 1.
1825 3171 1854 3213 §-

979 3221 1010 3254 3.
1043 3212 1159 3251 Paulus
1186 3213 1234 3244 lib.
1254 3223 1280 3244 1.
1304 3213 1433 3244 Samene.
1459 3211 1503 3243 tit.
1527 3220 1574 3243 11.
1594 3210 1622 3251 ᾗ.
1644 3221 1672 3242 2.
1696 3207 1737 3243 sic
1755 3221 1861 3250 expri-

1107 3254 1132 3289 Β
1145 3253 1165 3285 b
1181 3253 1201 3284 b
1225 3263 1245 3295 3
1779 3254 1854 3295 ruit,
