2036 3495
480 106 545 142 An
579 106 628 140 LI
640 114 670 139 Β.
699 102 848 139 XXVII.
877 103 975 138 Tm.
1012 103 1037 136 I.
1074 103 1126 138 De
1156 103 1410 152 excusationibus.

50 195 165 227 attinet
182 196 219 228 ad
238 196 379 227 tutelam.
404 196 446 226 ita
464 195 495 227 in
517 194 640 226 cacteris
665 193 865 239 muneribus,
891 193 920 224 δε

45 237 226 269 honoribus
244 237 349 268 adhuc
366 237 512 276 obtinet3
533 243 584 274 ut,
607 233 628 265 11
646 243 697 265 0111
716 234 919 280 deferantur,

45 279 71 309 is
87 287 152 310 non
170 278 260 309 aliter
285 278 378 318 poffit
401 277 505 309 causas
531 276 589 307 suae
611 280 818 322 immunitatis
847 275 919 306 alle·

45 329 140 360 gare,
163 328 256 360 quam
277 318 441 358 interjecta
471 325 544 350 ante
562 317 800 356 appellatione:
825 315 877 347 sed
898 315 919 346 fi

46 361 117 400 quis
135 369 223 392 tutor
239 361 329 392 datus
347 360 445 392 fuerit
460 360 510 391 vel
530 357 720 389 testamento
732 357 803 394 ,vel
820 366 836 387 a
852 366 918 396 quo

45 402 109 433 alio
126 403 179 442 qui
192 401 240 441 jus
264 402 358 434 dandi
390 401 504 433 habeat
519 423 529 438 ,
553 407 626 431 eum
645 408 710 430 non
729 405 879 444 oporteat
902 407 918 428 a

45 444 176 475 datione
193 452 394 484 provocare3
417 442 468 473 sed
485 441 566 471 intra
593 448 740 480 tempora
766 439 918 479 praestitu-

45 491 77 515 ta
91 484 287 526 allegandam
310 484 424 515 habeat
447 480 707 520 excusationem
731 480 761 513 ἃ
784 479 805 512 11
831 479 917 520 pulsa

42 525 142 557 fuerit
156 548 166 564 ‚
190 533 267 557 tunc
284 526 409 556 demum
427 522 585 564 appellare
602 522 738 562 debeat,
762 529 836 568 ante
850 521 915 553 fru-

43 565 111 598 stra*
125 567 275 607 appellet.
318 565 368 597 Ad
389 565 475 596 hunc
505 565 638 596 modum
664 563 733 595 fere
759 561 915 609 Ulpianus

44 608 64 640 l.
83 616 109 640 1.
131 608 161 650 §.
180 616 207 640 1.
223 607 260 642 ξ5υ
275 616 303 644 2.
328 607 369 638 D.
384 607 504 649 Quanti.
527 606 686 652 appeliand.
711 605 741 636 δι
759 612 831 644 quia
856 604 915 635 cla-

42 658 95 680 re:
118 649 216 681 nolim
233 671 242 687 ‚
264 648 352 687 quod
371 658 387 679 :1
403 648 510 679 multis
528 646 584 686 111,
607 656 638 678 111
657 647 676 677 l.
704 653 750 687 13.
765 645 801 692 st·
818 651 840 676 t.
863 654 913 676 ca-

42 692 124 732 ptari
155 689 329 722 Modestini
356 689 452 721 verba
482 688 568 720 sati'to
592 697 609 719 a
632 695 795 734 contrario
826 695 913 726 argu-

42 739 172 766 mento:
195 731 248 763 sed
265 731 435 762 secundum
453 730 516 762 hoc
535 730 666 769 exponi.
683 729 832 775 idemque
849 727 911 758 sua-

42 775 133 806 deam
147 772 304 804 observari
320 773 404 803 circa
420 780 532 803 caetera
550 771 706 811 locaquae
724 769 848 809 insuper
866 769 910 799 so-

41 817 110 848 lent
124 825 141 846 a
164 813 249 845 Viris
273 813 386 845 Doffls
401 813 512 853 objici:
535 819 569 843 ut
584 811 629 843 est
645 811 778 851 pulchre
808 820 824 840 a
843 809 909 840 Do·

42 858 132 890 mino
151 855 269 888 Vinnio
280 854 482 886 observatum
498 855 536 885 ad
552 853 578 895 §.
598 857 644 885 16.
660 851 732 899 Ινιβ.
750 853 778 883 b.
795 857 816 883 t.
841 850 909 898 Caej-

43 906 148 930 terum
177 898 264 936 quod
287 898 327 928 de
353 896 511 927 tutoribus
535 895 615 941 datis
635 895 700 925 duri
716 917 726 932 ,
749 893 814 924 hoc
831 892 860 923 &
883 902 914 924 in

43 939 264 977 curatoribus,
286 937 486 970 similitudine
503 938 632 968 rationis
649 944 689 967 ex
705 942 814 967 mente
831 933 916 966 Con-

44 980 217 1013 stitutionis
239 980 355 1019 recipit
370 977 572 1010 Modestinus
588 979 616 1008 d.
634 977 654 1008 l.
676 985 723 1018 13.
749 976 778 1018 §.
800 984 826 1006 1.

87 1020 217 1053 Dicitur
240 1021 336 1062 igitur
360 1019 508 1051 excusare
533 1018 563 1050 se
580 1023 668 1050 tutor
690 1025 745 1049 aut
770 1024 916 1063 curator3

46 1072 120 1094 cum
142 1063 179 1094 ad
196 1062 278 1093 hanc
294 1062 431 1093 formam
451 1061 565 1103 allegat
580 1059 700 1106 causam
717 1066 770 1090 aut
788 1059 916 1099 privile-

44 1105 151 1146 gium3
176 1113 231 1135 cur
248 1112 313 1135 non
333 1102 448 1134 debeat
463 1103 535 1143 cogi
558 1102 597 1133 ad
615 1100 840 1146 suscipiendam
868 1108 916 1146 tu-

48 1146 144 1177 telam
162 1145 213 1176 vel
228 1153 351 1176 curam:
374 1144 471 1176 modo
496 1144 529 1175 id
554 1142 652 1174 faciat
672 1152 730 1183 pro
756 1140 915 1189 tribunali.

46 1186 297 1218 nainexcusatio
321 1185 383 1224 ibi,
407 1195 471 1217 non
497 1186 537 1217 de
563 1185 677 1226 plano,
707 1190 914 1230 examinatur.

46 1227 97 1259 Eo
130 1227 216 1258 sensu
242 1226 395 1267 Ulpianus
419 1226 438 1258 l.
462 1236 511 1268 25.
534 1226 563 1257 b.
588 1232 610 1257 t.
653 1224 813 1272 Excusare
829 1247 854 1271 ,¹
871 1234 916 1272 in-

47 1270 137 1309 quit,
169 1268 200 1299 se
227 1277 313 1300 tutor
339 1278 396 1309 per
419 1267 545 1299 libellos
570 1276 633 1299 non
654 1273 787 1307 poterit.
824 1273 914 1312 nimr-

46 1320 134 1348 rum‚
166 1310 237 1350 quia
260 1309 420 1341 excusatio
438 1309 604 1340 decretum
635 1308 665 1339 ὅ(
687 1307 787 1339 causae
806 1316 915 1348 cogni·

48 1352 168 1382 tionem
195 1350 358 1382 desiderat.
408 1349 679 1389 Interrumpeudae
705 1352 811 1380 tamen
837 1357 914 1389 prae-

46 1392 226 1431 scriptionis
252 1391 349 1432 gratia
373 1397 438 1431 quo
469 1391 572 1422 minus
596 1400 651 1431 per
675 1389 835 1436 Libellum
858 1389 914 1421 fiat

46 1432 238 1463 contestatio
256 1455 265 1470 ,
297 1431 375 1463 nihil
404 1432 550 1471 impedit.
587 1433 695 1472 itaque
725 1431 912 1472 rescriptum

46 1473 127 1511 effe,
169 1472 270 1504 refert
298 1472 503 1504 Modestinus
524 1474 553 1504 d.
584 1473 604 1504 l.
632 1482 678 1513 13.
709 1472 738 1514 §.
765 1482 812 1504 10.
833 1473 862 1506 b.
888 1479 910 1504 t.

47 1514 126 1546 Sunt
149 1513 218 1544 haec
242 1523 316 1544 vera
334 1514 363 1545 ἀ
387 1512 573 1545 necessaria:
607 1513 776 1554 praesertim
802 1514 835 1545 in
862 1513 912 1546 his

47 1556 100 1596 qui
113 1555 182 1595 iure
198 1554 264 1586 dati
281 1554 350 1587 sunt
367 1562 507 1587 tutores:
530 1555 561 1586 in
585 1555 708 1587 caeteris
729 1562 837 1587 autem
858 1556 912 1596 qui

706 1644 1058 1684 Tr‘rutus

1780 120 1850 159 447

965 201 1030 224 non
1055 191 1123 223 sunt
1150 193 1219 233 jure
1245 194 1328 231 dati,
1370 195 1439 227 haec
1458 195 1619 229 observari
1651 198 1730 231 nihil
1762 210 1846 241 opus

963 233 1045 308 ἓξὲξ,
1070 234 1154 265 idem
1179 243 1292 267 monet
1319 235 1523 271 Modestinus
1557 241 1586 271 d.
1610 239 1630 270 1.
1666 249 1712 281 13.
1740 240 1772 282 §.
1797 252 1845 275 11.

1025 283 1071 306 12.

1001 314 1167 356 Superest,
1191 322 1225 346 ut
1242 318 1411 350 tractemus
1426 321 1466 352 de
1484 321 1579 353 causis
1599 321 1628 353 &
1645 322 1840 364 privilegiis,

963 357 1124 388 vacationi
1147 357 1177 387 ὅ(
1202 358 1393 390 immunitati
1412 370 1429 391 a
1451 363 1551 393 tutela
1571 371 1624 393 aut
1640 372 1716 394 cura
1732 364 1843 396 locum

960 396 1163 429 facientibus.
1208 398 1262 429 Est
1278 408 1386 430 autem
1405 403 1491 434 utilis
1512 402 1571 433 hac
1595 404 1624 435 in
1651 413 1740 445 parte
1765 405 1841 436 Mo-

961 438 1071 469 destini
1097 438 1280 471 observatio
1306 441 1328 473 l.
1358 450 1406 482 15.
1428 443 1458 485 §.
1479 451 1525 475 12.
1550 445 1597 476 D.
1616 446 1644 477 h.
1670 452 1692 477 t.
1723 448 1844 479 docen-

958 479 1017 518 tis,
1042 480 1130 520 quod
1146 481 1199 520 qui
1217 479 1316 512 habet
1331 482 1567 517 immunitatem
1586 495 1603 517 a
1619 487 1768 520 civilibus
1785 488 1839 520 vel

958 521 1094 561 publicis
1116 522 1319 562 muneribus,
1342 532 1408 556 non
1428 526 1550 558 idcirco
1566 535 1583 558 a
1600 528 1699 560 tutela
1715 530 1766 561 vel
1784 539 1840 561 cu·

958 571 990 593 ra
1015 562 1191 594 excusatur.
1213 572 1325 595 contra
1353 562 1452 599 habet
1475 567 1576 599 tutela
1601 578 1639 600 ac
1672 579 1746 602 cura
1771 570 1839 603 suas

957 605 1102 644 proprias
1119 604 1343 637 excusationes
1362 617 1400 639 ac
1424 609 1552 650 propria
1576 611 1760 654 privilegia:
1782 613 1843 645 alia

957 645 1070 677 frustra
1086 647 1274 687 allegantur.
1316 647 1466 681 Intererit
1486 651 1539 683 ilia
1557 660 1629 692 quae
1644 653 1721 692 sint,
1747 655 1839 691 intel.

958 687 1023 728 ligi.
1075 686 1156 718 Late
1180 696 1404 722 enumerantur
1429 691 1491 725 hoc
1521 691 1639 726 Titulo
1665 694 1839 734 Institutio,

955 737 1050 766 num,
1074 729 1301 761 Pandectarum
1317 753 1327 769 ,
1352 732 1382 763 ὅ(
1399 733 1549 768 Codicis:
1572 744 1609 766 ac
1626 736 1699 776 quia
1714 736 1840 781 fercin-

955 769 1118 816 spectione
1137 771 1167 802 δι
1186 770 1324 802 lectione
1341 772 1464 815 liquere
1480 775 1626 817 possunt:
1650 778 1844 826 interpreta-

952 819 1042 842 tione
1060 821 1125 843 non
1143 820 1251 853 egent.

997 851 1140 885 Tantum
1155 855 1289 894 addam,
1312 857 1399 897 quod
1416 856 1438 889 fi
1453 864 1546 890 unam
1562 860 1632 900 quis
1650 859 1749 893 habet
1764 869 1840 893 cau-

958 892 1040 932 sam,
1063 903 1118 926 3111
1136 896 1339 937 privilegium
1356 907 1473 938 unum;
1497 901 1603 941 potest
1620 911 1661 934 eo
1686 903 1732 934 uti
1748 903 1839 943 quod

959 934 1076 967 habet:
1101 936 1121 968 11
1138 936 1236 969 habet
1257 938 1361 970 causas
1379 940 1506 980 plures,
1526 949 1581 973 aut
1600 943 1690 984 plura
1705 944 1839 986 privile-

958 977 1027 1017 gia,
1051 977 1157 1018 potest
1174 980 1322 1012 omnibus
1339 981 1384 1012 uti
1401 982 1482 1013 intra
1501 990 1649 1025 tempora
1664 985 1838 1018 constituta

959 1019 978 1049 l.
999 1027 1048 1051 21.
1072 1018 1100 1060 §.
1123 1025 1150 1052 1.
1175 1019 1218 1051 D.
1245 1019 1274 1052 h.
1300 1027 1322 1053 t.
1353 1031 1427 1054 narn
1457 1025 1621 1058 excusatio
1646 1026 1692 1059 est
1714 1026 1842 1067 species*

959 1059 1172 1101 defensionis,
1195 1071 1257 1093 nec
1272 1063 1342 1103 quis
1358 1064 1567 1106 prohibetur,
1590 1068 1697 1108 plures
1713 1069 1835 1103 habens

958 1100 1161 1135 defensiones
1175 1125 1185 1141 ,
1209 1105 1305 1136 etiam
1321 1105 1380 1136 alia
1398 1107 1462 1146 uti,
1485 1106 1540 1139 nisi
1567 1108 1638 1141 Lex
1660 1110 1796 1152 impedit
1817 1113 1839 1144 1.

959 1152 1010 1183 43.
1033 1142 1077 1174 D.
1097 1145 1130 1174 de
1145 1153 1205 1186 reg.
1223 1145 1288 1186 jur.
1331 1145 1442 1180 Unum
1467 1148 1685 1191 desideratur,
1709 1160 1746 1184 ut
1768 1154 1839 1195 plu-

959 1185 1046 1216 ribus
1063 1185 1108 1216 uti
1125 1187 1239 1218 volens
1256 1188 1514 1223 excusationibus
1532 1201 1645 1224 omnes
1661 1193 1743 1226 intra
1757 1202 1838 1228 tem-

958 1234 1038 1266 pora
1056 1227 1230 1259 constituta
1246 1229 1394 1261 nominet
1408 1232 1491 1271 apud
1506 1232 1669 1273 Judicem:
1692 1236 1835 1277 alioquin

957 1266 1088 1299 similem
1104 1268 1167 1300 ess'e
1184 1271 1213 1300 ei
1231 1270 1283 1310 qui
1303 1279 1504 1312 nequaquam
1528 1275 1657 1307 acceffit
1671 1299 1682 1315 ,
1705 1285 1760 1309 aut
1783 1288 1836 1311 ac-

958 1309 1045 1341 ceffit
1062 1310 1211 1349 quidem,
1234 1311 1346 1352 J'ustam
1368 1320 1475 1345 autem
1499 1316 1687 1349 remisiionis
1711 1319 1837 1353 causam

957 1360 1023 1382 non
1047 1352 1246 1392 nominavit,
1270 1352 1474 1387 Modestinus
1497 1357 1540 1387 ait
1564 1356 1583 1388 l.
1613 1366 1659 1399 13.
1685 1357 1716 1400 §.
1735 1365 1764 1394 8.
1789 1363 1838 1394 D.

955 1392 983 1423 h.
1004 1397 1026 1423 t.
1051 1392 1213 1433 Superiori
1232 1393 1447 1428 observationi
1464 1398 1591 1430 accedit
1607 1400 1723 1433 altera:
1746 1403 1838 1443 quod

955 1443 1068 1465 omnes
1086 1434 1184 1466 causae
1206 1435 1328 1468 debent
1345 1435 1408 1468 ess'e
1430 1438 1601 1477 perfectae:
1624 1449 1697 1473 nam
1720 1442 1837 1484 imper-

953 1474 1066 1514 fectae,
1089 1476 1143 1507 etsi
1161 1476 1286 1517 plures,
1309 1486 1351 1509 ne
1366 1479 1546 1520 conJ'unCtae
1561 1482 1692 1522 quidem
1715 1484 1754 1515 ad
1780 1494 1837 1517 ex-

954 1517 1152 1549 cusationem
1175 1517 1316 1558 prosunt.
1347 1528 1415 1552 non
1443 1520 1560 1554 adfero
1590 1524 1755 1565 exempla:
1782 1535 1839 1559 ex-

957 1564 1026 1590 tant
1042 1559 1074 1591 in
1089 1558 1111 1591 l.
1140 1568 1188 1601 15.
1213 1558 1241 1600 §.
1261 1568 1308 1592 11.
1332 1561 1361 1593 d.
1379 1566 1402 1593 t.

1115 1649 1167 1684 II.

334 1743 400 1778 Ubi
411 1744 544 1790 pupillus
560 1743 685 1780 educari
701 1745 750 1780 vel
765 1747 881 1781 morari
898 1746 1022 1782 debeat:
1040 1744 1083 1786 δέ)
1100 1748 1136 1784 de
1153 1748 1308 1784 alimentis
1321 1749 1551 1799 eipraefi‘andis.

108 1847 183 1879 upra
202 1838 266 1871 dixi
289 1838 343 1870 sub
358 1837 494 1878 Titulo‚
517 1838 565 1870 De
579 1838 827 1881 administratione
843 1847 918 1874 tuto-

53 1839 104 1915 S
127 1890 213 1919 rum,
245 1888 387 1911 tutorem
402 1903 411 1919 ,
441 1889 594 1920 quantum
617 1882 656 1913 ad
679 1882 916 1922 providentiam

47 1922 254 1962 pupillarem,
279 1921 399 1953 domini
418 1922 494 1952 loco
519 1921 626 1953 haberi
643 1923 662 1954 l.
680 1932 727 1963 27.
742 1925 769 1954 d.
789 1930 810 1955 t.
834 1933 915 1956 eam-

46 1972 109 2004 que
134 1962 371 2003 providentiam
398 1963 501 1994 redire
527 1964 566 1995 ad
590 1963 656 1995 duo
690 1965 808 1996 summa
831 1966 915 2006 capi-

46 2012 94 2035 ta:
116 2003 167 2036 vel
187 2004 271 2035 enim
287 2004 327 2036 ad
341 2004 494 2036 curandas
513 2004 623 2045 pupilli
640 2014 708 2043 res,
731 2006 782 2037 vel
803 2007 842 2038 ad
864 2016 918 2038 ex-

44 2045 216 2077 hibendam
235 2045 300 2085 eJus
330 2044 516 2085 personam,
548 2047 720 2086 pertinere.
742 2047 827 2088 prius
854 2048 918 2080 illic

44 2094 200 2118 executus
214 2085 299 2125 sum3
322 2085 476 2126 posterius
491 2086 566 2118 huic
581 2086 696 2120 Titulo
716 2088 918 2121 reservavi.is

44 2130 142 2168 igitur
167 2127 314 2159 continet
337 2128 491 2168 integram
521 2129 633 2168 pupilli
662 2129 916 2163 exhibitionem:

48 2171 137 2209 cujus
154 2169 224 2200 duae
242 2168 311 2200 sunt
326 2177 443 2209 partes.
467 2178 528 2200 una
556 2169 621 2208 est,
645 2171 698 2201 ubi
725 2171 863 2211 pupillus
886 2182 917 2203 e-

45 2210 154 2241 ducari
171 2210 222 2241 vel
238 2210 353 2242 morari
372 2209 497 2242 debeat.
517 2211 614 2242 altera
632 2210 700 2243 finit
717 2213 864 2244 alimenta
889 2214 917 2245 ei

44 2251 228 2293 praestanda.
740 2295 746 2300 .

87 2292 189 2334 Quod
205 2291 321 2324 attinet
343 2293 382 2324 ad
400 2292 527 2331 locum,
550 2292 604 2324 ubi
621 2294 746 2325 educari
772 2296 823 2327 vel
846 2305 913 2328 mo-

43 2334 104 2366 rari
123 2333 240 2366 debeat
255 2334 409 2373 pupillus:
432 2334 474 2365 ait
490 2333 643 2373 Ulpianus
660 2335 679 2366 l.
699 2344 724 2367 1.
741 2337 770 2367 h.
790 2344 810 2368 t.
834 2336 913 2368 1³1·ae-

45 2379 167 2414 torem,
191 2376 279 2416 quod
295 2375 331 2406 fit
349 2375 620 2415 frequentiffimc,
643 2377 762 2409 aditum
775 2386 914 2416 ,utcon-

44 2415 170 2455 stituat,
194 2416 247 2447 ubi
264 2417 314 2447 vel
330 2417 452 2448 alantur
470 2418 521 2449 vel
544 2426 708 2450 morentur
729 2420 839 2460 pupilli
864 2421 915 2451 vel

47 2455 204 2496 posthumi
220 2457 270 2489 vel
287 2458 360 2495 alii,
384 2458 485 2489 solere
508 2468 547 2490 ex
565 2459 717 2498 persona,
741 2470 781 2492 ex
804 2461 915 2493 condi-

49 2496 158 2534 tione,
181 2498 210 2528 &
226 2508 266 2529 ex
282 2506 429 2539 tempore
447 2498 600 2538 statuere,
625 2501 678 2532 ubi
698 2502 806 2542 potius
831 2503 914 2534 alen-

48 2538 107 2568 dus
126 2536 162 2568 111
177 2539 322 2577 pupillus.
363 2539 486 2572 Indicio
505 2551 583 2573 vero
599 2542 627 2572 d.
647 2542 666 2572 l.
691 2552 716 2574 1.
733 2542 763 2584 §.
779 2553 807 2575 2.
830 2544 914 2575 vide·

49 2586 101 2609 tur
115 2578 210 2609 etiam
226 2578 339 2611 Ediao
355 2581 543 2621 promisisse,
568 2583 608 2613 de
624 2592 664 2614 eo
683 2583 713 2614 se
729 2583 791 2615 ess'e
806 2584 914 2616 decre-

49 2628 155 2650 turum
171 2619 259 2650 causa
276 2623 412 2660 cognita.
437 2631 498 2654 nec
519 2623 652 2663 dubito,
679 2625 755 2665 quin
780 2634 855 2657 ante
878 2636 913 2657 o-

47 2661 131 2691 mnia
147 2660 350 2692 considerarit
364 2662 563 2696 voluntatem
582 2665 691 2704 patris.
708 2675 801 2706 quarn
817 2668 913 2699 etiarn

48 2700 117 2732 Lex
136 2700 319 2733 Duodecim
342 2701 535 2737 Tabularum
559 2715 618 2744 pro
642 2705 728 2748 Lege
754 2707 913 2741 observari

46 2743 147 2781 juffit:
170 2743 210 2774 de
227 2743 292 2783 ejus
315 2743 434 2782 pietate
450 2753 523 2786 erga
545 2746 663 2779 liberos
690 2749 761 2780 suos
790 2751 917 2789 optime

48 2783 182 2823 sperans.
205 2783 236 2814 &
254 2792 358 2819 tamen
375 2785 419 2816 ait
439 2783 610 2827 Ulpianus,
635 2789 809 2821 Praetorem
836 2790 916 2830 justa

46 2834 86 2856 ex
110 2823 199 2855 causa
222 2833 239 2855 a
264 2825 431 2857 voluntate
453 2828 548 2867 patris
579 2831 749 2870 aliquando
783 2831 915 2864 recessu·

48 2874 125 2897 rum.
147 2865 216 2896 fac:
238 2865 323 2907 (hoc
337 2868 431 2907 ponit
445 2871 647 2911 exemplum)
670 2873 799 2910 quidam
823 2872 913 2905 testa-

48 2914 160 2938 mento
176 2906 232 2938 suo
249 2908 354 2946 cavit,
374 2916 410 2939 ut
424 2908 504 2942 filius
520 2913 601 2951 apud
618 2912 815 2945 substitutum
835 2915 912 2946 edu-

48 2956 149 2979 cetur.
172 2957 214 2980 ex
229 2947 282 2990 spe
298 2948 498 2982 succeffionis
515 2953 619 2992 potest
642 2955 763 2994 pupillo
787 2964 804 2986 a
828 2963 912 2987 tuto-

47 2999 81 3022 re
104 2990 206 3021 metui
227 2989 246 3021 l.
265 3000 294 3023 2.
312 2990 345 3021 C.
372 2991 400 3022 b.
425 2998 447 3022 t.
479 2992 572 3033 igitur
594 2994 765 3036 rescripsit,
788 2997 911 3037 inquit,

46 3029 223 3070 Imperator
238 3030 394 3070 Severus,
418 3032 611 3075 Praetorem,
632 3035 836 3076 praesentibus
852 3045 910 3070 033-

47 3072 121 3103 teris
143 3073 331 3113 propinquis
359 3073 529 3105 liberorum
550 3086 645 3118 agere
669 3086 843 3118 oportere,
879 3086 914 3112 ut

46 3113 109 3144 sine
125 3113 262 3155 maligna
284 3113 459 3155 suspicione
483 3117 582 3148 alatur
605 3126 721 3157 partus.
763 3118 914 3153 Similiter

46 3155 90 3185 ait
101 3152 260 3194 ¹Ulpianus
276 3155 295 3187 Ι.
312 3166 342 3196 5.
360 3156 388 3186 Ι).
406 3162 426 3187 t.
449 3158 616 3190 evitandos
632 3161 661 3191 in
679 3160 777 3192 causae
799 3163 910 3203 cogni-

45 3195 136 3227 tione
150 3195 210 3228 effe
227 3197 280 3238 qui
297 3197 460 3238 pudicitiae
481 3199 656 3241 impuberis
679 3201 811 3235 insidiari
834 3212 905 3245 poa-

958 1842 1028 1874 sint.
1072 1842 1172 1888 Quod
1190 1844 1210 1877 11
1228 1852 1319 1886 pater
1338 1855 1403 1878 non
1423 1848 1616 1891 designavit,
1639 1851 1695 1885 ubi
1718 1853 1836 1891 morari

959 1891 1013 1915 aut
1028 1885 1156 1917 educari
1175 1887 1293 1918 debeat
1309 1889 1464 1929 pupillus;
1488 1892 1619 1925 rationis
1635 1894 1699 1927 else
1721 1904 1837 1937 putant

958 1923 1182 1960 Diocletianus
1198 1928 1227 1959 &
1243 1928 1460 1962 Maximianus
1475 1932 1495 1964 1.
1515 1942 1543 1965 1.
1567 1933 1601 1965 C.
1621 1935 1650 1966 d.
1669 1942 1692 1967 t.
1719 1939 1836 1970 educa-

960 1967 1082 1999 tionem
1114 1969 1192 2000 nulli
1216 1970 1315 2011 magis
1343 1974 1525 2013 committi,
1548 1983 1643 2016 quam
1661 1979 1769 2010 matri:
1792 1987 1838 2011 ta-

960 2016 1033 2039 men
1050 2009 1104 2040 sub
1121 2009 1187 2041 hoc
1203 2018 1478 2055 temperament03
1501 2015 1556 2048 nisi
1572 2018 1721 2051 vitricum
1740 2021 1769 2052 ei
1789 2021 1838 2054 in·

961 2050 1098 2081 duxerit.
1143 2053 1187 2083 At
1203 2052 1287 2085 enim
1310 2053 1341 2085 in
1358 2053 1378 2086 l.
1396 2056 1452 2088 ult.
1481 2057 1514 2088 C.
1533 2059 1567 2089 de
1590 2065 1717 2093 contrat.
1737 2061 1837 2102 judic.

960 2091 1042 2122 rutel.
1066 2096 1223 2131 reperitur
1242 2094 1372 2128 vitricus
1389 2097 1526 2139 privigni
1542 2098 1585 2131 sui
1604 2107 1701 2133 tutor.
1723 2101 1832 2137 Novi:

961 2131 1014 2163 sed
1037 2133 1267 2175 confingendas
1293 2136 1382 2169 casus
1404 2146 1446 2170 ex
1476 2141 1496 2171 s.
1518 2150 1547 2173 2.
1570 2141 1602 2173 C.
1629 2143 1662 2173 de
1687 2144 1836 2178 interdist.

960 2174 1087 2204 inatrim.
1112 2176 1166 2206 int.
1182 2176 1287 2215 pupill.
1314 2177 1350 2212 δέ’
1372 2183 1427 2211 tut.
1461 2182 1492 2212 in
1518 2190 1579 2223 qua
1604 2183 1722 2216 dicitur
1747 2193 1836 2220 tutor

962 2223 1096 2247 uxorem
1120 2213 1241 2249 duxisse
1257 2219 1369 2260 pupilli
1388 2219 1432 2253 sui
1455 2229 1606 2256 matrem:
1632 2227 1721 2266 quod
1745 2228 1774 2259 ei
1799 2228 1838 2260 li-

961 2265 1055 2294 cere,
1087 2257 1159 2288 alibi
1187 2258 1436 2293 observavimus.
1481 2263 1640 2297 Caeterum
1658 2266 1705 2299 est
1729 2267 1759 2300 δε
1782 2269 1835 2301 illa

957 2297 1016 2328 hac
1032 2300 1063 2328 in
1081 2306 1171 2337 parte
1187 2299 1361 2341 inspectio,
1385 2304 1462 2343 quid
1483 2305 1560 2346 juris
1589 2306 1645 2346 sit,
1668 2305 1689 2340 si
1710 2309 1834 2343 Praetor

958 2338 1048 2369 causa
1069 2341 1200 2381 cognita
1225 2342 1358 2382 elegerit
1379 2344 1538 2386 aliquem,
1561 2349 1646 2388 apud
1670 2358 1765 2390 quem
1782 2351 1833 2393 ju-

957 2379 1033 2410 beat
1058 2381 1212 2421 pupillum
1236 2384 1364 2416 educari
1389 2387 1440 2418 vel
1463 2389 1598 2428 morari;
1628 2390 1720 2432 isque
1745 2398 1838 2426 recu·

958 2420 1030 2452 set‘?
1052 2421 1130 2453 Silet
1152 2423 1205 2454 hic
1226 2422 1386 2457 Edictum.
1409 2427 1461 2460 sed
1488 2429 1641 2471 Ulpianus
1667 2433 1695 2464 d.
1712 2433 1733 2466 l.
1752 2443 1778 2466 1.
1802 2435 1834 2477 §.

958 2471 986 2493 2.
1006 2461 1044 2507 ὅ)
1063 2472 1091 2504 3.
1108 2464 1155 2494 D.
1171 2464 1200 2496 b.
1217 2471 1239 2496 t.
1263 2465 1305 2497 fic
1327 2466 1448 2500 scribit:
1471 2469 1621 2512 ⁴Quamvis
1647 2473 1762 2507 Proetor
1787 2486 1833 2507 re-

957 2504 1102 2542 cusantem
1117 2506 1195 2545 apud
1204 2507 1239 2546 se
1261 2509 1376 2539 educari
1395 2519 1453 2541 non
1472 2512 1646 2552 polliceatur
1656 2516 1692 2555 se
1716 2516 1831 2549 coactu-

957 2553 1040 2583 rum,
1064 2551 1192 2577 attamen
1209 2546 1372 2588 quaestionis
1394 2549 1451 2591 est,
1474 2562 1513 2584 an
1531 2555 1628 2586 aebeat
1647 2558 1734 2589 etiam
1750 2559 1830 2590 invi·

956 2590 1017 2616 tum
1040 2596 1153 2628 cogere:
1182 2593 1288 2629 utputa
1309 2590 1460 2631 libertum,
1485 2601 1656 2637 parentem,
1678 2599 1726 2630 vel
1749 2608 1831 2640 quem

956 2627 1045 2658 alium
1060 2632 1093 2659 ae
1109 2627 1255 2669 adfinibus
1272 2633 1464 2673 cognatisve?
1487 2635 1524 2670 δ’
1538 2640 1632 2680 magis
1645 2637 1702 2679 est,
1726 2647 1759 2670 ut
1781 2640 1829 2670 in-

957 2670 1070 2699 terdum
1091 2670 1186 2701 debeat
1202 2672 1350 2707 idfacere.
1393 2674 1475 2706 Certe
1489 2686 1546 2709 non
1561 2679 1636 2710 male
1656 2681 1781 2718 dicetur,
1797 2679 1828 2719 fi

956 2709 1114 2757 legatarius
1140 2712 1188 2742 vel
1209 2713 1288 2755 heres
1311 2716 1507 2750 educationem
1530 2721 1639 2761 recuset
1664 2719 1828 2759 testamento

951 2750 1009 2788 fibi
1031 2751 1212 2792 injunctam,
1235 2755 1373 2797 denegari
1395 2758 1422 2788 ei
1448 2758 1571 2792 afflones
1595 2762 1706 2791 debere:
1734 2770 1829 2794 exem·

953 2792 1001 2831 plo
1021 2794 1125 2824 tutoris
1140 2793 1304 2835 testamento
1319 2799 1391 2830 dati.
1414 2802 1490 2840 quod
1505 2802 1547 2833 ita
1562 2803 1673 2832 demum
1693 2801 1828 2844 placuit,

951 2831 980 2870 fi
995 2834 1099 2865 idcirco
1116 2834 1157 2873 fit
1182 2836 1323 2871 relietum.
1344 2845 1497 2882 ceterum,
1521 2841 1550 2880 fi
1565 2840 1629 2880 effet
1650 2841 1825 2884 relisturus,

958 2874 1067 2913 etiamst
1090 2878 1284 2911 educationem
1312 2882 1510 2923 recusaturum
1520 2882 1630 2921 sciret,
1663 2891 1721 2913 ”⁰72
1743 2886 1826 2916 dene-

950 2917 1071 2956 gabitur
1092 2918 1119 2948 ei
1147 2918 1231 2952 aftio.
1264 2920 1302 2956 ὅ)
1330 2923 1373 2955 ita
1396 2925 1442 2955 D.
1466 2924 1587 2954 Severus
1605 2922 1756 2964 soepiffime
1783 2935 1827 2958 re-

943 2957 1073 2997 scripfic.

994 2999 1100 3031 Altera
1115 2999 1217 3034 Tituli
1234 3012 1304 3044 pars
1319 3010 1494 3045 occupatur
1504 3005 1587 3036 circa
1603 3005 1752 3039 alimenta
1768 3016 1827 3048 pu-

956 3040 1033 3080 pillo
1049 3042 1232 3081 praestanda.
1273 3046 1507 3079 Alimentorum
1524 3054 1630 3078 autern
1646 3049 1822 3089 appellatio

954 3081 1072 3120 (Paulo
1088 3084 1263 3126 interprete
1279 3089 1298 3118 l.
1324 3095 1370 3117 12.
1387 3086 1416 3126 §.
1431 3096 1460 3126 3.
1476 3086 1516 3117 D.
1531 3089 1564 3118 de
1580 3089 1690 3121 atlmin.
1710 3092 1824 3132 tutor.)

954 3122 1009 3154 hic
1024 3126 1249 3166 complectitur
1262 3128 1409 3158 alimenta
1427 3134 1490 3158 tam
1509 3129 1623 3169 animi,
1642 3138 1736 3171 quam
1752 3140 1823 3164 cor-

954 3165 1064 3203 poris:
1095 3168 1128 3199 id
1150 3168 1213 3207 est,
1235 3168 1375 3206 victum,
1399 3168 1606 3211 vestimenta,
1629 3178 1769 3211 testum,
1799 3174 1823 3203 i-

948 3212 1014 3239 tem
1035 3206 1174 3244 famulos
1191 3207 1402 3248 necessariOS,
1426 3209 1455 3242 δε
1473 3210 1636 3252 postremo
1653 3213 1822 3252 mercedes

1743 3262 1821 3293 prze-
