2036 3495
524 109 591 156 An
617 123 708 157 Lis.
734 108 794 156 ΠΙ.
833 122 931 158 Ttr.
962 108 1025 159 VI.
1060 122 1109 158 De
1126 113 1410 162 calmnniatori'bu's.

58 206 120 249 'b'us
144 215 267 248 modis:
291 214 342 247 vel
364 215 432 255 Jure
450 211 662 254 pensationis‚
682 211 702 244 fi
718 220 828 253 agatur
847 212 935 244 refto

59 259 180 299 {udicio
194 267 200 288 :
215 257 266 288 vel
285 257 388 294 ul[1·0;
405 254 426 287 fi
443 264 483 285 eo
499 264 564 286 non
581 262 691 295 agatur
708 254 728 284 l.
751 263 796 286 10.
814 255 841 284 h.
862 261 882 285 t.
901 255 935 286 fi-

59 306 116 331 cut
129 301 226 331 etiam
242 298 316 330 alibi
335 304 486 329 monetur
501 297 519 327 l.
535 305 580 336 17-
601 296 630 337 §.
645 305 670 327 1.
688 294 754 329 &t
768 302 813 330 18.
832 296 860 336 §.
881 297 934 327 ult.

59 341 104 373 D.
116 340 302 372 Commodati.
327 338 379 370 De
389 347 430 370 eo
447 338 672 379 cogitandum,
689 338 765 377 quid
780 339 808 368 in
825 338 933 369 ‹l.l.1o.

61 381 202 424 designet
218 381 350 423 sequens
368 379 494 420 Ulpiani
516 380 623 416 locus,
649 379 793 410 Antonio
813 379 932 418 Fabio,

61 422 143 456 Viro
161 423 318 461 Erudito,
340 422 442 463 gravis
461 420 656 459 &suspettus
673 429 782 451 manus
799 421 827 451 ἃ
847 421 933 451 insci·

63 466 116 497 tiae
134 464 333 496 Triboniani.
375 463 431 494 Sed
452 471 491 492 an
515 461 590 493 ultro
614 463 685 492 mihi
701 463 840 493 tribuitur
860 462 933 493 ιιὲῖἰο

61 506 226 548 ffitmptuztm
242 504 406 548 quossecz'?
431 503 467 538 ὅ)
481 509 551 544 puto
570 510 738 543 competere:
760 503 933 544 nifispecia-

54 542 126 579 'liter
142 550 172 579 ici
189 548 286 580 abtum
303 544 359 587 est,
383 551 417 576 ut
435 551 536 576 neuter
551 546 689 585 adversus
706 545 829 576 alterum
845 546 932 576 aelio-

59 599 124 620 nem
140 591 248 621 babeat.
275 587 506 628 Conjungenda
523 595 596 617 cum
614 586 630 617 l.
654 592 681 620 8.
699 586 728 627 §.
745 587 798 617 ult.
816 595 932 627 praece-

59 631 159 662 dente
177 631 237 662 esse
256 630 324 660 haec
340 629 456 667 verba,
480 638 521 659 ex
540 629 705 669 utriusque
722 628 932 667 inscriptione

58 671 143 704 bene
160 671 384 703 animadvertit
400 669 560 701 Antonius
575 669 684 701 Faber.
711 669 762 701 sed
779 679 796 700 a
813 669 931 700 Tribo-

56 716 153 744 niano
169 713 285 744 violata
303 711 380 750 ess'e,
406 711 518 743 frustm
535 711 676 743 metuit?
700 710 858 742 Nimirum
877 721 932 741 vo-

57 756 144 793 lunt,
167 753 189 785 fi
213 763 291 785 unus
317 763 359 785 ex
385 753 511 785 duobus
530 752 621 785 sociis
639 753 829 793 prohibeat,
853 753 932 784 alter

56 804 121 828 non
148 795 337 835 probibeat,
361 795 401 826 ab
421 802 576 826 extraneo
600 796 666 836 geri
687 803 859 826 commune
878 804 930 824 ne-

55 838 196 879 gotium:
215 845 281 868 tum
299 836 320 868 fi
337 836 495 877 posterior
512 837 641 875 quinon
661 836 827 877 prohibuit
842 835 929 876 geri,

55 879 183 909 actione
200 878 318 910 directa
336 886 408 919 agat
424 877 570 910 adversus
586 878 765 919 gestorem3
788 878 929 908 invicem

54 920 129 952 huic
153 920 302 951 adversus
327 929 399 951 eum
421 920 489 959 jure
513 920 709 959 pensationis
740 926 929 959 competere

53 962 247 993 contrariam
262 960 443 1002 sumptuum
455 961 631 995 actionem:
650 962 722 1002 quia
738 969 848 992 verum
865 959 929 998 est,

54 1002 192 1034 absentis
211 1003 240 1035 &
256 1004 430 1044 ignorantis
446 1006 610 1044 negotium
623 1002 662 1034 ab
678 1013 719 1034 eo
729 1001 852 1043 gestum
868 1000 930 1032 effe

53 1046 194 1083 utiliter3
217 1045 294 1076 licet
309 1045 390 1076 alter
407 1044 511 1075 socius
528 1045 630 1084 palam
645 1045 711 1084 geri
730 1042 930 1083 prohibuet‘it

55 1095 229 1118 commune
252 1087 439 1126 negotium,
463 1095 525 1117 nec
549 1096 589 1117 ex
613 1085 704 1125 gesto
727 1085 850 1117 idcirco
868 1084 929 1115 ulla

53 1136 145 1169 parte
163 1134 316 1159 teneatur.
343 1127 496 1169 Idemque
515 1127 596 1166 effe,
614 1127 635 1158 fi
652 1127 706 1159 ille
723 1125 826 1157 socius
843 1126 930 1166 cujus

54 1169 141 1201 nulla
159 1177 249 1200 extat
263 1170 440 1210 prohibitio
451 1192 461 1207 ‚
485 1168 582 1200 ceffet
598 1178 693 1209 agere
708 1166 835 1199 actione
852 1167 930 1198 dire-

55 1210 123 1242 fta:
140 1220 210 1242 nam
227 1210 345 1252 gestor-i
362 1211 457 1242 etiam
474 1217 540 1241 tum
557 1210 641 1241 ultro
660 1209 753 1240 tribui
770 1209 930 1239 astionem

51 1251 234 1292 sumptuum
247 1275 256 1290 ,
280 1253 352 1292 quia
377 1252 480 1283 adhuc
499 1251 544 1282 est
562 1251 695 1289 eadem,
720 1259 791 1290 quae
809 1258 883 1296 apte
900 1259 930 1280 e·

54 1301 122 1331 rat,
139 1294 203 1333 ejus
221 1294 333 1325 dandae
349 1295 448 1324 ratio:
472 1292 527 1323 nisi
543 1292 562 1324 fi
580 1293 663 1323 inter
679 1301 735 1323 eos
751 1291 930 1331 speeialitet·

56 1336 229 1371 convenit,
253 1333 345 1366 finito
364 1334 518 1375 negoti03
543 1340 577 1364 ut
594 1341 707 1364 neuter
723 1332 868 1364 adversus
888 1332 929 1377 al-

55 1383 158 1407 terum
184 1375 299 1407 habeat
322 1375 489 1406 actionem.
538 1374 620 1405 Meo
643 1374 782 1414 judicio,
808 1374 853 1405 est
874 1373 925 1404 hic

53 1416 290 1457 simplicissimus
314 1416 440 1457 Ulpiani
465 1415 568 1448 sensus
585 1439 594 1454 ‚
634 1424 732 1455 atque
755 1424 796 1447 eo
821 1416 925 1446 minus

55 1459 228 1499 culpandus
247 1457 369 1490 Fabr0:
389 1458 477 1498 quod
501 1458 531 1488 in
548 1458 766 1497 obligatione,
792 1458 925 1488 domino

55 1500 223 1541 ignorante
247 1508 319 1531 nata
341 1499 429 1541 quast
443 1509 483 1531 ex
504 1499 689 1537 contractu,
714 1507 787 1529 ante
803 1498 924 1540 gestum

57 1541 187 1580 quidem
203 1542 368 1581 negotium
387 1550 452 1573 non
470 1541 577 1581 potuit
595 1540 770 1580 specialiter
784 1549 925 1571 conven-

57 1588 124 1612 tum
138 1581 288 1622 intelligi,
313 1588 347 1613 ut
372 1590 485 1614 neuter
511 1581 658 1613 adversus
677 1582 810 1614 alterum
828 1581 924 1613 habc-

56 1630 108 1654 ret
134 1622 308 1654 astionem:
329 1628 361 1654 at
386 1623 456 1663 post
479 1622 655 1664 gestionem
679 1622 863 1664 interposita
882 1633 925 1655 ta·

58 1664 97 1696 lis
115 1663 238 1704 pactio,
252 1665 319 1704 Jure
334 1665 519 1705 interpofita
535 1664 599 1704 est;
620 1666 763 1706 ideoque
778 1673 844 1697 non
860 1665 924 1703 est,

59 1714 117 1736 cur
131 1714 148 1736 a
163 1705 303 1737 Praetore
319 1705 466 1737 servanda
483 1715 546 1737 non
563 1706 600 1738 fit
615 1707 633 1737 l.
645 1716 673 1747 7.
685 1707 714 1748 §.
725 1716 754 1747 7.
771 1707 812 1739 D.
830 1707 861 1738 tle
873 1713 924 1748 pct-

58 1745 120 1777 etis.
143 1745 313 1785 praesertim
330 1756 394 1778 non
412 1747 595 1779 obstruente
613 1749 677 1788 ejus
695 1749 877 1788 aequitatem
887 1748 927 1780 al-

58 1788 88 1819 le
112 1789 219 1828 atione
231 1789 358 1819 alterius
370 1787 462 1820 socii:
476 1790 650 1828 clamantis,
661 1791 793 1822 domino
803 1791 907 1822 invito
917 1812 927 1829 ,

55 1828 89 1859 :fa
125 1838 160 1860 os
176 1839 191 1860 a
205 1830 331 1869 gestore
346 1829 408 1861 effe
424 1829 582 1871 sumptus;
600 1841 640 1862 eo
657 1832 744 1872 quod
759 1831 831 1864 fatti
851 1832 927 1872 sint,

55 1870 125 1910 ipso
143 1871 353 1911 prohibente:
369 1881 440 1903 cum
451 1871 602 1913 agestore
617 1873 646 1903 ei
658 1874 832 1914 imputetur
842 1873 929 1906 nibil.

68 1931 70 1934 >
97 1911 289 1945 Omittamus
308 1912 436 1953 Ulpiani
457 1914 553 1945 verba
567 1913 638 1946 satis
655 1916 824 1957 explicita,¹
846 1915 929 1948 salva

709 1999 1058 2036 T1Tutus

1816 132 1862 174 79

979 210 1170 245 Triboniani
1189 214 1433 248 existimatione.
1461 215 1635 249 Videamus
1653 224 1779 249 caetera.
1803 216 1859 258 igi-

979 261 1029 284 tur
1038 254 1133 285 cess'at
1143 254 1322 296 sumptuum
1333 259 1508 299 repetitio:
1524 258 1543 290 fi
1555 266 1609 289 aut
1619 258 1795 299 specialiter
1810 268 1859 289 re·

978 296 1224 341 nunciatumeis
1239 297 1274 329 sit
1294 299 1365 339 post
1381 301 1501 342 negotii
1519 300 1700 341 gestionem
1718 302 1745 332 d.
1765 300 1784 332 l.
1806 309 1854 333 10.

978 344 1032 367 aut
1049 336 1124 368 fasti
1142 339 1288 370 dicantur
1304 341 1407 372 invito
1424 346 1452 373 ὁ(
1464 342 1657 381 probibente
1674 342 1808 376 domino
1824 343 1853 374 d.

977 377 998 408 l.
1017 383 1045 411 8.
1070 378 1098 419 §.
1118 380 1171 410 ult.
1194 381 1234 411 t).
1260 382 1278 412 l.
1298 383 1352 413 ult.
1373 384 1406 414 C.
1424 383 1452 415 l).
1471 390 1493 414 t.
1520 384 1539 414 l.
1559 394 1609 422 40.
1631 384 1676 416 D.
1699 383 1854 415 Mandati.

977 419 1083 466 AEque
1097 420 1174 459 justa
1194 422 1254 453 erit
1271 423 1392 455 domini
1414 425 1585 466 allegatio,
1609 425 1672 456 csse
1693 425 1797 457 fastos
1822 424 1856 457 in

977 470 1045 505 rem
1061 461 1113 492 libi
1128 471 1192 493 non
1209 464 1409 496 necessariam
1421 489 1430 504 ‚
1448 467 1499 497 vel
1515 465 1545 497 se
1562 476 1783 506 onerantium,
1804 467 1857 498 vel

975 511 992 532 a
1010 502 1040 532 le
1055 503 1239 536 derelictam
1248 507 1276 536 d.
1294 506 1313 537 l.
1329 515 1373 539 10.
1385 507 1412 548 §.
1428 517 1452 539 1.
1472 516 1523 539 aut
1539 507 1600 539 ess‘e
1617 509 1721 548 plures
1733 533 1742 547 ‚
1759 518 1852 550 quam

976 551 1127 582 oporteat
1143 545 1162 576 l.
1182 555 1230 586 25.
1261 555 1315 578 aut
1330 548 1431 580 fattos
1458 549 1542 581 nulla
1555 557 1599 580 ‘re
1618 558 1773 590 urgente,
1798 550 1851 581 vel

976 586 1149 625 voluptatis
1165 586 1254 619 causa
1269 589 1288 619 i.
1307 599 1354 629 27.
1388 589 1422 621 In
1441 591 1590 622 omnibus
1606 592 1692 623 enim
1710 591 1800 623 hisce
1814 600 1853 622 an

975 626 1168 672 adscribatur
1190 630 1326 661 domino
1344 632 1432 672 quod
1452 636 1475 663 is
1499 633 1538 663 acl
1556 631 1585 662 se
1608 633 1768 672 pertinere
1786 643 1853 664 non

976 667 1162 701 existimet?
1187 671 1251 702 hoc
1276 671 1344 704 fieri
1366 672 1431 705 non
1456 673 1532 706 sinat
1550 673 1633 704 bona
1651 672 1747 706 fides:
1772 674 1854 705 intra

976 718 1070 748 quam
1089 710 1119 740 sc
1138 719 1228 743 tenet
1243 714 1373 753 aequitas
1391 715 1557 746 contrariae
1576 715 1720 747 actionis.
1765 715 1854 756 Quid

975 749 996 781 si
1014 751 1161 796 impensae
1179 755 1310 793 quidem
1337 757 1483 788 dicantur
1503 755 1597 788 faetae
1614 757 1644 787 in
1662 765 1730 788 rem
1749 756 1854 787 alteri-

973 799 1028 830 us;
1052 793 1103 824 led
1120 795 1248 833 pictatis
1271 796 1406 835 intuitu,
1431 797 1666 838 consequenter
1693 798 1853 836 donandi,

972 842 1037 864 non
1060 836 1211 867 credendi
1237 837 1267 868 ἀ
1291 840 1477 878 repetendi,
1501 839 1633 871 animo?
1657 849 1696 871 ne
1715 840 1752 871 lis
1770 848 1856 879 quae-

972 873 1064 905 stioni
1081 874 1116 906 fit
1128 899 1138 914 ‚
1157 887 1198 907 en
1215 878 1280 917 ejus
1291 881 1437 919 exempla
1453 881 1483 912 in
1499 882 1528 912 d.
1545 882 1564 912 l.
1578 891 1625 921 27.
1643 880 1673 923 §.
1688 891 1713 913 1.
1729 880 1771 912 D.
1784 881 1804 913 l.
1824 890 1852 912 1.

972 915 992 946 l.
1013 925 1059 961 ii.
1075 916 1094 946 l.
1117 926 1164 948 12.
1184 918 1204 948 l.
1226 927 1270 959 13.
1286 920 1305 950 I.
1327 930 1373 959 15.
1394 922 1425 952 C.
1443 923 1470 952 h.
1485 929 1506 953 t.
1524 923 1544 953 l.
1563 924 1614 963 ²50.
1632 923 1673 954 D.
1691 920 1792 954 Fama.
1809 932 1851 953 er-

973 958 1036 998 cisc.
1060 956 1120 1003 De
1132 968 1168 989 ea
1184 959 1240 991 lite
1256 961 1419 993 consultus
1435 963 1550 994 Paulus
1566 964 1646 1005 l.34.
1664 963 1706 995 D.
1724 964 1753 997 h.
1771 971 1792 995 τ.
1809 964 1852 995 fic

973 997 1155 1038 respondit:
1173 1000 1248 1032 Haec
1263 1002 1427 1043 disceptatio
1444 1005 1475 1034 in
1484 1004 1605 1045 fabium
1620 1005 1757 1046 constitit.
1783 1007 1827 1038 ait
1838 1029 1850 1043 ‚

972 1039 1150 1080 infastum,
1174 1051 1233 1082 pro
1249 1045 1280 1075 in
1295 1044 1392 1080 facto:
1415 1043 1587 1086 frequente
1604 1048 1688 1088 apud
1708 1046 1848 1079 Veteres

974 1082 1127 1129 loquendi
1145 1082 1270 1122 forma,
1284 1085 1347 1125 jam
1364 1095 1381 1117 a
1398 1087 1504 1118 multis
1517 1087 1597 1127 saepe
1614 1088 1790 1127 notata,'&
1807 1090 1854 1120 in-

974 1130 1023 1154 ter
1040 1124 1120 1169 alios
1137 1134 1154 1155 a
1172 1124 1213 1156 V.
1236 1126 1296 1158 CL.
1313 1126 1460 1167 johanne
1477 1128 1651 1161 Frederico
1675 1129 1851 1162 Gronovio

973 1164 1012 1210 ²¹5¹
1031 1163 1156 1197 Livium
1173 1167 1221 1198 lib.
1240 1178 1270 1199 2.
1287 1178 1311 1200 c.
1337 1176 1383 1207 14.
1407 1169 1519 1201 Sensus
1537 1171 1639 1210 Pauli,
1657 1171 1856 1214 Praesentem

974 1205 1064 1237 litem
1089 1209 1229 1246 pendere
1254 1219 1270 1240 a
1294 1210 1536 1243 circumstantiis
1554 1212 1593 1243 ab
1611 1221 1745 1253 utraque
1761 1223 1855 1252 parte·

975 1246 1055 1287 saepe
1071 1249 1299 1288 probabilibus.
1325 1261 1362 1282 ac
1378 1253 1431 1283 vix
1449 1254 1582 1286 dubito:
1599 1254 1675 1293 quin
1693 1252 1736 1285 illi
1752 1254 1856 1285 fuerit:

973 1288 1137 1321 consilium
1149 1314 1158 1329 ‚
1176 1290 1347 1325 secundum
1364 1293 1382 1324 l.
1406 1302 1472 1333 114.
1493 1293 1536 1325 D.
1554 1296 1587 1325 de
1604 1304 1662 1335 reg.
1673 1295 1737 1337 jur.
1757 1296 1854 1336 (quae

973 1330 1018 1361 est
1033 1330 1196 1372 desumpta
1212 1343 1253 1365 ex
1272 1334 1337 1374 ejus
1356 1335 1410 1366 lib.
1427 1345 1456 1372 9.
1488 1336 1537 1367 Ad
1555 1335 1702 1368 Edictum
1715 1360 1724 1375 ,
1748 1337 1777 1368 δι
1794 1337 1859 1368 hu·-

969 1373 1017 1411 jus
1036 1373 1119 1414 loci)
1141 1375 1192 1405 bic
1209 1375 1484 1416 inspicere,quod
1502 1379 1533 1409 in
1543 1378 1686 1410 obscuris
1706 1378 1804 1410 solet:
1820 1378 1857 1410 id

970 1413 1035 1459 est,
1060 1416 1149 1459 quod
1173 1416 1370 1449 verisimilius
1395 1417 1459 1456 est,
1483 1427 1536 1450 aut
1554 1421 1643 1461 quod
1659 1421 1854 1460 plerumque

969 1456 1037 1486 neri
1064 1457 1155 1487 lolet.
1201 1457 1253 1489 Dc
1279 1469 1320 1490 eo
1345 1469 1410 1491 non
1435 1460 1570 1499 dubito,
1596 1463 1671 1502 quin
1690 1462 1773 1493 inter
1792 1461 1854 1493 alia

969 1497 1145 1529 voluntatis
1165 1500 1300 1538 indicia,
1324 1502 1354 1531 in
1371 1502 1399 1532 d.
1418 1501 1436 1532 l.
1455 1511 1507 1542 34.
1529 1511 1589 1542 pro
1608 1511 1742 1544 utraque
1760 1512 1854 1543 parte

968 1539 1115 1578 prodita,
1140 1540 1204 1571 hoc
1228 1541 1313 1573 Pauli
1337 1542 1373 1573 iit
1401 1543 1640 1582 decretorium,
1664 1553 1772 1577 utrum
1790 1545 1853 1576 im-

967 1580 1071 1621 pensae
1088 1581 1159 1621 post
1176 1591 1313 1615 mortem
1331 1583 1464 1625 gestoris
1482 1586 1603 1626 negotii
1628 1586 1673 1626 (is
1697 1587 1854 1626 proponi-

969 1630 1019 1653 tur
1037 1622 1144 1664 casus)
1160 1626 1357 1665 reperiantur
1369 1626 1476 1657 relatae
1493 1626 1525 1658 in
1537 1627 1651 1659 librum
1669 1628 1853 1665 rationum,

971 1670 1009 1695 an
1028 1673 1104 1696 non.
1130 1666 1301 1705 videlicet,
1318 1668 1407 1707 quod
1425 1667 1504 1699 illud
1520 1669 1550 1700 in
1570 1669 1717 1708 credito,
1734 1668 1800 1700 hoc
1817 1669 1851 1701 in

970 1705 1153 1746 beneficio,
1178 1707 1249 1739 fieri
1267 1708 1406 1741 solitum.
1452 1709 1583 1742 Morem
1609 1714 1711 1752 tangit
1728 1710 1852 1742 Seneca

970 1746 1018 1778 tib.
1039 1753 1066 1779 1.
1085 1748 1133 1780 De
1151 1748 1266 1789 benefic.
1285 1761 1310 1782 c.
1325 1761 1351 1782 2.
1397 1750 1505 1782 Verba
1520 1751 1669 1783 Senecae:
1693 1752 1788 1784 Nemo
1803 1754 1850 1784 be-

971 1788 1075 1829 neficia
1100 1791 1133 1821 in
1156 1792 1321 1824 kalendario
1340 1791 1462 1833 sbrihit:
1485 1802 1536 1824 nec
1550 1804 1660 1825 avarus
1678 1793 1795 1826 exuitor
1811 1792 1850 1825 uzi

971 1831 1070 1863 boram
1087 1831 1123 1867 &³
1140 1834 1212 1864 diem
1228 1835 1361 1874 appellat.
1394 1844 1552 1875 numquam
1567 1836 1618 1866 illa
1633 1836 1682 1868 vir
1699 1838 1788 1867 bonus
1803 1845 1852 1867 co-

968 1875 1048 1914 gitat
1058 1896 1067 1912 ,
1082 1872 1139 1912 nisi
1149 1876 1313 1908 admonitus
1330 1886 1348 1908 ct
1363 1877 1497 1907 reddente
1508 1888 1517 1907 :
1532 1877 1662 1919 alioquin
1678 1878 1711 1910 in
1713 1877 1848 1919 formam

971 1916 1070 1946 crediti
1087 1916 1250 1957 transbunt.

1117 2001 1186 2036 VI.

773 2076 821 2110 De
838 2077 1122 2112 calummiatoribm.

57 2160 182 2235 CUR
198 2161 249 2192 bic
259 2160 407 2201 Titulus,
424 2165 477 2203 qui
495 2164 539 2196 est
556 2164 608 2196 De
627 2164 928 2206 calumniatoribus,

142 2203 321 2242 subjiciatur
335 2201 450 2236 Titulo
466 2204 518 2236 De
535 2208 673 2247 negotiis
689 2206 800 2248 gestis,
817 2208 929 2239 obscu-

57 2246 124 2276 rior
139 2244 219 2276 ratio
236 2243 290 2275 est.
307 2243 359 2275 sed
376 2245 453 2276 mihi
471 2247 646 2287 probabilis
663 2249 790 2280 videtur
804 2248 928 2281 senten-

56 2286 98 2317 tia
124 2285 234 2325 Jacobi
261 2285 401 2325 Cujacii‚
423 2287 471 2318 lib.
496 2297 545 2329 23.
570 2289 689 2330 Obstrv.
709 2300 733 2321 c.
756 2294 800 2321 16.
823 2291 931 2322 existi-¹

55 2328 187 2364 mantis,
210 2325 357 2358 Titulum
377 2330 431 2366 qui
449 2329 480 2360 in
497 2328 662 2362 Pandeetis
681 2330 726 2362 est
743 2330 794 2362 De
810 2333 927 2364 calum-

54 2368 251 2405 niatoribus,
268 2369 298 2399 in
315 2367 433 2400 Edicto
452 2370 614 2411 Perpetuo
624 2371 715 2404 fuisse
731 2381 927 2414 conceptum

53 2410 86 2442 in
104 2409 172 2441 haec
188 2410 303 2441 verba:
326 2409 375 2440 De
388 2412 462 2442 bisce
478 2414 709 2454 quipecum'czm‚
733 2420 767 2444 ut
783 2417 928 2456 negotium

46 2452 181 2491 sat-erent
196 2457 249 2482 (tut
271 2461 328 2482 nort
339 2451 497 2492 facerent,
521 2455 652 2496 accepiffe
675 2457 858 2488 dicerentur.-
882 2457 927 2488 id-

55 2502 117 2534 que
143 2493 264 2533 liquere
290 2501 329 2524 ex
345 2493 363 2524 l.
381 2500 449 2534 pen.
468 2495 499 2526 h.
516 2501 538 2528 t.
563 2497 657 2537 igitur
672 2498 829 2529 rationem
850 2508 927 2530 con·

54 2534 203 2566 nestendi
222 2533 312 2574 liujus
329 2533 433 2567 Tituli
460 2545 534 2568 cum
558 2538 685 2579 priore,
710 2537 762 2570 De
786 2540 926 2580 negotiis

55 2574 170 2616 gestis,
193 2576 334 2620 pendere
358 2585 398 2607 ex
424 2578 524 2620 verbo
546 2602 556 2618 ‚
580 2580 760 2622 Negotium:
779 2583 866 2622 quod
893 2591 926 2612 u·

55 2622 172 2654 troque
196 2625 225 2646 in
249 2615 364 2647 Titulo
388 2617 467 2656 fu1t3
492 2619 569 2651 licet
591 2630 657 2653 non
681 2623 792 2654 eadem
812 2622 926 2664 fignifi-

55 2657 193 2688 catione.
224 2665 260 2686 ac
278 2656 376 2688 simile
395 2658 551 2692 observari
568 2662 599 2693 in
623 2663 849 2703 conjunffione
871 2663 926 2695 Ti-

58 2698 136 2735 tuli,
160 2697 291 2736 Naum,
322 2705 478 2744 cqupoms,
495 2700 671 2743 stabularii,
695 2710 728 2736 ut
751 2711 861 2746 recepta
883 2715 926 2736 re-

50 2736 198 2780 stituant,
214 2746 288 2769 cum
304 2737 419 2770 Titulo
435 2740 483 2771 De
499 2746 634 2784 receptis,
650 2747 700 2786 qui
716 2747 870 2777 arbitrium
885 2756 927 2777 re-

56 2784 210 2821 ceperunt,
226 2784 260 2809 ut
269 2779 444 2819 sententiam
460 2783 577 2815 dicant:
601 2794 635 2817 ut
653 2789 683 2818 in
702 2787 776 2819 loco
794 2789 927 2819 dicetur.

58 2821 191 2854 Interim
209 2819 342 2860 praesens
356 2821 504 2854 Edictum
521 2827 608 2864 quod
625 2827 670 2858 est
687 2827 740 2859 De
760 2829 928 2861 calumnia-

58 2862 200 2901 toribus,
218 2861 366 2901 exposuit
385 2862 483 2903 Gajus
500 2865 553 2897 lib.
563 2875 592 2904 4.
618 2869 667 2899 Aci
683 2868 831 2902 Editstum
852 2871 927 2902 Pro-

56 2904 193 2936 vinciale
205 2926 214 2941 ‚
231 2902 382 2935 Paulus&
393 2903 546 2944 Ulpianus
558 2907 610 2939 lib.
626 2918 672 2941 10.
698 2910 746 2942 Ad
762 2910 927 2943 Edistum:

57 2956 98 2978 ex
115 2953 221 2986 eoque
236 2944 266 2975 in
284 2944 303 2975 l.
324 2954 347 2976 1.
362 2945 389 2976 b.
408 2952 428 2976 t.
446 2945 514 2977 haec
530 2956 639 2979 extant
654 2952 761 2982 verba.
794 2952 830 2983 In
846 2962 927 2992 eum,

57 2988 110 3029 qui
124 2993 158 3018 ut
174 2986 323 3017 calumniae
340 2987 425 3027 causti
442 2989 587 3028 negotium
597 2991 727 3030 faceret,
744 2994 790 3023 vel
804 3004 862 3025 non
873 2995 927 3034 scz-

55 3034 149 3067 cerec,
167 3028 322 3068 pecuniam
346 3028 478 3069 accepiffe
503 3030 640 3068 dicatum
662 3033 739 3065 intra
762 3044 872 3066 annum
897 3045 931 3066 in*

57 3069 250 3112 quadruplum
264 3069 326 3110 ejus
341 3072 468 3108 pecuniae
482 3079 568 3110 quam
577 3073 707 3114 accepiffe
722 3076 852 3112 dicatum
866 3075 928 3116 post

57 3120 167 3142 annum
177 3109 276 3151 simpli
288 3111 320 3140 in
330 3110 444 3148 fufium
459 3112 533 3143 aelio
549 3115 687 3153 competit.
722 3114 796 3146 Hoc
812 3117 928 3149 Edicto

54 3150 194 3190 Praetor,
218 3160 254 3184 ut
275 3151 382 3184 locum
402 3153 518 3184 babeat
534 3156 694 3195 proposita
714 3157 743 3188 in
761 3157 877 3189 saelum
895 3168 926 3189 a·

55 3193 139 3231 (tio,
159 3193 227 3225 vult
251 3193 390 3233 aliquem
415 3195 570 3236 accepiss‘e
592 3199 759 3238 pecuniam
776 3222 786 3238 ,
817 3209 851 3230 ut
874 3200 923 3232 alii

50 3233 219 3289 negotium
233 3233 357 3270 faceret
379 3236 542 3273 calumniae
560 3239 659 3275 causa.
702 3240 931 3281 calumniosus.

973 2173 1080 2198 autem
1098 2167 1198 2199 Paulo
1209 2167 1257 2198 lib.
1280 2177 1305 2199 1.
1325 2168 1456 2201 Seniani.
1477 2171 1523 2201 tit.
1544 2181 1573 2211 5.
1594 2169 1658 2208 est,
1675 2170 1728 2211 qui
1747 2170 1851 2202 sciens

973 2208 1180 2249 prudensque
1199 2217 1256 2248 per
1271 2209 1417 2242 fraudem
1428 2212 1595 2252 negotium
1611 2211 1704 2242 alicui
1722 2220 1852 2251 compa-

972 2258 1031 2280 rat.
1064 2250 1163 2289 qualis
1189 2249 1252 2288 est,
1277 2251 1331 2291 qui
1348 2253 1484 2284 vexandi
1502 2252 1632 2292 alicujus
1649 2252 1739 2283 causa
1757 2253 1786 2283 ei
1804 2253 1853 2284 in-

972 2289 1038 2322 fert
1053 2291 1142 2322 litem
1157 2291 1349 2332 improbam.
1393 2292 1475 2325 Sane
1498 2292 1596 2333 Gajus
1615 2293 1634 2324 l.
1653 2303 1723 2335 233.
1747 2293 1790 2325 D.
1817 2294 1852 2325 ἀὲ

972 2333 1051 2363 verb.
1069 2331 1176 2374 fignif.
1219 2333 1479 2366 Calumniatores
1495 2358 1508 2374 ,
1537 2336 1641 2375 inquit
1657 2358 1667 2373 ‚
1697 2335 1855 2376 appellati

972 2374 1060 2412 sunt,
1077 2374 1149 2414 quia
1166 2383 1222 2415 per
1233 2374 1379 2408 fraudem
1396 2376 1425 2408 &
1444 2376 1682 2408 frustrationem
1698 2377 1777 2408 alios
1794 2387 1854 2408 ve-

973 2423 1084 2446 xarent
1099 2415 1218 2448 litibus.
1248 2417 1285 2448 ἂ,
1300 2416 1404 2449 reete:
1428 2417 1473 2449 est
1489 2419 1574 2449 enim
1592 2416 1749 2450 calumnia
1765 2419 1853 2459 aput!

972 2455 1128 2495 Veteres,
1144 2456 1194 2498 (in
1213 2458 1327 2498 quibus
1342 2459 1457 2491 Paulus
1475 2459 1568 2500 Lpen.
1582 2458 1624 2490 D.
1643 2461 1676 2490 cle
1692 2460 1785 2491 hereti.
1804 2462 1853 2492 in-

963 2496 1029 2538 Jiit.
1045 2497 1181 2537 Justinus
1196 2499 1244 2531 lib.
1256 2504 1304 2540 38.
1315 2510 1339 2530 c.
1351 2509 1379 2540 7.
1396 2500 1426 2531 &
1443 2499 1615 2532 Suetonius
1633 2501 1728 2542 Calig.
1740 2512 1764 2533 c.
1776 2503 1851 2543 38.)

970 2540 1008 2570 lis
1025 2540 1211 2580 improba&
1227 2541 1364 2572 vexandi
1381 2540 1471 2572 causa
1486 2541 1636 2574 instituta.
1661 2541 1733 2575 Nec
1748 2543 1850 2575 refert

969 2581 1000 2612 in
1017 2581 1183 2622 proposito
1204 2592 1213 2620 ;
1236 2590 1342 2614 utrum
1359 2582 1411 2614 illa
1427 2583 1465 2614 lis
1481 2583 1518 2615 fit
1535 2583 1661 2623 civilis,
1685 2594 1722 2616 an
1742 2585 1848 2616 crimin

970 2622 1059 2653 nnlis.
1085 2624 1169 2655 clare
1186 2622 1343 2663 Ulpianus
1360 2623 1380 2654 l.
1402 2633 1428 2655 1.
1450 2623 1478 2665 §.
1500 2634 1524 2656 1.
1545 2625 1582 2660 ὅ)
1597 2625 1615 2656 l.
1626 2629 1655 2660 8.
1674 2626 1700 2657 b.
1721 2632 1741 2657 t.
1762 2626 1848 2658 Illud

970 2664 1111 2695 mirere:
1144 2665 1230 2703 quod
1254 2663 1376 2696 Praetor
1401 2665 1607 2699 hochdicto
1631 2667 1727 2699 etiam
1753 2669 1850 2708 punit:

971 2713 1042 2735 eum
1060 2705 1113 2745 qui
1131 2706 1247 2737 dicitur
1257 2707 1425 2746 pecuniam
1443 2707 1618 2746 accepisse;
1636 2719 1677 2740 ne
1693 2710 1743 2740 alii
1763 2708 1848 2740 face-

971 2754 1020 2777 ret
1036 2748 1214 2787 negotium.
1239 2756 1312 2779 nam
1328 2747 1391 2779 hoc
1414 2748 1498 2782 idem
1517 2749 1669 2791 fignificat
1686 2749 1844 2790 Ulpianus

971 2788 1000 2819 d.
1014 2787 1034 2818 l.
1052 2795 1077 2818 1.
1093 2793 1140 2828 pr.
1161 2788 1199 2819 In
1215 2797 1298 2828 eum,
1314 2789 1479 2830 inquiens,
1496 2793 1546 2833 qui
1562 2798 1598 2823 ut
1613 2792 1762 2824 calumniae
1775 2800 1842 2821 cnu-

964 2829 1002 2869 ffi
1026 2829 1174 2870 negotium
1190 2830 1323 2870 faceret,
1345 2832 1392 2862 vel
1406 2841 1464 2863 non
1473 2834 1608 2872 faceret,
1629 2834 1783 2871 pecuniam
1798 2841 1846 2862 ac-

971 2869 1066 2910 cepzffe
1081 2871 1202 2902 dicetur.
1226 2871 1269 2903 Et
1286 2879 1397 2905 contra
1409 2874 1503 2913 possit
1518 2874 1609 2906 alicui
1626 2873 1781 2905 laudabile
1799 2872 1846 2918 yi-

973 2911 1059 2950 deri,
1082 2912 1213 2946 alterum
1230 2922 1286 2954 per
1301 2914 1435 2947 alterurn
1459 2925 1524 2948 non
1541 2916 1649 2946 vexari
1668 2914 1846 2945 calumnio-

972 2950 1002 2982 sa
1018 2952 1074 2984 lite
1090 2953 1235 2987 adversus
1254 2955 1340 2996 leges
1357 2957 1386 2988 ἃ
1403 2957 1510 2989 bonos
1527 2966 1644 2989 mores.
1666 2953 1733 2986 Nisi
1750 2961 1846 2995 turpe

971 2992 1080 3033 foret,
1102 2996 1247 3036 accipere
1267 2999 1456 3037 pecuniam3
1478 3008 1518 3030 ne
1540 2997 1635 3028 facias
1661 2996 1750 3034 quod
1766 2995 1846 3036 legi·

972 3034 1029 3067 bus
1045 3036 1074 3067 ἃ
1091 3036 1182 3068 bonis
1198 3039 1339 3072 moribus
1355 3039 1550 3081 prohiberis:
1567 3038 1698 3068 volente
1714 3036 1846 3078 publica

972 3075 1149 3117 disciplina,
1173 3079 1319 3113 homines
1351 3091 1367 3112 a
1392 3081 1517 3122 flagitiis
1539 3078 1695 3110 abstinere
1714 3079 1844 3110 virtutis

969 3117 1130 3158 respectu,
1153 3129 1206 3152 aut
1229 3123 1335 3163 legum
1361 3121 1594 3159 veneratione;
1620 3129 1685 3151 non
1710 3121 1843 3160 privatis

969 3159 1184 3199 pastionibus:
1211 3172 1244 3194 ut
1271 3165 1392 3203 pridem
1417 3163 1527 3194 notavi
1544 3160 1716 3202 lib.fingul.
1734 3162 1785 3193 Ad
1800 3161 1842 3193 E-

966 3200 1033 3232 dz'Ct.
1051 3201 1098 3233 De
1107 3203 1185 3244 pati.
1204 3204 1241 3239 &²
1257 3204 1396 3243 transiisti.
1415 3214 1436 3234 c.
1447 3212 1475 3239 9.
1493 3202 1595 3242 infin.
1616 3202 1779 3236 Caeterum
1794 3203 1844 3235 vis

963 3241 1068 3280 Edicit
1080 3254 1145 3281 uon
1163 3246 1388 3279 adlitesssetit.
1415 3245 1511 3280 etiam
1523 3246 1841 3312 aliamqualemcumg

1776 3295 1817 3317 ΟΠ,
1833 3307 1839 3316 ι
