2036 3495
145 116 215 159 458

151 202 183 234 Si
204 199 284 233 dolo
306 197 456 231 fecerunt
478 192 705 235 Magistratus,
725 195 764 221 ut
786 188 891 222 minus
915 187 1020 229 pupil-

150 244 188 275 lo
207 248 394 278 caveretur,
422 238 452 269 in
475 243 569 276 quem
593 233 681 271 vult,
712 230 796 263 actio
818 231 848 263 ei
867 230 971 263 danda
988 230 1021 262 in

149 283 285 316 solidum
301 281 364 313 est:
386 278 427 311 sin
450 277 543 316 culpa
572 275 738 306 dumtaxat
758 281 893 311 eorum,
915 279 1022 311 neque

151 325 232 357 dolo
253 323 339 356 malo
356 322 387 352 id
404 319 521 350 facium
545 316 610 355 est,
631 314 752 356 aequius
768 313 830 347 esse
854 312 1020 351 existimo,

152 375 213 407 pro
236 363 387 404 portione
411 360 442 391 in
464 366 625 399 quemque
648 364 766 388 <eorum
788 355 949 388 actionem
972 354 1022 386 da-

150 408 196 446 ri,
218 406 292 437 dum
318 401 439 443 pupillo
462 400 543 431 salva
560 408 611 430 res
631 397 679 430 sit.

193 445 324 478 Ostendi
341 465 351 480 ,
387 440 658 481 quemadmodum
696 437 878 471 exercenda
918 445 936 468 a
964 445 1023 477 pu-

153 488 231 530 pillo
253 486 290 518 sit
311 481 485 516 subsidiaria
516 481 624 513 tutelas
647 479 752 519 aelio,
780 480 811 513 δε
841 477 912 522 quis
932 477 970 511 fit
992 488 1024 510 e-

567 96 1231 141 GesixnrNossr
1286 96 1505 135 Certis.

1059 189 1109 230 ius
1146 189 1263 221 exitus.
1297 187 1403 220 adhue
1440 183 1617 226 quaeritur,
1657 192 1696 218 an
1731 183 1931 226 privilegium

1063 230 1151 271 quod
1174 230 1273 261 habet
1294 229 1433 270 pupillus
1455 228 1487 259 in
1510 226 1604 258 bonis
1626 226 1742 259 tutoris
1757 249 1768 267 ,
1798 227 1828 258 ei
1851 235 1930 267 quo-

1063 281 1126 312 que
1146 279 1314 311 competat
1335 270 1367 302 in
1403 269 1496 301 bonis
1519 266 1721 308 Magistratus
1738 268 1756 300 ἓ)
1789 267 1852 299 Sed
1881 276 1936 299 ne-

1063 321 1117 354 gat
1139 312 1292 353 Ulpianus
1314 312 1333 343 l.
1361 321 1386 343 r.
1407 310 1436 352 §.
1465 318 1511 347 14.
1534 309 1561 341 b.
1580 314 1602 340 t.
1645 305 1867 351 Ρῐίνῆζῐυῐῃ,
1889 309 1935 340 in·

1065 355 1198 395 quiens,
1220 354 1251 385 in
1272 353 1365 385 bonis
1394 349 1597 392 Magistratus
1626 351 1765 391 pupillus
1793 359 1857 381 nou
1883 349 1936 381 ba·

1065 396 1122 469 lsset
1144 417 1155 433 ,
1184 394 1251 467 set}t
1260 404 1333 427 curn
1354 395 1476 426 caeteris
1504 391 1718 425 creditoribus
1739 399 1861 434 partem
1882 390 1934 422 ba-

1091 444 1189 468 iturus
1206 445 1223 467 e
1253 459 1260 467 .

803 589 1156 626 Tri-otus
1214 588 1281 623 IX.

459 710 511 746 De
537 709 624 744 rebus
649 719 751 743 eorum
776 707 828 752 qui
843 705 906 752 sub
931 708 1029 742 tutela
1055 707 1106 741 vel
1130 716 1207 742 cura
1225 703 1325 751 sunt,
1344 702 1412 749 fine
1438 702 1553 737 decreto
1578 713 1636 736 non

795 766 967 802 alienandis
991 766 1042 801 vel
1055 764 1267 813 supponendis.

241 889 309 922 atio
338 884 552 920 connectendi
582 884 673 925 hujus
701 881 806 915 Tituli
835 889 908 914 eum
938 880 1027 923 supe·

260 929 399 962 rioribus
432 926 497 958 est:
526 927 616 967 quod
642 924 713 965 post
741 923 843 955 varias
865 923 1027 962 actiones,

153 971 281 1014 pupillis
302 969 334 1003 &
365 968 479 1001 adultis
508 965 658 1000 adversus
689 972 813 997 tutores
842 964 874 995 &
902 971 1027 996 curato-

152 1024 203 1047 res
233 1013 377 1052 aliosque
405 1008 594 1049 concessas,
624 1008 678 1040 hic
706 1005 869 1048 postremo
891 1007 935 1037 eis
958 1013 1027 1045 per·

153 1054 293 1088 mittitur
320 1052 405 1084 actio
433 1049 581 1083 adversus
611 1055 778 1089 emptores
797 1069 807 1085 ‚
837 1054 887 1078 res
914 1054 1026 1078 eorum

152 1102 321 1138 perperam
344 1093 408 1126 fine
430 1093 565 1124 decreto
587 1091 738 1123 alienatas
760 1087 965 1128 possidentes.
995 1087 1028 1118 id

153 1144 191 1170 ut
212 1135 425 1176 intelligatur,
449 1132 611 1166 sciendum
633 1130 698 1168 est,
730 1128 883 1170 placuisse
906 1127 950 1160 D.
975 1127 1029 1159 Se-

152 1187 234 1211 vero
263 1175 420 1208 Oratione
456 1175 486 1207 in
517 1174 636 1205 Senatu
666 1170 800 1208 habita,
836 1178 914 1202 mox
944 1168 1030 1200 secu·

154 1228 190 1253 to
221 1215 531 1255 Senatuseonsmm,
560 1215 672 1256 (unde
701 1221 740 1244 ea
767 1210 884 1243 Oratio
916 1209 948 1242 ὁ(
977 1210 1029 1241 Se-

154 1257 428 1294 natuseonsultum
467 1257 585 1289 dicitur
612 1256 633 1288 l.
666 1263 715 1295 15.
747 1252 781 1284 C.
804 1253 831 1284 b.
855 1252 907 1293 t.)
943 1259 1029 1283 tuto-

154 1311 223 1336 rem
252 1300 306 1333 vel
334 1307 514 1331 curatorem
532 1320 542 1337 ,
572 1295 645 1338 post
672 1292 861 1327 conerum
890 1300 1031 1325 inventa-

153 1344 235 1376 rium
263 1342 424 1374 bonorum
452 1340 483 1371 ἃ
518 1338 799 1370 instrumentorum
839 1334 949 1375 pupilli
979 1333 1029 1365 vel

155 1382 395 1421 adolescentis,
432 1381 540 1412 omnia
577 1377 747 1410 auctionari
777 1384 890 1408 eorum
921 1375 1027 1406 bona:

155 1425 303 1465 exceptis
331 1422 457 1464 praediis
481 1421 511 1452 ἁ
540 1418 704 1459 mancipiis
739 1417 862 1449 rusticis
884 1418 937 1448 vel
960 1416 1029 1447 sub-

154 1467 302 1499 urbanis:
325 1473 395 1504 qua:
415 1462 478 1494 sine
501 1462 635 1493 decreto
666 1459 815 1490 Praetoris
843 1457 896 1489 vel
928 1456 1030 1489 Praesi·

155 1509 204 1541 dis
227 1506 267 1538 ab
289 1504 334 1537 eis
356 1503 484 1535 alienari
507 1500 719 1543 probibentur
747 1498 767 1530 1.
790 1508 838 1530 22.
862 1498 896 1530 C.
919 1499 954 1530 de
980 1499 1031 1530 ad-

155 1545 278 1587 ministr.
301 1551 389 1577 tutor.
411 1545 536 1575 caeteris
559 1550 642 1573 vero
665 1539 831 1578 venditis3
860 1542 1029 1580 pecuniam

155 1590 230 1622 inde
254 1586 412 1619 redactam
436 1585 602 1625 deponere
625 1581 664 1613 ad
686 1581 877 1622 praediorum
900 1589 1030 1622 compa-

155 1631 335 1667 rationem,
364 1626 417 1658 vel
439 1624 560 1657 foenori
589 1623 772 1661 collocare3
803 1620 885 1654 salva
909 1622 1029 1662 ubique

155 1671 324 1703 voluntate
347 1667 486 1708 parentis
508 1666 562 1707 qui
591 1664 678 1696 bona
706 1663 845 1704 reliquit.
890 1662 964 1695 Pars
987 1661 1031 1694 O·

154 1711 286 1746 rationis
309 1718 380 1750 quae
403 1708 467 1740 huc
495 1706 594 1746 facit,
625 1705 691 1738 hoc
712 1705 814 1737 modo
837 1703 976 1736 refertur
998 1713 1030 1735 a-

179 1753 221 1785 ud
252 1751 427 1793 Ulpianum
457 1749 478 1780 1.
510 1758 538 1782 1.
564 1754 613 1790 pr.
641 1746 673 1788 §.
706 1753 733 1778 1.
769 1744 806 1780 ὅ)
829 1755 859 1778 2.
890 1743 936 1777 D.
958 1745 987 1776 b.
1009 1750 1031 1776 t.

172 1792 361 1836 inperatoris
383 1790 494 1823 Severi
517 1788 675 1821 Oratione
705 1785 861 1828 prohibiti
891 1785 961 1817 sunt
984 1793 1032 1817 tu-

153 1841 242 1869 tores
271 1834 302 1867 Gt
331 1840 498 1865 curatores
526 1829 645 1873 praedia
676 1828 791 1861 rustica
812 1827 865 1860 vel
886 1825 1034 1859 suburba-

152 1886 194 1911 na
222 1874 409 1909 distrahere.
448 1881 520 1915 quae
550 1871 666 1905 Oratio
694 1867 727 1902 in
755 1867 874 1901 Senatu
901 1865 1035 1901 recitata

152 1918 219 1959 est,
247 1916 402 1958 Tertyllo
425 1914 456 1948 ᾶι
477 1914 651 1948 Clemente
674 1910 868 1944 Consulibus
883 1932 895 1949 ,
925 1910 1034 1951 (quo-

152 1969 224 1995 rum
253 1958 351 1992 etiam
381 1956 506 1989 mentio
534 1954 619 1996 apud
656 1951 833 1985 Gruterum
865 1950 1035 1992 Inscriptio-

152 2011 190 2035 m
209 2011 239 2042 4.
259 2006 330 2042 pag.
355 1998 474 2040 1027.)
502 1996 611 2029 idibus
631 1993 741 2035 Juniis.
791 1992 835 2025 Et
865 1992 937 2024 sunt
960 2002 1032 2024 ver-

153 2043 197 2076 ba
227 2041 295 2083 ejus
327 2039 538 2081 hujusmodi:
566 2037 711 2070 Praeterea
727 2058 739 2075 ,
767 2034 874 2067 Patres
902 2032 1034 2075 Constri-

148 2085 215 2127 pti,
235 2082 409 2115 interdicam
432 2081 574 2113 tutoribus
596 2077 634 2114 δ’
655 2077 841 2109 curatoribus
858 2098 869 2115 ,
905 2084 943 2106 ne
958 2082 1033 2116 proe-

155 2127 205 2158 dia
233 2122 344 2165 rustica
373 2121 421 2154 vel
441 2121 615 2163 suburbana
636 2116 827 2160 distrahant:
856 2115 915 2156 nifi
943 2122 978 2148 ut
1004 2117 1036 2148 id

152 2166 237 2207 fieret
256 2188 267 2205 ,
295 2170 431 2207 parentes
453 2160 617 2204 testamento
646 2160 695 2192 vel
722 2158 859 2192 codicillis
888 2159 1033 2190 caverint.

162 2208 250 2252 Quod
265 2205 293 2246 fi
307 2207 389 2247 sorte
409 2214 446 2237 as
467 2204 596 2236 alienum
627 2206 745 2233 tantum
764 2202 839 2240 erit,
868 2203 904 2231 ut
932 2208 969 2230 ex
990 2206 1034 2230 re-

158 2251 208 2280 ims
230 2248 340 2280 caeteris
363 2255 423 2278 nim
441 2244 525 2286 poffit
546 2243 673 2285 exstilvi:
704 2248 776 2274 tunc
797 2241 909 2274 Praezor
933 2239 1032 2271 Urba-

158 2299 215 2320 nus
239 2289 296 2320 Vir
318 2286 497 2328 Clariffimus
517 2287 664 2322 adeatur,
690 2284 742 2325 qui
765 2289 819 2324 pro
837 2286 895 2321 sua
922 2281 1035 2322 religio·

161 2339 197 2362 ne
219 2328 333 2371 oeflimet
357 2338 420 2371 quoe
435 2325 539 2370 pofflnt
561 2325 685 2358 alienari
712 2324 871 2367 obligarive
892 2323 1011 2354 debeant
1024 2332 1035 2353 .-

159 2377 292 2403 maneme
315 2370 425 2411 pupillo
454 2369 584 2407 afflone,
610 2366 639 2406 fi
674 2364 769 2407 postea
786 2365 914 2406 potuerit
931 2364 1033 2405 proba-

161 2414 208 2451 ri,
232 2413 377 2453 obreptum
397 2410 449 2452 effe
470 2409 604 2442 Pretori.
651 2407 685 2440 Si
706 2407 863 2439 communis
885 2415 929 2437 res
958 2406 1034 2443 eriz,

161 2453 304 2493 &socius
319 2453 358 2484 ad
372 2450 542 2492 divilionem
553 2454 708 2492 provocet,
732 2453 786 2480 aut
794 2448 825 2486 fi
847 2447 968 2479 creditor
984 2447 1037 2487 qui

157 2495 277 2537 pignori
298 2503 403 2535 agrum
426 2504 445 2526 a
461 2498 583 2535 parente
601 2490 709 2532 pupilli
725 2490 880 2531 acceperit,
897 2489 951 2530 jus
973 2496 1036 2520 exe-

162 2540 287 2579 quetur,
309 2534 383 2565 nibil
398 2535 566 2567 novandum
582 2535 684 2573 censeo.

202 2576 258 2609 Ait
278 2573 404 2606 Oratio.
446 2575 623 2607 Interdicam
653 2572 795 2604 tutoribus
823 2570 862 2606 ἃ
890 2570 1036 2602 curatori-

165 2619 229 2650 bus.
271 2616 358 2649 Ante
390 2615 470 2647 hanc
500 2616 692 2648 Orationem
720 2612 860 2645 habebat
888 2619 979 2643 tutor
1007 2610 1038 2642 &

165 2664 296 2692 curator
315 2657 364 2698 jus
388 2658 548 2689 vendendi
571 2665 683 2688 omnes
712 2653 824 2695 pupilli
855 2660 909 2684 aut
938 2651 1039 2683 mino-

165 2701 209 2733 ris
231 2707 283 2731 res
299 2721 310 2736 ,
333 2705 406 2729 cum
427 2698 579 2736 mobiles,
610 2704 677 2728 tum
699 2694 901 2733 immobiles3
933 2693 964 2724 ἃ
987 2701 1039 2723 va·

166 2742 254 2774 lebat
281 2737 365 2771 faeta
392 2738 536 2770 venditio
566 2740 586 2769 l.
609 2742 637 2772 8.
660 2737 690 2779 §.
717 2745 743 2768 1.
773 2734 816 2768 D.
838 2735 868 2766 b.
892 2739 915 2766 t.
945 2734 1038 2765 idcir-

167 2792 210 2816 co
241 2782 331 2822 quod
366 2786 454 2810 tutor
476 2779 506 2810 ἃ
528 2787 673 2817 curator,
706 2783 863 2818 quatenus
892 2776 932 2807 ad
963 2784 1038 2816 pro-

167 2823 344 2855 videntiam
374 2820 579 2861 pupillarem,
606 2820 726 2852 domini
758 2819 834 2850 loco
859 2817 995 2849 babetur
1016 2815 1038 2848 1.

168 2874 216 2906 27.
241 2863 283 2895 D.
305 2863 338 2894 de
359 2857 518 2902 administr.
543 2864 630 2893 tutor.
671 2860 734 2892 Sed
763 2869 837 2892 cum
858 2858 983 2891 infinita
1003 2857 1039 2889 il-

166 2907 197 2939 la
219 2903 376 2937 alienandi
399 2901 534 2934 facultas
562 2901 737 2933 minoribus
768 2900 847 2934 esset
880 2899 1039 2940 periculo-

163 2947 220 2985 sa,
251 2945 339 2978 reste
376 2943 408 2976 δί
436 2943 551 2976 ordine
577 2940 768 2974 existimavit
805 2941 848 2974 D.
880 2941 1039 2980 Severus,

164 2989 197 3020 id
220 2987 308 3028 quod
344 2985 404 3018 hac
426 2985 458 3017 in
482 2992 572 3026 parte
601 2991 667 3015 uon
690 2984 858 3015 videbatur
879 2993 898 3015 e
926 2991 961 3014 re
984 2990 1040 3023 pu-

189 3028 232 3061 illi
263 3035 317 3059 aut
348 3026 481 3058 minoris
512 3025 599 3063 esse,
635 3021 791 3055 tutoribus
823 3025 854 3056 ἂ
884 3023 1040 3056 curatori.

164 3038 225 3103 {us
262 3068 323 3100 hac
352 3066 510 3099 Oratione
545 3066 608 3099 esse
637 3064 916 3097 interdicendum:
954 3065 983 3096 ἃ
1013 3063 1036 3096 fi

165 3110 242 3152 quid
264 3117 378 3141 contra
399 3108 519 3141 sactum
541 3108 597 3147 sit,
638 3106 705 3138 hoc
733 3114 792 3146 pro
820 3107 910 3137 nullo
938 3105 1035 3137 habe-

164 3154 190 3184 ri
212 3158 381 3195 oportere:
404 3158 438 3182 ut
461 3149 531 3190 post
554 3150 688 3181 dicetur.
730 3146 792 3178 Sed
822 3144 937 3177 Oratio
959 3155 1034 3179 cum

165 3192 391 3226 alienationem
418 3191 582 3225 interdicit
610 3189 755 3224 tutoribus
774 3186 812 3226 &²
839 3188 1036 3222 curatoribus:

1068 889 1134 913 non
1171 878 1336 921 distinguit
1365 884 1489 910 tutores
1526 877 1557 909 dt
1590 882 1764 908 curatores.
1799 873 1936 915 proinde

1067 930 1135 954 non
1157 920 1259 953 refert
1280 920 1345 960 ejus
1367 919 1476 961 quales
1504 916 1581 950 sint:
1609 926 1671 950 nec
1694 916 1827 948 absurde
1854 916 1942 948 dice-

1068 972 1157 1001 mus,
1199 961 1424 993 alienationem
1448 959 1608 992 tutoribus
1631 958 1660 990 &
1682 957 1883 991 curatoribus
1904 966 1941 989 ο-

1068 1003 1195 1036 mnibus
1224 1002 1288 1034 fine
1316 1001 1496 1033 discrimine
1522 999 1724 1032 interdicere.
1773 997 1942 1041 Quidsti

1068 1053 1159 1086 pater
1181 1051 1234 1075 aut
1262 1052 1376 1083 parens
1396 1042 1434 1074 fit
1463 1043 1572 1074 liberis
1593 1041 1799 1082 emancipatis
1829 1041 1940 1072 tutor?

1096 1088 1122 1117 is
1144 1085 1190 1117 est
1211 1086 1297 1116 casus
1321 1084 1340 1115 l.
1363 1093 1393 1125 3.
1418 1084 1450 1115 C.
1474 1085 1503 1115 b.
1526 1083 1577 1124 t.)
1601 1082 1650 1114 vel
1681 1080 1721 1114 ab
1743 1091 1785 1114 eo
1805 1103 1816 1120 ,
1842 1081 1863 1113 si
1885 1090 1940 1113 ve-

1085 1127 1107 1158 't
1129 1127 1292 1167 obligare,
1322 1124 1401 1156 adiri
1422 1125 1596 1158 Praetorem
1618 1131 1769 1164 oportet:
1799 1122 1854 1154 sub
1876 1121 1941 1154 hoc

1071 1172 1177 1200 tamen
1211 1173 1467 1207 temperamento
1484 1189 1493 1205 ‚
1529 1173 1567 1197 ut
1595 1165 1727 1205 pronior
1754 1163 1791 1197 fit
1822 1163 1943 1196 Praetor

1071 1210 1110 1241 ad
1140 1207 1404 1240 consentiendum
1440 1208 1519 1249 patri
1550 1207 1568 1237 l.
1599 1215 1628 1246 7.
1664 1206 1694 1249 §.
1725 1215 1753 1238 2.
1787 1205 1828 1237 D.
1858 1206 1888 1236 h.
1917 1210 1941 1237 t.

1071 1251 1170 1283 Plane
1208 1248 1349 1288 Oratio,
1383 1248 1440 1281 etsi
1475 1246 1654 1281 indistincte
1682 1247 1828 1280 nominat
1855 1253 1942 1278 tuto-

1071 1301 1120 1324 res
1141 1291 1173 1323 &
1193 1298 1357 1322 curatores
1372 1300 1387 1330 3,
1411 1289 1474 1322 visa
1495 1297 1602 1321 tamen
1618 1312 1628 1328 ‚
1659 1289 1757 1321 verba
1779 1288 1942 1329 spenanti-

1072 1333 1154 1371 bus,
1176 1332 1317 1372 aproprie
1346 1331 1476 1372 quidem
1506 1331 1666 1363 minorum
1704 1337 1865 1362 curatores
1895 1329 1943 1360 in·

1073 1373 1236 1414 telligere:
1265 1370 1350 1412 quafi
1379 1371 1410 1403 id
1438 1371 1475 1403 fit
1502 1371 1719 1411 conjunctioni
1744 1378 1886 1401 tutorum
1910 1370 1942 1402 Gt

1072 1421 1254 1446 curatorum
1277 1411 1491 1453 consequens:
1521 1410 1575 1443 sed
1596 1411 1823 1448 nihilominus,
1854 1409 1943 1449 quod

1071 1456 1117 1488 est
1146 1455 1258 1487 eadem
1294 1454 1374 1485 ratio
1402 1453 1433 1484 in
1460 1451 1652 1484 furiosorum
1678 1453 1707 1484 ἂ
1736 1452 1943 1493 prodigorum

1071 1495 1271 1528 curatoribus
1301 1502 1373 1533 qua:
1402 1493 1447 1525 est
1476 1495 1507 1524 in
1537 1494 1736 1524 curatoribus
1767 1494 1942 1524 minorum:

1070 1537 1208 1570 credidit
1236 1535 1406 1575 Ulpianus,
1436 1534 1525 1574 quod
1546 1531 1694 1564 Orationi
1724 1533 1837 1570 deest,
1877 1533 1942 1572 ejus

1071 1577 1227 1611 sententia
1256 1574 1393 1620 suppleri
1422 1575 1442 1606 l.
1465 1580 1494 1610 8.
1517 1573 1546 1616 §.
1572 1582 1597 1605 1.
1621 1574 1658 1609 δὲ’
1679 1573 1698 1605 l.
1727 1579 1773 1605 11.
1808 1572 1851 1604 D.
1873 1573 1901 1603 b.
1919 1578 1942 1603 t.

1072 1619 1233 1651 Caeterum
1264 1625 1318 1657 qui
1360 1625 1466 1656 neque
1495 1624 1621 1647 tutores
1648 1623 1753 1655 neque
1780 1621 1945 1645 curatores

1072 1661 1143 1692 sunt
1165 1657 1233 1700 ipso
1255 1657 1340 1698 jure,
1363 1656 1417 1690 sed
1438 1666 1497 1697 pro
1521 1663 1630 1689 tutore
1651 1655 1782 1698 negotia
1813 1661 1946 1696 gerunt,

1073 1701 1125 1734 vel
1150 1708 1209 1741 pro
1232 1706 1400 1738 curatore,
1423 1707 1479 1731 eos
1501 1707 1568 1729 non
1589 1697 1678 1739 posse
1702 1696 1875 1729 distrahere
1894 1704 1946 1728 res

1073 1742 1269 1784 pupillorum
1296 1740 1349 1772 vel
1377 1739 1648 1780 adolescentium,
1675 1737 1761 1771 nulla
1786 1736 1952 1783 dubitatio

1074 1783 1121 1817 est
1143 1784 1171 1815 d.
1195 1783 1215 1814 l.
1239 1786 1268 1817 8.
1290 1781 1333 1813 D.
1356 1781 1386 1813 b.
1409 1783 1431 1812 t.

1115 1822 1246 1856 Deinde
1274 1819 1363 1854 addit
1395 1816 1511 1855 Oratio
1527 1844 1538 1862 ,
1575 1816 1608 1853 se
1635 1815 1872 1854 interdiauram
1898 1825 1948 1851 tu-

1075 1864 1200 1898 toribus
1229 1863 1260 1896 &
1288 1863 1488 1897 curatoribus
1506 1885 1518 1902 ,
1545 1861 1597 1895 Ne
1625 1862 1736 1903 praedia
1763 1859 1873 1903 rustica
1900 1861 1948 1892 vel

1067 1903 1240 1953 suburbana
1261 1902 1438 1950 distrahant.
1478 1904 1592 1937 Sermo
1616 1902 1721 1936 omnis
1742 1902 1787 1935 est
1807 1903 1848 1935 de
1895 1910 1949 1934 ra)-

1074 1949 1135 1981 dus
1164 1945 1286 1992 rusticis
1324 1946 1356 1979 ἀ
1385 1945 1581 1980 suburbanis.
1611 1944 1652 1978 de
1682 1943 1809 1977 urbanis
1830 1943 1949 1976 nulus.

1074 1988 1178 2022 servat
1199 1988 1295 2030 igitur
1316 1986 1431 2020 Oratio
1452 1987 1483 2020 in
1504 1987 1553 2019 his
1579 1987 1628 2027 jus
1657 1993 1751 2018 vetus
1769 1995 1778 2018 ε
1814 1994 1876 2018 nec
1902 1984 1951 2016 est

1074 2029 1228 2076 dubium,
1257 2038 1325 2070 quo
1354 2029 1457 2063 minus
1484 2027 1539 2061 ista
1568 2026 1671 2061 adhuc
1699 2025 1771 2068 post
1800 2026 1881 2059 hanc
1903 2023 1951 2057 O·

1074 2080 1233 2119 rationem
1262 2070 1361 2117 vendi
1390 2070 1507 2114 poffint
1536 2070 1557 2101 l.
1583 2078 1629 2101 11.
1654 2068 1683 2111 §.
1707 2079 1736 2110 5.
1765 2067 1809 2099 D.
1837 2069 1871 2099 de
1897 2068 1951 2099 mi-

1074 2114 1204 2145 noribus.
1225 2118 1368 2154 optima,
1390 2119 1426 2145 ut
1447 2119 1516 2144 turn
1539 2110 1723 2150 videbatur,
1745 2109 1869 2142 ratione
1889 2107 1951 2140 dif-

1075 2153 1243 2188 ferentiae:
1274 2164 1312 2186 ea
1339 2154 1421 2186 ratio
1449 2161 1544 2193 erat3
1574 2152 1663 2193 quod
1691 2150 1804 2183 rustica
1832 2150 1948 2192 praedia

1075 2195 1197 2228 habent
1225 2196 1416 2237 plerumque
1445 2195 1580 2235 maj0res
1609 2202 1647 2225 ac
1682 2191 1837 2225 certiores
1871 2191 1952 2223 redi-

1076 2245 1146 2276 ωε,
1183 2245 1277 2278 quam
1307 2236 1436 2269 urbana.
1466 2243 1618 2277 practerea
1639 2243 1706 2266 non
1729 2233 1797 2265 sunt
1821 2240 1870 2264 tot
1898 2241 1950 2264 ca-

1075 2278 1219 2322 ribus-ac
1241 2277 1415 2318 sumptibus
1437 2276 1591 2309 obnoxia.
1644 2275 1727 2317 Quae
1750 2284 1849 2315 porro
1871 2272 1951 2305 Ora-

1077 2321 1125 2351 tio
1147 2319 1233 2351 dicat
1256 2319 1390 2360 rustica,
1419 2328 1489 2361 quae
1515 2328 1554 2350 ue
1575 2318 1713 2356 urbana,
1741 2315 1875 2357 praedia,
1897 2316 1952 2346 de-

1076 2359 1147 2405 finit
1171 2360 1323 2402 Ulpianus
1350 2362 1370 2392 l.
1396 2366 1463 2398 198.
1492 2327 1533 2391 ἳ).
1557 2361 1590 2391 de
1617 2361 1728 2404 verbor.
1751 2355 1879 2401 fignific.
1901 2355 1947 2386 est

1078 2410 1165 2435 enim
1188 2411 1229 2434 ex
1251 2403 1316 2442 ejus
1337 2402 1391 2434 lib.
1415 2412 1443 2434 2.
1469 2400 1522 2432 De
1550 2400 1698 2433 omnibus
1723 2396 1948 2430 tribunalibus:

1080 2453 1122 2476 ex
1145 2452 1211 2483 quo
1234 2445 1329 2476 etiam
1359 2444 1380 2475 l.
1404 2447 1434 2475 6.
1458 2442 1496 2478 δ’
1518 2443 1536 2473 l.
1564 2446 1593 2476 8.
1625 2441 1717 2482 hujus
1739 2437 1849 2483 Tituli.
1891 2436 1949 2481 Pn-

1081 2492 1128 2517 tat
1150 2492 1256 2518 autem
1282 2484 1455 2525 Ulpianus,
1485 2484 1602 2515 urbana
1633 2483 1663 2514 ὅ(
1691 2478 1803 2513 rustica
1833 2479 1948 2518 praedia

1080 2535 1146 2558 non
1170 2527 1246 2558 loco
1268 2525 1432 2568 distingui,
1463 2524 1515 2556 sed
1538 2523 1683 2557 materia:
1710 2520 1742 2552 id
1765 2519 1828 2558 est,
1858 2527 1948 2550 uten-

1080 2567 1111 2600 di
1133 2576 1252 2609 genere
1274 2567 1295 2599 l.
1321 2572 1388 2600 166.
1411 2567 1454 2598 D.
1475 2568 1533 2597 eod.
1555 2566 1602 2595 tit.
1629 2562 1682 2594 vel
1708 2561 1877 2602 qualitate:
1906 2560 1948 2592 sic

1081 2608 1197 2642 dicitur
1215 2610 1235 2640 l.
1258 2613 1305 2641 16.
1330 2609 1364 2640 C.
1388 2610 1422 2639 de
1431 2607 1522 2648 praed.
1544 2607 1614 2636 min.
1632 2602 1693 2642 fin.
1709 2604 1811 2634 decret.
1840 2611 1898 2633 non
1920 2612 1950 2634 a·

1080 2650 1149 2681 lien.
1177 2659 1215 2681 ac
1244 2659 1304 2689 pro
1334 2649 1446 2681 iisdem
1471 2647 1635 2678 sumuntur
1663 2643 1794 2677 materia
1818 2643 1849 2676 δι
1876 2652 1950 2683 (μμ-ιο

1081 2690 1151 2722 litas
1180 2691 1199 2721 l.
1225 2699 1274 2723 ιι.
1305 2690 1326 2720 1.
1351 2697 1397 2729 ¹4·
1426 2688 1471 2720 D.
1501 2689 1534 2718 de
1562 2686 1692 2718 contras).
1722 2691 1807 2726 empt.
1845 2685 1951 2724 potest

1079 2730 1174 2772 igitur
1201 2731 1355 2763 urbanum
1384 2728 1534 2770 praedium
1561 2727 1652 2766 ruri,
1685 2726 1716 2759 Gt
1746 2725 1894 2760 rusticum
1921 2725 1953 2757 iu

1081 2772 1160 2804 urbe
1177 2794 1188 2811 ,
1215 2770 1363 2812 reperiri:
1392 2778 1427 2802 ut
1457 2769 1571 2809 horti,
1601 2767 1731 2806 stabuli,
1760 2767 1790 2799 ἂι
1822 2765 1951 2798 merite-

1081 2813 1199 2846 riorum
1222 2812 1373 2854 exemplo
1402 2811 1551 2843 observat
1584 2809 1749 2851 Ulpianus.
1790 2807 1884 2847 Scio,
1906 2818 1953 2841 es-

1081 2854 1113 2887 se
1134 2854 1291 2896 aliquibus
1313 2853 1482 2886 molestum
1496 2876 1506 2891 ‚
1530 2852 1619 2893 quod
1641 2851 1723 2892 apud
1742 2848 1908 2881 Neratium
1929 2850 1952 2881 1.-

1080 2905 1110 2936 4.
1125 2896 1154 2938 ς.
1176 2905 1201 2928 1.
1224 2895 1267 2927 D.
1293 2895 1332 2928 ln
1352 2896 1429 2937 quib.
1450 2895 1528 2934 caus.
1548 2895 1633 2935 pign.
1658 2892 1706 2923 vel
1728 2891 1842 2931 hypoth.
1866 2890 1950 2924 tacit.

1080 2944 1174 2970 contr.
1196 2937 1314 2969 stabula
1337 2937 1368 2969 δι
1385 2944 1500 2968 caetera
1524 2943 1595 2976 quae
1617 2941 1681 2965 non
1701 2932 1768 2963 sunt
1793 2931 1824 2963 in
1848 2931 1953 2963 conti-

1081 2978 1230 3012 nentibus
1245 2976 1403 3018 aedificiis,
1425 2975 1523 3018 magis
1539 2974 1652 3007 rustica
1668 2973 1834 3010 dicuntur,
1857 2981 1952 3014 quam

1080 3021 1209 3053 urbana.
1231 3028 1293 3052 nec
1307 3019 1395 3052 forte
1410 3017 1570 3051 immerito
1586 3016 1687 3057 primo
1705 3014 1862 3059 adspectu.
1889 3013 1953 3045 Sed

1080 3071 1134 3095 me
1164 3062 1277 3095 liberat
1313 3059 1496 3094 necessitate
1526 3056 1668 3090 solvendi
1706 3055 1951 3093 difficultatem3

1077 3104 1166 3144 quod
1193 3113 1211 3135 a
1235 3111 1352 3144 paret,
1388 3100 1488 3142 ipsum
1514 3098 1641 3141 quidem
1666 3097 1802 3144 primum.
1825 3105 1843 3128 a
1873 3095 1951 3127 loco

1077 3144 1191 3185 sumpsi
1218 3154 1236 3177 e
1250 3143 1375 3177 causam
1390 3141 1572 3175 dubitandi:
1594 3138 1645 3173 sed
1668 3138 1795 3172 interim
1811 3146 1828 3170 a
1850 3145 1952 3171 mate-

1077 3186 1125 3221 ria
1140 3187 1172 3221 ἀ
1185 3195 1306 3230 genere
1321 3193 1399 3221 nox
1412 3182 1633 3219 definitionem
1648 3178 1781 3224 petiiss‘e.
1890 3213 1923 3250 v

1925 3226 1957 3250 c·

2010 865 2036 1019 s
