2052 3487
216 165 242 203 ,1
249 159 297 200 64

264 244 414 286 Dispersos
431 241 542 273 trabere
556 240 587 270 in
603 238 761 280 populum,
783 238 909 277 migrare
923 236 1035 278 vetusto

264 286 315 318 De
331 280 458 321 nemore,
483 282 518 315 ὃ)
532 283 651 321 proavis
669 282 813 311 babitotcis
829 282 957 320 linquere
968 283 1086 320 sylvus:

262 326 426 365 Azcizficiire
446 325 556 361 (lanios,
580 322 689 353 laribus
711 321 885 361 conjungere
908 318 1011 360 nostris

267 367 382 399 Tectum
400 366 498 402 (iliud,
524 369 599 394 tutos
617 364 714 393 vicino
733 363 945 399 limilejoninor

267 407 313 439 Ut
330 407 433 438 collata
450 408 530 436 daret
539 404 672 444 fiducia:
689 411 835 445 protegere
850 405 938 433 armis

264 450 414 488 ansum,
438 453 489 478 tint
505 448 618 487 ingenti
632 451 787 476 nutantem
805 445 925 475 vulnere
941 446 1050 484 civem,

265 491 418 521 Conzinunz'
439 487 604 529 clcirefigna
622 488 709 524 tuba,
733 487 878 525 defendier
903 487 1011 516 iisdem.

266 531 423 568 Turribus,
450 536 536 571 atque
552 539 610 560 unu
619 535 772 569 portarum
795 529 875 558 clave
893 528 993 558 teneri.

222 572 311 604 Idem
336 573 364 604 in
392 571 520 603 foenore.
543 572 573 602 ὀί
603 570 699 602 usuris
728 578 803 610 puta
833 578 896 599 non
923 566 1090 609 aognoscit

221 614 293 645 haec
316 622 426 645 natura
443 613 485 643 ita
508 611 571 644 est:
596 613 648 643 sed
666 621 727 642 nec
743 611 918 651 probibuit.
944 611 1009 641 imo
1031 608 1089 640 ho-

224 657 348 688 minum
374 654 571 696 pactionibus
601 652 774 685 constituta
797 662 860 683 non
887 650 1090 691 adspui-natur

221 700 307 729 ratio
334 698 404 737 jure
428 695 584 727 Gentium
609 695 628 726 l.
658 703 704 734 15.
736 693 779 725 D.
811 695 843 724 cie
870 694 1030 723 interdictis
1054 692 1089 726 ὃ)

223 739 384 779 relegatis:
414 747 479 770 non
512 736 636 777 magis,
668 744 763 776 quam
793 736 1023 766 commercium
1060 734 1089 765 δι

226 781 460 822 obligationes:
484 788 582 819 quas,
606 779 716 818 paucis
733 777 896 817 exceptis,
918 776 985 816 jure
1002 774 1089 806 Gen-

225 822 306 854 tium
323 820 517 854 introductas
538 819 600 850 ess'e
613 842 623 857 ,
648 817 923 859 Hermogenianus
944 816 1042 848 refert
1060 817 1089 847 d.

221 863 242 895 l.
267 873 311 904 15.
339 863 412 894 Hoc
436 861 522 892 seiil'u
551 861 750 901 Pomponius
775 861 793 891 l.
819 868 883 890 121.
911 859 952 889 L).
978 860 1010 889 cie
1027 867 1090 889 ver-

224 906 325 936 borum
338 902 553 945 fignificatione
578 902 620 932 ait
637 925 645 940 ‚
677 901 797 932 usuram
821 901 966 941 pecuniae
996 909 1090 940 quam

221 947 443 987 percipimus,
474 954 539 975 non
564 943 626 975 ess'e
653 944 683 974 in
711 942 840 974 fructu:
873 942 945 983 quia
963 951 1027 972 non
1051 950 1091 972 ex

224 986 294 1028 ipso
310 996 468 1027 corpore,
493 984 544 1017 sed
562 995 602 1016 ex
621 985 680 1015 alia
698 983 787 1015 causa
803 983 867 1021 ei't,
892 984 923 1014 id
947 982 1009 1020 cst,
1033 992 1090 1013 no-

225 1038 266 1060 va
283 1029 491 1069 obligatione.
537 1027 726 1067 Papinianus
743 1034 874 1065 quoqne
890 1025 996 1055 scribit
1010 1024 1029 1054 l.
1040 1028 1090 1056 62.

222 1070 268 1101 D.
292 1072 325 1102 de
344 1073 385 1101 rez‘
400 1070 599 1100 vindicatione
617 1091 626 1106 ,
656 1068 778 1099 usuram
796 1076 862 1098 non
885 1074 996 1098 natura
1020 1075 1090 1106 per-

223 1113 336 1144 venire
351 1135 360 1148 ,
384 1110 436 1142 sed
451 1111 521 1151 jure
544 1110 677 1151 percipi.
1026 1149 1032 1154 .

263 1154 308 1186 At
339 1153 448 1185 foenus
473 1152 518 1183 est
548 1152 660 1182 venale
691 1157 843 1190 tempus,
875 1149 1089 1180 voluntarium

223 1196 342 1228 malurn
361 1217 370 1233 ,
403 1204 443 1225 cx
467 1193 697 1224 constitutione
724 1191 829 1222 nostra
858 1193 1026 1230 pendens,
1057 1191 1089 1221 in

225 1246 292 1277 quo
315 1237 391 1268 nihil
416 1235 460 1267 est
477 1236 564 1276 quod
583 1233 689 1274 subjici
716 1233 819 1264 oculis
837 1256 846 1271 ,
875 1233 963 1272 quod
987 1232 1090 1262 teneri

223 1287 319 1310 manu
338 1277 431 1319 poffit
446 1300 457 1317 ,
489 1286 587 1308 inanis
610 1275 750 1306 avaritiae
767 1274 931 1305 somnium.
957 1274 1091 1314 percipi-

228 1325 280 1351 tur
300 1320 384 1351 enim
405 1328 463 1360 pro
482 1318 532 1349 usu
551 1318 616 1358 ejus
642 1316 730 1357 quod
754 1325 819 1347 non
844 1314 908 1354 cst,
932 1315 1004 1354 quia
1021 1324 1089 1354 pcr-

226 1362 346 1402 cipitur
364 1370 423 1401 pro
445 1360 497 1391 usu
513 1358 710 1398 consumptae
730 1357 885 1397 pecuniae.
933 1356 1005 1387 Nec
1027 1356 1092 1386 hoc

226 1402 349 1434 Seneca
370 1411 510 1438 tantum,
543 1400 594 1432 sed
612 1400 640 1430 ἅ
658 1399 844 1430 Plutarchus
862 1421 871 1437 ,
906 1396 951 1428 De
972 1399 1091 1428 ιυτίαηιίο

224 1453 279 1475 aere
295 1445 386 1475 alieno
404 1466 414 1481 ‚
445 1442 546 1479 carpit
565 1441 613 1472 liis
638 1441 742 1472 verbis
758 1462 767 1478 ,
802 1440 841 1470 Et
865 1440 958 1469 rident
975 1440 1093 1478 proinde

226 1483 276 1525 isti
289 1483 438 1525 physiios,
463 1484 514 1524 qui
530 1492 566 1514 ex
587 1491 615 1512 eo
632 1484 707 1522 quoti
725 1491 782 1512 non
793 1479 851 1520 fit,
874 1478 992 1520 existere
1007 1481 1091 1521 quiri-

226 1536 314 1568 quom
334 1525 408 1565 poffe
433 1530 551 1565 negant.
575 1532 644 1554 nani
669 1526 747 1562 capuci
770 1523 841 1562 ipsos
859 1531 895 1553 ex
911 1530 939 1552 eo
954 1524 1028 1562 qnod
1044 1531 1091 1552 ne-

223 1577 279 1608 que
295 1564 357 1607 est,
382 1575 472 1607 neque
485 1562 630 1604 suffstzt,
654 1566 782 1604 nascitur
796 1564 908 1603 foenus.
948 1565 1010 1594 bed
1028 1562 1092 1593 hoc

223 1607 405 1639 subtilitatis
432 1606 476 1638 est
501 1606 531 1637 <Sc
567 1605 672 1636 nimiae
701 1606 729 1636 ὅ(
760 1614 864 1646 prope
894 1606 1003 1649 inanis.
1035 1603 1091 1635 etii

228 1650 314 1680 enim
333 1658 398 1679 non
417 1656 529 1689 negem
548 1670 558 1686 ,
589 1649 619 1678 in
639 1655 751 1678 mutuo
769 1646 909 1677 consumi
933 1646 1091 1687 lpeciem:

224 1698 330 1723 tamen
348 1690 418 1731 quis
436 1689 555 1727 nescit,
579 1688 759 1720 debitorem
786 1689 824 1719 ad
847 1697 949 1729 genus
967 1687 1089 1725 teneri,

224 1733 255 1764 «St
276 1741 347 1763 cum
368 1732 398 1762 id
418 1730 566 1768 solvitur,
585 1730 668 1761 idem
688 1729 833 1761 restitui?
858 1730 998 1769 quippe,
1016 1737 1089 1759 cum

222 1783 327 1806 rerum
353 1782 423 1813 quae
447 1780 566 1803 mutuae
593 1771 729 1809 dantur,
762 1770 831 1801 haec
849 1779 957 1801 natura
977 1769 1028 1801 fit:
1055 1777 1089 1800 ut

223 1824 288 1847 non
314 1823 453 1854 corpore
471 1814 525 1845 suo
544 1836 553 1851 ‚
576 1812 627 1843 sed
653 1814 849 1852 quantitate,
883 1810 1086 1849 censeantur3

227 1856 258 1888 ἀ
284 1855 485 1888 functionem
512 1853 594 1886 suain
620 1863 684 1885 non
704 1856 734 1885 in
754 1853 859 1893 specie
875 1876 884 1892 ,
916 1852 968 1883 sed
987 1852 1017 1883 in
1036 1862 1088 1893 ge·

224 1897 524 1938 nere‚‘recipiant;
548 1897 618 1936 quia
644 1905 709 1927 non
737 1894 866 1927 interest
892 1893 1032 1931 domini,
1058 1903 1089 1924 u-

224 1946 307 1971 trum
332 1939 415 1970 idem
436 1963 445 1976 ,
477 1947 515 1969 an
541 1938 742 1968 tantumdem
761 1959 771 1975 ,
802 1936 926 1966 habeat.
958 1938 1045 1976 quod
1070 1933 1091 1966 si

224 1990 305 2011 vero
323 1980 386 2017 cst,
418 1988 453 2011 ut
478 1989 596 2020 genere
620 1978 705 2010 salvo
723 2001 732 2017 ‚
764 1979 859 2009 etiam
881 1978 962 2008 salva
984 1978 1090 2007 videa-

225 2030 276 2053 tur
295 2020 376 2053 sors:
409 2022 484 2061 quic.
508 2021 538 2051 ni
563 2020 649 2051 usura
675 2030 732 2060 pro
761 2019 814 2051 usu
832 2019 896 2058 ejus
917 2018 1090 2055 debeatur-3

226 2062 305 2095 ficut
325 2072 446 2094 merces
464 2072 522 2102 pro
544 2062 597 2092 usu
622 2061 717 2092 locati
734 2061 762 2092 ὅ(
780 2059 884 2091 adhuc
903 2060 975 2090 salvi
993 2060 1087 2090 debe-

227 2112 279 2135 tur
299 2105 471 2144 corporis?
503 2111 599 2143 atque
629 2102 692 2133 hoc
714 2105 745 2133 in
771 2103 933 2133 creditore
959 2101 1089 2132 rationis

226 2145 283 2176 est.
308 2144 359 2176 sed
379 2146 417 2175 de
437 2145 583 2175 debitore
608 2144 684 2184 quid
711 2143 881 2174 dicemus?
905 2150 965 2185 nec
982 2142 1009 2172 ei
1035 2151 1088 2181 pe·

226 2188 289 2218 rire
306 2187 473 2226 pecuniam
498 2195 566 2226 quae
585 2184 771 2225 consumpta
790 2184 832 2215 est
851 2185 893 2220 in,
909 2184 994 2214 ulum
1012 2183 1088 2223 ejus.

225 2237 299 2259 narn
316 2228 391 2258 licet
409 2228 436 2257 ei
455 2227 572 2257 salvum
591 2235 655 2256 non
673 2226 707 2257 sit
726 2225 867 2266 pecuniae
888 2234 1023 2264 corpus3
1048 2233 1090 2254 ia-

224 2278 299 2302 men
327 2267 405 2299 salva
432 2268 476 2299 est
501 2268 564 2307 ejus
587 2267 731 2305 utilitas3
762 2266 826 2298 sive
854 2266 988 2297 fundum
1013 2265 1090 2296 emit

228 2321 269 2342 ex
289 2319 353 2349 quo
371 2309 491 2340 fruetus
508 2309 682 2349 percipiat:
707 2308 770 2339 sive
794 2308 901 2339 debita
923 2306 1036 2345 solvit,
1060 2308 1090 2338 ὅ(

227 2352 314 2383 bona
331 2350 381 2382 sua
398 2352 533 2382 redemit
551 2361 559 2381 z
590 2349 653 2381 five
669 2349 753 2381 aliud
772 2350 838 2390 egit
856 2348 1000 2389 quodkad
1019 2357 1092 2388 qua-

224 2393 397 2433 lecumque
423 2393 488 2432 ejus
518 2392 686 2432 negotium
712 2393 874 2431 pertinere
898 2390 1090 2421 existimaret

224 2434 244 2465 l.
277 2444 326 2474 70.
358 2433 386 2475 §.
414 2435 468 2465 ult.
500 2432 519 2464 l.
543 2442 590 2473 7¹—
621 2433 641 2464 l.
667 2442 716 2473 72.
750 2432 795 2464 D.
819 2433 968 2473 delegatis
992 2431 1040 2462 lib.
1060 2441 1088 2462 2.

226 2475 310 2506 hanc
327 2485 432 2506 autern
458 2474 626 2505 utilitatem
654 2483 727 2505 cum
746 2484 786 2505 ex
804 2475 931 2505 alterius
955 2472 1090 2513 pecunia

225 2515 344 2555 habet,
370 2517 454 2548 reete
473 2514 576 2547 usuras
593 2514 686 2547 solvit
704 2525 762 2555 pro
783 2515 846 2547 usu.

268 2557 388 2589 Verum
407 2557 645 2595 sanguinolenta
669 2556 714 2588 est
740 2556 919 2588 centesima.
944 2557 1013 2597 quis
1036 2565 1090 2588 ne-

224 2607 280 2640 gat
294 2621 304 2636 ,
329 2597 351 2629 fi
368 2600 503 2630 excedat
525 2599 695 2630 utilitatem
714 2608 774 2639 qua
793 2599 945 2630 cariturus
965 2597 1001 2629 fit
1024 2607 1089 2629 cre-

224 2641 312 2671 ditor
327 2639 371 2669 ob
387 2640 417 2670 id
437 2639 522 2679 quod
533 2640 660 2671 debitor
675 2639 710 2671 fit
730 2640 835 2672 usurus
854 2641 918 2681 ejus
930 2639 1090 2680 pecunia?

224 2680 278 2712 sed
301 2680 401 2720 quid,
424 2679 444 2711 fi
465 2681 494 2712 id
510 2690 575 2712 non
592 2680 653 2712 fit?
676 2691 739 2712 non
763 2681 862 2713 fuerit
888 2682 1038 2720 crudele,
1062 2682 1090 2712 ei

225 2721 397 2753 centesima
436 2723 571 2761 reparari
610 2723 779 2754 utilitatem
821 2732 913 2764 quam
948 2722 1089 2753 debitori

227 2761 429 2794 concesserit.
456 2763 549 2802 quid,
573 2762 593 2794 fi
610 2764 740 2801 addam,
759 2774 822 2795 non
844 2763 906 2795 ess'e
925 2764 1088 2805 proprium

223 2804 322 2836 usurae
339 2827 349 2842 ,
381 2810 416 2834 ut
440 2803 608 2834 centeiima
632 2803 668 2834 fit
685 2828 694 2842 ‚
725 2805 758 2836 id
785 2806 830 2837 est
849 2829 857 2844 ‚
888 2804 1088 2846 graviffima?

224 2845 352 2887 possunt
369 2845 454 2877 enim
478 2843 632 2884 semisses,
656 2845 686 2877 ὅ(
705 2847 920 2887 quincunces,
946 2847 974 2878 ἀ
994 2855 1088 2879 trien-

831 148 1138 184 GEnAnD1
1185 146 1416 182 Noronr

1131 243 1178 267 tes
1195 259 1204 275 ‚
1227 236 1258 267 &
1279 235 1460 274 sextantes,
1491 235 1521 267 &
1538 236 1659 276 unciae‚
1680 236 1712 267 id
1737 235 1807 275 est,
1838 237 1996 272 leviffimae

1131 278 1203 309 eil'e.
1228 278 1293 310 imo
1317 279 1381 319 ipse
1399 279 1520 309 Seneca
1537 278 1584 310 lib.
1605 288 1634 319 3.
1659 277 1706 308 De
1720 279 1765 308 ira
1785 286 1809 308 c.
1825 287 1875 320 33.
1899 280 1995 313 usurae

1129 320 1275 351 meminit
1287 321 1369 351 haud
1388 320 1569 351 millesimae.
1584 329 1620 350 ac
1637 318 1656 350 fi
1667 320 1770 351 civilis
1785 328 1838 349 aut
1853 322 1995 355 modesta

1116 361 1167 392 *fit
1183 385 1193 399 .,
1225 360 1331 393 forsan
1357 371 1417 393 nec
1443 361 1663 401 improbabilis
1690 362 1752 391 visa
1775 360 1804 391 ei
1819 359 1880 392 fuit
1899 362 1996 395 usurae

1132 405 1226 434 ratio.
1244 403 1310 444 ipse
1330 403 1400 434 sane
1419 403 1459 434 de
1476 402 1522 441 se,
1534 402 1555 434 si
1573 401 1651 434 fides
1666 401 1786 433 Tacito
1802 401 1849 433 lib.
1866 412 1914 444 1¹⁴·
1933 405 1996 436 An-

1134 444 1195 476 nal.
1218 454 1240 475 c.
1262 455 1309 486 53.
1334 445 1481 476 oratione
1505 445 1543 475 ad
1563 444 1727 475 Neronem
1746 442 1892 483 ficinfic,
1921 445 1996 478 Tan.

1135 487 1172 516 tis
1194 496 1331 527 agrorum
1354 486 1488 527 spatiis,
1527 492 1587 516 tam
1618 486 1675 525 lato
1702 485 1816 525 faenore
1848 488 1996 520 exuberat.

1134 528 1269 559 Acculat
1285 531 1380 569 igitur
1402 528 1524 559 Seneca
1543 537 1606 558 non
1623 526 1758 558 foenoris
1784 526 1919 567 vitium3
1944 528 1997 562 sed

1133 569 1231 600 modi.
1257 579 1317 600 nec
1337 569 1447 600 hocin
1472 569 1600 600 foenore
1617 576 1738 600 tantum
1757 591 1766 607 ,
1800 568 1852 599 sed
1875 570 1906 600 in
1932 570 1996 603 aliis

1134 619 1284 651 quoque,
1308 612 1491 651 contingit,
1516 618 1551 641 ut
1573 610 1624 641 ul'u
1648 619 1699 640 aut
1719 610 1805 641 utilia
1823 618 1875 641 aut
1901 613 1997 644 noxia

1134 652 1318 683 habeantur.
1353 652 1394 683 sic
1419 654 1494 683 vino
1524 651 1640 692 (quod
1668 651 1784 683 Plinius
1810 660 1922 683 monet
1946 653 1996 686 lib.

1136 702 1183 731 14..
1208 692 1369 724 Naturalis
1391 692 1511 733 historice
1533 703 1556 724 c.
1575 696 1626 733 4.)
1651 702 1756 733 neque
1783 693 1902 724 vii-ibus
1928 703 1997 726 cor-

1134 734 1221 775 poris
1241 736 1349 766 utilius
1367 735 1469 771 aliud,
1492 734 1513 766 si
1538 740 1652 766 modus
1669 734 1766 771 adiit,
1791 743 1896 774 neque
1914 736 1998 768 aliud

1134 776 1353 816 voluptatibus
1377 776 1583 817 pei-nicioiius
1602 800 1612 814 ‚
1644 775 1664 807 ii
1693 777 1806 807 modus
1833 775 1921 808 absit.
1955 777 1996 809 fic

1133 817 1240 858 (quod
1258 817 1473 861 Quintilianus
1488 826 1579 849 notat
1596 819 1643 848 lib.
1663 828 1690 849 2.
1712 816 1783 856 inst.
1800 823 1874 848 orat.
1891 828 1915 850 c.
1930 818 1998 859 16.)

1133 862 1165 889 in
1182 866 1349 899 utramque
1369 868 1490 900 partem
1510 861 1619 890 valent
1635 868 1719 890 arma
1738 859 1913 890 facundiae:
1937 869 1999 891 nec

1135 908 1240 931 tamen
1263 901 1308 932 est
1326 910 1451 942 aequum
1470 924 1479 939 ,
1510 901 1541 932 id
1567 901 1674 932 haberi
1703 901 1836 939 malum,
1860 910 1925 941 quo
1945 901 1999 933 be·

1136 951 1176 973 ne
1198 942 1245 972 uti
1273 942 1359 973 licet.
1387 943 1530 982 alioquin
1557 952 1616 973 nec
1641 943 1738 973 duces
1760 950 1854 973 erunt
1881 943 1999 981 utiles,

1135 992 1196 1014 nec
1215 983 1433 1024 magistratus,
1457 993 1518 1015 nec
1540 985 1718 1021 medicina,
1743 993 1803 1015 nec
1823 983 1886 1025 ipsa
1911 985 2000 1016 deni-

1135 1033 1198 1064 que
1216 1023 1375 1064 sapientia.
1400 1034 1471 1056 nam
1493 1026 1521 1056 ὅ(
1546 1027 1608 1056 dux
1627 1025 1817 1064 Flaminius,
1851 1026 1880 1058 ἀ
1900 1024 2000 1057 Grac-

1134 1066 1186 1097 chi
1206 1089 1215 1105 ‚
1247 1066 1405 1097 Saturnini
1426 1089 1435 1104 ‚
1466 1065 1611 1098 Glaticiae
1626 1089 1636 1105 ‚
1666 1066 1861 1108 magistratus
1878 1091 1887 1105 ‚
1921 1069 1950 1099 <St
1968 1068 2001 1099 in

1135 1108 1267 1139 medicis
1293 1117 1416 1139 venena
1435 1131 1444 1146 ,
1476 1109 1504 1139 ἂ
1531 1108 1562 1139 in
1593 1108 1630 1139 iis
1655 1110 1706 1147 qui
1733 1108 2000 1148 philosophorum

1134 1149 1265 1180 nomine
1288 1150 1370 1180 male
1394 1157 1540 1187 utuntur,
1563 1149 1736 1190 graviffima
1760 1159 2002 1191 nonnumquam

1134 1190 1251 1231 flagitia
1272 1189 1468 1229 deprehensa
1488 1191 1567 1222 sunt.
1594 1191 1685 1222 cibos
1709 1190 1929 1232 aspernemur,
1955 1198 2000 1222 at-

1135 1232 1277 1263 tulerunt
1302 1232 1383 1272 saepe
1401 1232 1592 1264 valetudinis
1616 1231 1732 1265 causas.
1763 1242 1935 1274 numquam
1955 1240 2000 1264 te·

1135 1273 1183 1304 &a
1206 1272 1367 1306 subeamus
1385 1297 1394 1312 ‚
1426 1273 1516 1314 super
1540 1274 1720 1306 habitantes
1737 1275 1907 1314 aliqnando
1927 1284 2000 1315 pro-

1135 1315 1300 1346 cumbunt.
1326 1324 1390 1346 non
1408 1315 1582 1347 fabricetur
1608 1315 1698 1347 militi
1723 1316 1845 1356 gladius
1861 1339 1869 1354 ‚
1893 1315 2000 1357 potest

1134 1356 1181 1386 uti
1208 1357 1324 1388 eodem
1347 1356 1435 1387 fei-ro
1458 1356 1549 1388 latro.
1580 1366 1649 1397 quis
1676 1357 1795 1396 nescit,
1829 1357 1938 1398 ignes,
1970 1366 1999 1388 a·

1135 1406 1212 1437 quas
1233 1397 1296 1429 fine
1322 1398 1436 1438 quibus
1462 1398 1546 1429 nulla
1569 1397 1604 1429 sit
1629 1399 1693 1430 vita
1711 1422 1721 1437 ‚
1754 1399 1783 1430 ἃ
1806 1408 1846 1430 ne
1865 1399 2000 1431 terrenis

1135 1439 1305 1478 immorer,
1330 1439 1427 1470 solem
1450 1440 1640 1480 lunamque,
1664 1440 1825 1480 praecipua
1843 1439 1998 1478 siderum,

1135 1481 1306 1520 aliquando
1324 1482 1421 1512 etiam
1441 1490 1568 1512 nocere.
1593 1481 1645 1512 sed
1663 1482 1750 1522 quod
1769 1484 1798 1512 in
1819 1481 1879 1512 illis
1897 1480 2000 1524 Quin-

1136 1521 1260 1552 tilianus
1286 1521 1461 1560 observat,
1494 1522 1558 1553 hoc
1581 1526 1613 1553 in
1641 1521 1770 1554 foenore
1794 1523 1954 1555 dicamus:
1979 1521 2000 1554 si

1135 1571 1252 1601 nocet,
1276 1562 1296 1595 fi
1315 1571 1407 1604 turpe
1432 1563 1501 1602 est,
1536 1563 1557 1595 si
1575 1564 1739 1605 indignum
1766 1567 1836 1594 viio
1862 1565 1950 1595 bono
1969 1563 2000 1595 &

1136 1604 1339 1636 humanitatis
1367 1614 1520 1643 amante;
1553 1615 1618 1637 non
1648 1605 1692 1636 cst
1725 1605 1860 1636 foenoris
1889 1614 2000 1645 pecca-

1135 1652 1221 1684 tum,
1246 1645 1297 1677 sed
1322 1646 1459 1678 hominis
1482 1649 1565 1677 avari
1594 1647 1624 1678 ἀ
1651 1645 1780 1678 foenore
1806 1648 1888 1678 male
1906 1655 1999 1678 uten-

1133 1688 1183 1718 tis.
1208 1688 1296 1727 quod
1315 1686 1335 1718 si
1353 1688 1423 1728 quis
1448 1688 1568 1719 idcirco
1590 1688 1763 1728 prohibere
1787 1689 1887 1727 velit,
1912 1687 2001 1728 quod

1134 1728 1307 1769 aliquando
1340 1730 1370 1760 in
1404 1729 1532 1760 abutum
1564 1730 1682 1760 cadat:
1720 1730 1822 1768 licet;
1860 1730 1932 1761 dum
1969 1729 2001 1760 &

1133 1770 1260 1810 ignem,
1285 1769 1315 1801 ἃ
1331 1779 1463 1810 aquam,
1488 1770 1517 1801 &
1542 1771 1668 1809 vinum,
1693 1770 1722 1801 δι
1740 1770 1867 1809 cibum,
1893 1771 1922 1802 &
1940 1780 2001 1801 cae-

1134 1818 1225 1849 tera,
1256 1811 1440 1843 hominibus
1465 1820 1529 1842 non
1555 1812 1643 1843 utilia
1668 1811 1767 1842 modo
1786 1836 1795 1850 ‚
1828 1812 1880 1843 sed
1899 1812 1928 1843 dt
1945 1821 2000 1843 ne-

1134 1852 1280 1890 cetiaria,
1305 1854 1380 1883 ideo
1399 1852 1586 1891 prohibeat,
1612 1855 1699 1893 quod
1722 1853 1893 1893 aliquando
1912 1853 2000 1885 usum

1134 1895 1315 1934 recipiant,
1350 1893 1402 1925 sed
1423 1904 1485 1926 non
1511 1904 1640 1934 verum,
1664 1895 1821 1934 denique,
1844 1896 1932 1934 quod
1951 1895 1998 1925 bis

1134 1936 1224 1966 multi
1255 1935 1294 1966 ad
1324 1936 1482 1976 nequitias
1510 1935 1692 1968 abutuntur.
1728 1937 1816 1977 quod
1843 1936 1864 1968 fi
1889 1937 1918 1968 in
1952 1936 1998 1968 bis

1134 1986 1197 2007 non
1219 1976 1306 2008 usum
1326 1977 1504 2010 tollendum
1521 1986 1634 2017 putet,
1660 1978 1710 2008 scd
1730 1977 1876 2010 abusum:
1901 1978 1998 2009 etiam

1133 2018 1163 2048 in
1183 2016 1312 2049 foenore
1330 2018 1359 2049 ἀ
1377 2018 1474 2050 usuris
1492 2020 1596 2058 dicat,
1616 2020 1831 2059 corruptelam
1851 2019 1996 2051 inhiben-

1133 2060 1224 2098 dam3
1249 2069 1312 2091 non
1332 2059 1420 2091 usum
1437 2069 1568 2099 verum,
1592 2060 1620 2092 ἃ
1640 2060 1679 2092 ad
1699 2061 1870 2100 juvandam
1890 2061 1996 2092 huma-

1132 2101 1267 2131 nitatem
1284 2102 1575 2133 accommodatum.

1171 2141 1309 2182 Ineptis,
1333 2143 1467 2181 inquies.
1503 2142 1548 2173 est
1569 2143 1653 2174 enim
1680 2143 1749 2174 haec
1766 2142 1925 2174 usurarum
1951 2151 1997 2173 ra-

1133 2183 1179 2213 tio
1197 2205 1207 2221 ,
1240 2190 1274 2213 ut
1292 2207 1301 2221 ‚
1333 2184 1476 2223 quamvis
1502 2193 1567 2215 non
1586 2186 1745 2215 excedant
1764 2185 1894 2216 modum
1909 2207 1918 2222 ‚
1952 2192 1997 2214 ta-

1133 2233 1206 2255 men
1240 2223 1348 2255 senfiin
1378 2232 1514 2256 atterant
1540 2225 1695 2256 debitoris
1719 2235 1798 2265 opes
1817 2248 1827 2263 ,
1860 2226 1996 2256 maxime

1134 2266 1326 2306 negligentis
1348 2273 1402 2297 aut
1425 2267 1561 2307 prodigi.
1594 2266 1738 2306 prorsus,
1764 2275 1797 2298 ut
1815 2290 1824 2305 ,
1853 2276 1924 2298 cum
1949 2276 1996 2297 re-

1134 2308 1275 2339 medium
1298 2314 1436 2348 quaerat‚
1468 2317 1532 2338 non
1559 2307 1622 2338 hoc
1638 2332 1648 2347 ,
1672 2308 1724 2339 scd
1743 2317 1922 2345 venenum,
1947 2317 1997 2338 ac-

1134 2349 1240 2390 cipiat.
1265 2348 1306 2380 fic
1327 2350 1412 2380 enim
1431 2349 1611 2381 Ambrosius
1632 2357 1810 2390 argutatur‚
1844 2349 1891 2380 De
1909 2349 1997 2380 Tobia

1133 2400 1157 2421 c.
1175 2400 1204 2430 3.
1230 2391 1259 2421 ἀ
1283 2391 1358 2422 ideo
1384 2392 1542 2423 exclamat
1569 2401 1592 2421 c.
1609 2401 1639 2430 5.
1675 2391 1790 2433 Mergic
1819 2393 1998 2431 naufragos,

1133 2432 1233 2472 expuit
1258 2433 1368 2470 nudos,
1402 2430 1516 2472 vestitos
1536 2435 1642 2471 exuit,
1674 2433 1825 2472 insepultos
1851 2432 1997 2473 relinquit.

1133 2483 1284 2504 nummum
1309 2483 1374 2514 ergo
1384 2481 1479 2514 petis,
1512 2473 1548 2508 ὅ)
1570 2474 1764 2513 naufragium
1772 2474 1905 2515 suscipis.
1930 2475 1998 2504 binc

1135 2515 1285 2556 cbarybilz's
1307 2513 1515 2555 circumstrepit
1531 2538 1539 2553 ‚
1574 2515 1640 2545 binc
1658 2516 1765 2547 Sirenae
1780 2525 1842 2556 quie
1861 2514 1995 2553 volupia-

1135 2558 1172 2587 tz‘s
1191 2558 1286 2596 specie
1312 2555 1348 2590 ἐξ
1376 2566 1483 2587 canorae
1513 2556 1671 2587 dulcedinis
1693 2558 1841 2595 stitivitcite
1862 2557 1893 2586 in
1917 2557 1996 2586 vada

1135 2597 1266 2628 dedzittor
1287 2608 1360 2628 coeca
1377 2621 1386 2636 ‚
1418 2599 1571 2637 repetendi?
1591 2599 1689 2629 domus
1712 2599 1771 2638 (ut
1789 2598 1890 2632 terunt
1902 2597 1996 2635 fribu-

1135 2639 1192 2679 lae)
1210 2639 1258 2679 spe
1281 2638 1317 2673 ὃ)
1332 2640 1693 2679 cupiditatefraudabant.
1736 2639 1798 2670 Sed
1815 2638 1903 2678 quod
1921 2639 1996 2668 Am-

1135 2680 1254 2711 brosius
1278 2689 1407 2721 carpit,
1438 2689 1501 2710 non
1526 2679 1646 2711 foenori
1670 2681 1915 2721 imputandum;
1945 2678 1996 2709 sed

1133 2722 1290 2759 debitori,
1315 2730 1368 2753 aut
1386 2721 1581 2762 negligenti,
1605 2729 1659 2753 aut
1678 2731 1814 2761 nequam
1838 2720 1867 2751 &
1891 2721 1996 2760 prodi-

1132 2773 1194 2804 ἕο,
1218 2764 1344 2804 qualem
1366 2764 1399 2795 in
1421 2763 1625 2804 sequentibus
1649 2764 1791 2804 ejusdem
1810 2762 1924 2803 capitis
1943 2762 1996 2793 de·

1132 2805 1250 2837 scribit.

932 2959 1173 2994 CAPUT
1230 2957 1275 2992 X.

223 3055 342 3102 Legem
369 3053 545 3101 ZbIosaicam
571 3053 607 3089 de
632 3065 689 3088 non
714 3056 874 3089 exercendo
892 3054 1015 3099 faeiiore
1041 3055 1165 3101 definire
1184 3057 1240 3102 jus
1259 3067 1317 3091 non
1345 3056 1511 3098 Gentium,
1535 3054 1596 3102 fied
1623 3055 1718 3090 Civile
1736 3050 1839 3099 populi
1863 3051 1993 3086 Hebrai-

298 3107 325 3139 εἰ
355 3107 402 3138 cui
424 3104 522 3149 posita
549 3105 602 3149 est.

659 3115 694 3137 eo
721 3103 786 3148 lege
810 3103 911 3145 foenus
938 3107 1017 3138 inter
1044 3106 1189 3139 Hebraeos
1215 3106 1355 3151 quidem,

1385 3105 1445 3150 sed
1475 3117 1531 3140 non
1564 3106 1644 3139 inter
1675 3103 1819 3138 Hehraeos
1844 3098 1885 3140 ξύ)
1907 3110 1993 3146 pere-

296 3154 425 3197 grinos,
451 3153 626 3195 prohiberi:
651 3164 687 3186 ac
703 3150 838 3195 fimilt’m
864 3152 970 3186 Romae
995 3151 1229 3196 observationem
1245 3152 1344 3200 frisse
1370 3156 1449 3189 inter
1474 3155 1554 3188 cives
1581 3154 1758 3193 Romanos,
1792 3151 1921 3194 itemque
1945 3151 1991 3182 in-

298 3208 336 3232 tei
370 3202 421 3235 bos
447 3198 487 3239 E?
504 3200 604 3247 socios
629 3201 770 3236 Latinos.
803 3212 858 3234 cur
874 3199 984 3245 foenus
1009 3202 1087 3233 iiitei·
1114 3202 1261 3237 Hebrceos
1284 3203 1350 3248 lege
1385 3201 1526 3247 Mosaica
1556 3201 1771 3247 prohibeatur:
1810 3200 1891 3232 incer
1925 3197 1990 3231 He-

296 3248 389 3282 oiaeos
415 3247 456 3288 ὅ)
477 3251 657 3296 peregrinos
683 3262 741 3286 non
761 3249 976 3297 prohibeatur,
1003 3250 1042 3282 cib
1068 3248 1221 3293 Aiiibrofio
1247 3252 1408 3297 diligenter
1434 3249 1598 3298 disputari,
1621 3247 1681 3296 sed
1704 3259 1760 3283 non
1779 3246 1986 3294 probabiliter.

1936 3303 1988 3327 ve-
