2052 3487
395 132 458 168 Ar>
503 131 660 167 LEGEM
708 129 950 172 Amnum
1000 130 1143 168 ann
1193 131 1485 169 SINGULARIS.

63 226 129 265 viu
152 224 235 257 nulla
253 222 296 255 est
316 222 344 254 in
363 222 527 254 dominum
544 219 646 251 danda
665 219 770 266 attio:
795 218 836 252 fin
855 221 922 253 cul-

61 277 100 310 pa
116 274 299 303 nautarum,
329 265 360 296 id
377 264 421 295 est
435 287 445 303 ,
475 262 699 304 gubernatoris
719 262 769 292 vel
787 263 919 294 ducato-

60 312 103 342 ris
124 332 132 348 ,
165 309 234 349 (ita
260 306 303 338 est
329 306 360 337 in
379 303 571 336 Florentinis
591 302 780 334 Pandeffis:
815 314 920 344 neque

61 353 230 391 improbo:
254 356 323 379 nam
345 347 490 378 videntur
507 344 643 376 Veteres
661 344 690 375 ἃ
706 349 805 375 ducere
822 346 852 376 ὅ(
867 347 920 377 ciu-

63 402 126 423 care
145 390 272 428 diXill'e,
296 389 431 428 indeque
448 387 477 418 ὅτ.
493 387 635 425 ducatus,
660 385 690 417 δε
712 388 834 416 educare
849 411 858 426 ‚
890 388 920 419 ὃς

62 435 174 465 elimarit·
195 440 252 471 pro
270 429 401 461 ducibus
412 452 421 466 ‚
432 427 606 469 superesse)
629 426 649 458 fi
661 450 676 473 ,ῃ
689 436 819 467 inquam
831 452 839 466 ,
853 429 919 460 cul-

61 484 100 515 pa
125 481 305 510 nautarum,
331 471 363 501 id
386 470 448 508 eit,
471 470 694 511 gubernatoris
716 470 768 500 vel
788 471 920 502 ducato·

60 517 101 547 ris
117 516 147 546 id
167 514 283 546 fastum
301 512 362 550 est,
386 511 511 552 Aquilia
532 510 655 542 sufficit.

99 556 152 588 Est
178 557 208 587 ὅ(
234 555 315 585 aliud
337 554 518 594 exemplum
545 553 628 593 apud
653 551 804 584 Alfenum
825 553 844 584 l.
864 563 916 594 52·

59 597 88 639 §.
113 607 135 629 i.
160 596 202 628 D.
220 596 269 628 Ad
291 595 377 636 legem
399 594 568 636 Aquiliam:
600 594 631 625 id
653 595 837 635 exemplum
859 596 915 627 cst.

59 639 269 670 'sabernarius
293 637 323 667 in
350 636 457 667 semita
488 636 579 677 (quae
603 634 648 666 est
669 635 829 675 angustior
847 637 917 676 via)

59 680 154 711 noctu
172 678 258 719 supra
276 678 411 718 lapidem
433 678 592 709 lucernam
608 676 765 718 posuerat.
791 678 918 717 quidam

58 720 240 762 praeteriens
257 728 325 751 eam
343 719 512 750 sustulerat.
538 718 734 750 tabernarius
751 729 822 749 euni
842 728 918 750 con-

59 762 208 802 sequutus
225 785 235 800 ,
269 761 430 792 lucernam
457 760 663 801 reposcebat,
688 761 717 790 ὅι
738 759 918 800 fugientem

59 803 225 836 retinebat.
250 803 301 834 ille
317 802 463 843 flagello,
486 803 575 843 quod
594 802 623 833 in
644 810 737 832 manu
760 801 920 839 habebat,

58 846 89 876 in
112 854 176 885 quo
196 843 273 876 dolo
288 844 389 874 inerat
411 844 474 883 (ita
489 843 575 875 recte
591 842 776 874 Haloander
793 844 822 885 ὣς
842 842 918 888 Rus-

59 885 162 917 sardus
182 898 189 917 :
222 884 274 926 qui
300 885 388 916 addit
410 895 451 916 ei(
479 884 591 916 Servio
612 886 650 915 ad
673 884 721 914 lib.
742 892 769 922 7.
794 884 917 915 Aineid.

60 927 182 968 Virgilii
202 928 274 967 versi
294 931 365 963 664.
390 927 543 958 dolonem
560 926 710 966 appellari
736 924 916 965 flagellum,

59 969 138 1000 intra
153 969 240 1008 cujus
257 969 376 1009 virgam
396 968 473 999 latet
489 967 606 1008 pugio)
630 966 796 998 verberare
816 967 917 998 taber-

59 1010 179 1041 narium
204 1018 346 1050 coeperat
365 1032 374 1048 ,
405 1018 439 1041 ut
463 1009 493 1040 se
523 1009 674 1040 mitteret.
706 1017 747 1038 ex
779 1017 830 1054 eo·
848 1015 917 1038 orta

59 1052 178 1091 majore
198 1052 280 1089 rixa,
314 1051 344 1082 id
365 1050 409 1081 est
425 1074 433 1086 ,
457 1059 561 1091 pugna
579 1072 589 1088 ,
613 1051 665 1080 seu
686 1056 915 1086 contentione,

60 1102 130 1133 quae
151 1093 212 1132 jam
235 1102 327 1123 manu
353 1092 530 1130 constaret,
560 1100 624 1122 non
652 1098 773 1121 tantum
792 1091 915 1121 verbis:

60 1143 96 1164 ut
114 1134 144 1164 in
162 1132 250 1165 slmili
274 1133 342 1164 fere
361 1133 464 1173 specie
481 1135 563 1173 apud
587 1132 773 1177 Suetonium
799 1133 831 1177 in
851 1130 915 1178 Ne·

61 1184 128 1206 rone
150 1184 174 1205 c.
193 1178 240 1205 26.
267 1175 339 1213 ubi,
364 1175 461 1214 Szepe,
486 1174 612 1214 inquit,
641 1174 671 1203 in
687 1172 823 1213 ejusmodi
841 1174 915 1202 rixzs

65 1215 207 1246 oculorum
224 1214 260 1249 ὅ)
282 1217 349 1246 vitae
367 1215 525 1255 periculum
541 1215 630 1251 aa'z'ic,
662 1223 680 1245 a
703 1214 825 1253 quodam
847 1213 914 1243 lati·

61 1258 172 1296 cluvio,
194 1258 278 1298 cujus
300 1265 415 1286 uxorem
429 1254 650 1291 αῑῑνεὲἶαυεναῑ,
668 1260 754 1295 prope
771 1256 808 1285 ad
820 1263 915 1285 necem

62 1301 154 1336 cajus.
198 1297 241 1329 Et
260 1297 339 1336 apud
360 1296 544 1335 ‚iuvenalem
557 1295 618 1335 sat.
634 1304 665 1336 3.
689 1296 761 1336 versl
781 1300 851 1337 287.

99 1355 151 1361 —
172 1356 224 1361 ——-
245 1337 360 1377 Misere
377 1339 506 1378 cognosce
514 1339 651 1378 prooernz'u
672 1337 762 1376 rixoe,

98 1380 132 1410 Si
145 1379 212 1409 rixa
225 1375 280 1418 est,
302 1379 352 1409 ubi
366 1384 398 1409 tu
409 1379 526 1419 pulsas,
550 1387 598 1419 ego
614 1378 720 1418 vapulo
736 1383 863 1410 tantum.

55 1418 165 1452 Utitur
189 1418 364 1451 &Tacitus
381 1420 495 1452 eodem
515 1419 602 1450 sensu
621 1419 670 1450 lib.
698 1428 724 1451 Ι.
749 1419 862 1460 Hzstor.
887 1430 911 1451 c.

56 1465 106 1501 64.
127 1461 254 1502 Jurgio,
275 1461 438 1501 inquiens,
460 1471 528 1492 mox
542 1463 610 1492 rixa
637 1462 713 1491 inter
729 1460 857 1493 Batavos
876 1460 913 1496 ὅ)

55 1503 232 1544 legionarios.
254 1503 321 1533 dum
338 1503 380 1533 bis
405 1507 458 1533 aut
478 1500 647 1541 illisstudia
663 1502 789 1533 militum
812 1504 913 1545 adgre-

53 1551 186 1586 gantur,
205 1549 290 1584 prope
314 1544 346 1574 in
362 1543 496 1584 proelium
525 1545 662 1584 exarsere.
704 1543 756 1575 Ex
783 1554 842 1582 eo,
866 1546 912 1576 in-

56 1594 148 1625 quam
163 1608 172 1623 ‚
196 1585 312 1624 majore
328 1585 393 1616 rixa
410 1584 512 1624 faeta,
538 1584 732 1616 tabernarius
749 1585 778 1616 ei
794 1587 846 1625 qui
866 1587 910 1617 lu-

53 1635 178 1658 cernam
205 1625 381 1664 sustulerat,
405 1627 534 1658 oculum
554 1625 729 1658 effoderat:
752 1627 913 1667 quaereba·

53 1675 123 1705 tur,
148 1677 221 1698 num
239 1677 302 1698 non
322 1669 483 1699 videretur
499 1668 543 1699 illi
562 1668 712 1699 damnum
732 1668 841 1708 injuria
858 1669 910 1699 de-

52 1708 156 1740 disse?
180 1708 220 1739 sic
238 1709 406 1749 legendum
423 1708 532 1741 censet
548 1710 707 1742 Antonius
721 1709 910 1749 Augustinus

51 1749 102 1781 lib.
126 1759 150 1781 1.
177 1749 415 1781 Emendationum
431 1761 458 1782 c.
478 1761 503 1783 1.
529 1750 714 1790 Consulebac,
738 1760 809 1782 num
831 1753 911 1782 clam-

53 1800 125 1821 num
143 1791 256 1831 injuria
273 1801 329 1822 non
346 1793 462 1822 videtur
476 1792 592 1831 dediffe,
608 1793 745 1834 quoniam
758 1794 839 1833 prior
851 1792 908 1832 fla-

51 1832 123 1872 gello
136 1831 282 1873 percuffus
300 1832 389 1873 efflet)
413 1832 588 1873 Respondit
609 1834 762 1871 Alfenus,
784 1833 804 1865 fi
823 1843 911 1874 prior

53 1873 180 1914 flagello
198 1873 357 1914 percussus
375 1875 569 1906 tabernarius
586 1873 616 1906 se
633 1875 798 1913 defendit,
822 1876 852 1906 <St
868 1876 910 1906 alu

53 1921 115 1945 teri
133 1916 261 1946 oculum
279 1915 393 1947 effodit
413 1925 476 1947 non
497 1916 603 1947 dedita
616 1925 733 1956 opera3
749 1925 812 1948 nou
823 1919 910 1948 vide-

50 1955 79 1987 ri
95 1956 243 1988 damnum
268 1957 374 1998 injuria
397 1957 514 1989 dediss'e
532 1957 572 1988 Et
597 1958 703 1996 reete,
726 1959 801 1997 quid
827 1958 911 1989 enim

51 1997 165 2038 imputt
178 2007 227 2029 tur
252 2001 280 2030 ei
298 1999 349 2039 qui
373 1998 434 2030 fuit
457 2000 526 2039 jure
542 1998 598 2030 suo
616 1999 705 2037 usus3
728 2000 791 2030 five
808 2000 910 2030 lucer-

50 2046 125 2070 nam
144 2038 224 2070 suam
244 2040 389 2079 repetiit,
413 2041 477 2071 five
498 2049 570 2071 cum
599 2042 758 2080 vapularet
775 2063 784 2078 ‚
808 2039 838 2070 se
856 2041 910 2071 ‹le-2

51 2078 180 2111 fendit?
195 2080 249 2112 etfi
265 2083 353 2112 alteri
370 2083 500 2114 oculum
518 2081 634 2113 effodit
648 2080 736 2112 casu:
752 2091 823 2113 nam
835 2082 910 2112 huic

49 2120 226 2152 humanitas
251 2122 404 2163 ignoscit:
428 2124 479 2155 hic
504 2123 659 2159 maxime,
683 2124 736 2153 ubi
762 2123 911 2154 damnum

51 2163 188 2203 contigit
205 2163 296 2204 culpa
311 2165 375 2204 ejus
393 2166 444 2205 qui
457 2163 715 2204 damnumpass‘us
725 2164 789 2202 est,
807 2174 911 2203 neque

52 2202 127 2234 ideo
143 2206 291 2236 damnum
314 2204 413 2245 passus
431 2207 557 2237 videtui·
574 2206 594 2236 l.
619 2215 688 2247 203.
714 2205 756 2236 1).
772 2209 805 2236 cie
827 2215 910 2247 regu-

51 2243 184 2286 lis'juris.
227 2246 273 2278 Ita
289 2269 299 2284 ,
321 2245 342 2277 si
367 2247 559 2279 tabernarius
581 2256 654 2279 cum
673 2247 759 2288 prior
782 2249 909 2288 vapula-

54 2292 123 2323 ret,
148 2287 277 2318 oculum
296 2287 358 2319 furi
377 2289 447 2320 casu
472 2288 601 2321 effodit:
626 2288 679 2320 sed
702 2288 722 2320 fi
739 2288 820 2320 fecit
838 2289 910 2320 data

55 2334 173 2366 opera,
194 2335 247 2359 aut
269 2337 341 2360 cum
364 2330 442 2361 alter
466 2331 625 2362 lucernam
644 2330 671 2361 ei
692 2330 848 2370 eriperet,
872 2331 910 2362 ri-

55 2374 147 2398 xatus
164 2367 226 2407 est,
244 2369 274 2400 id
289 2369 350 2408 est,
366 2371 452 2402 illum
471 2373 500 2402 vi
521 2372 551 2403 dc
569 2381 662 2403 manu
678 2370 833 2413 aggressus
842 2371 908 2408 est;

55 2408 182 2440 videtur
204 2411 351 2442 damnum
378 2411 486 2453 injuria
508 2412 642 2444 dedisse:
665 2414 739 2453 quia
756 2413 909 2444 conveni-

54 2449 128 2480 ebat
146 2450 325 2482 constitutis
341 2453 463 2492 judiciis
475 2477 483 2493 ‚
508 2464 548 2485 ne
564 2454 593 2485 se
618 2455 764 2494 privatim
782 2454 910 2485 ulcisce-

50 2498 136 2523 retur
159 2493 372 2533 tabernarius,
395 2504 477 2527 neve
493 2496 596 2527 furem
612 2496 655 2527 ob
671 2497 786 2528 nudam
809 2496 909 2527 lucer-

54 2541 103 2564 nae
131 2533 367 2574 defensionem,
397 2546 461 2568 non
487 2538 608 2576 dicam,
644 2538 827 2576 occideret,
858 2536 910 2568 sed

56 2583 161 2613 neque
186 2577 385 2615 verberaret,
408 2579 599 2611 laederetve:
623 2578 678 2610 etsi
701 2580 729 2610 ei
752 2579 800 2619 jus
824 2586 910 2617 erat,

57 2613 213 2648 lucernam
238 2616 319 2649 suam
345 2620 482 2652 retinere
506 2629 559 2652 aut
580 2628 742 2661 repetere,
776 2621 805 2652 &
834 2621 909 2651 ideo

60 2654 162 2687 furem
185 2661 422 2699 apprehendere
437 2669 489 2693 aut
504 2662 667 2701 detinere3
690 2663 806 2700 etiam,
834 2661 854 2693 si
870 2661 909 2691 ab

62 2704 102 2725 eo
125 2705 366 2739 percuteretur,
400 2701 431 2733 se
459 2712 531 2735 curn
564 2704 629 2742 eius
660 2704 777 2734 damno
810 2704 911 2740 tueri;

61 2734 187 2777 saltem,
209 2740 229 2771 fi
247 2747 310 2773 non
329 2750 452 2781 poterat
467 2745 510 2777 illi
526 2744 589 2776 fine
607 2745 750 2786 periculo
767 2744 822 2775 suo
841 2753 910 2784 par-

61 2784 145 2823 cere.
157 2781 299 2824 ,proinde
315 2782 377 2814 five
394 2784 540 2818 defendit
556 2786 603 2823 se,
629 2786 659 2817 &
675 2786 765 2817 alteri
782 2787 911 2816 oculum

62 2817 178 2865 eqstodit
194 2821 297 2853 dedita
317 2834 433 2865 opera,
455 2826 519 2858 five
534 2826 605 2858 casu
622 2827 702 2858 fecit
718 2851 728 2865 ,
752 2826 804 2858 sed
825 2827 912 2867 prior

60 2867 178 2890 rixatus
197 2861 258 2907 est,
273 2871 308 2894 ut
322 2865 479 2898 lucernam
498 2868 648 2904 haberet;
666 2869 826 2908 utrimque
847 2868 911 2899 cul-

61 2908 133 2940 pam
149 2910 249 2942 arguit
265 2905 429 2939 ulciscendi
446 2909 538 2941 inane
553 2910 699 2941 studium.
744 2909 914 2951 Quintilia-

60 2951 137 2989 num
162 2943 233 2974 audi
258 2944 386 2978 Decium.
404 2957 438 2989 13
461 2957 523 2990 cap.
544 2960 589 2982 11.
613 2952 658 2981 Ar
679 2952 754 2982 enim
776 2951 915 2987 adversus

60 2984 229 3019 auferentem
244 2986 378 3018 damnum
389 2988 469 3029 justa
484 2992 555 3022 ulcio
564 2993 641 3031 fuit.
684 2992 793 3023 Dicam
816 3001 915 3030 nunc,

62 3033 148 3065 quam
187 3026 290 3067 iniqua
318 3027 361 3065 fit
394 3030 516 3062 invicem
547 3033 662 3073 injuriae
699 3033 881 3074 compensatio
905 3054 914 3071 ‚

61 3074 203 3108 quamque
227 3077 283 3098 non
299 3069 395 3108 Jblum
417 3070 472 3111 legi
496 3073 634 3113 adversa,
654 3074 708 3114 sed
731 3077 816 3106 eiiam
840 3074 914 3114 paci.

61 3106 254 3138 Barbarorum
274 3119 333 3141 mor
353 3108 392 3151 cst
409 3113 595 3151 populorum,
617 3124 686 3156 quos
702 3115 805 3156 procul
827 3116 917 3146 omnis

57 3149 271 3188 jurisvhumani
278 3153 416 3190 societate
422 3156 577 3193 summotos
591 3157 725 3196 proxima
747 3157 846 3188 belluis
866 3167 916 3189 na-

62 3195 130 3236 turn
157 3189 301 3230 efferavit.
343 3193 410 3225 Nos
437 3196 495 3226 ideo
523 3195 710 3239 magistratus
740 3199 866 3240 legesque
897 3210 916 3232 α

60 3234 212 3271 Μηονιίπιε
231 3231 524 3278 nostris-accepimus,
545 3247 581 3271 ne
588 3239 642 3280 sui
663 3240 785 3282 quisque
809 3240 916 3274 doloris

1769 144 1836 179 143

964 222 1075 253 vindex
1091 220 1153 261 fit,
1180 223 1216 257 ἐπ’)
1233 221 1497 264 affialuaescelerum
1519 221 1652 262 cmg‘oese
1676 223 1832 263 refellant,

956 262 986 301 fi
1002 263 1070 294 ultio
1086 266 1194 295 crimen
1212 267 1384 297 initiabitur.
1430 265 1580 296 Damnum
1605 262 1744 305 accepisti.
1790 265 1833 295 E-

964 311 1011 336 rut
1039 305 1105 344 lex,
1122 307 1244 345 forum,
1269 306 1381 347 judex:
1411 307 1466 345 nisi
1481 305 1510 343 st
1532 316 1581 336 vos
1600 307 1666 347 jure
1679 307 1830 337 vindicari

959 348 1057 386 pudet.
1102 348 1145 378 Ar
1159 357 1201 377 me
1218 349 1307 378 hercle
1318 349 1380 388 jum
1395 350 1432 379 (ια’
1451 358 1532 378 arma
1550 349 1714 385 mittimur,
1739 347 1775 381 ξεῖ
1787 350 1831 378 in-

954 386 1096 428 stituitur
1113 390 1272 428 perniciosa
1295 391 1415 420 noceizilz'
1432 391 1571 420 contentio
1588 413 1598 428 ,
1630 389 1666 424 &³
1683 390 1712 420 in
1737 391 1829 420 vicem

963 430 1032 470 legis
1051 430 1097 460 iru
1107 432 1245 470 succedit.

1004 471 1097 502 Aliud
1117 472 1274 511 subjiciam
1298 472 1478 513 exemplum
1497 482 1537 503 ex
1553 473 1665 503 eadem
1691 472 1709 503 l.
1728 482 1778 513 52.
1798 471 1830 513 §-

961 512 1005 543 uli
1029 512 1064 542 l).
1090 513 1138 543 Ad
1153 513 1417 554 irgemAqmuam:
1440 515 1528 554 cujus
1547 514 1614 544 haec
1633 514 1730 544 verba
1749 513 1829 545 sunt.

1003 553 1077 584 Cum
1092 555 1154 594 pilu
1171 556 1323 595 curitplurei
1343 554 1473 585 luderent
1491 579 1499 593 ‚
1522 557 1640 596 quidum
1657 565 1693 586 ex
1709 556 1753 586 hz's
1766 556 1833 594 Jer-'

1022 595 1127 625 vntum
1142 619 1151 633 ,
1175 606 1240 626 cum
1256 596 1348 637 pilam
1368 599 1512 637 percipere
1535 603 1688 627 conaretur
1706 620 1715 635 ,
1737 598 1831 636 impu-

1022 636 1074 668 lii:
1091 641 1198 675 servus
1215 638 1332 674 cecidit,
1358 637 1394 672 ὅ)
1419 647 1484 668 crus
1505 638 1602 678 fregit.
1627 639 1828 679 quaerebatur,

1021 687 1060 708 an
1074 680 1203 709 dominus
1216 678 1329 717 servuli
1343 680 1402 719 lege
1419 679 1543 720 Aquilia
1571 689 1636 709 cum
1660 689 1688 709 eei
1701 703 1710 717 ,
1743 679 1828 720 cujus

1021 719 1143 760 vnpulsu
1161 722 1317 758 ceciderat,
1343 730 1425 760 ogere
1444 718 1559 761 potest?
1585 720 1746 761 Respondi,
1771 730 1829 751 uon

1014 759 1110 800 poffe,
1133 770 1197 792 cum
1215 769 1282 802 casu
1305 763 1416 804 magis,
1438 772 1524 803 quam
1543 761 1627 802 culpa
1641 785 1651 800 ‚
1674 762 1826 793 videretur

1012 802 1143 838 jucium.

962 840 1060 872 Lusus
1082 844 1154 882 pilae
1179 846 1232 884 qui
1250 844 1281 875 in
1302 843 1349 875 his
1375 845 1480 876 verbis
1502 845 1712 885 proponitur,
1736 844 1759 875 is
1779 844 1826 875 vi-

960 884 1053 914 detui·
1070 883 1150 921 effe,
1175 894 1270 925 quem
1290 885 1424 918 Veteres
1450 885 1616 927 harpafium
1638 887 1768 917 dicunt:
1793 887 1827 917 in

959 932 1024 963 quo
1043 922 1109 955 lusu
1127 926 1206 957 alter
1224 927 1359 958 alterum
1384 928 1540 967 impellit,
1565 937 1671 968 eoque
1693 927 1831 968 impulsu

958 965 1044 1005 agit,
1067 974 1107 996 ne
1125 967 1204 998 alter
1222 969 1316 1008 pilam
1335 969 1507 1009 percipiat:
1534 978 1568 1000 ut
1584 970 1628 1000 est
1644 970 1706 1009 jam
1723 970 1762 1000 ab
1772 969 1828 1000 ali-

958 1007 984 1037 is
1009 1007 1269 1040 demonstratum.
1302 1018 1342 1040 eo
1366 1011 1461 1050 igitur
1485 1012 1515 1042 in
1548 1009 1612 1041 lusu
1632 1011 1712 1051 jafflr
1736 1011 1827 1050 pila,

958 1046 979 1078 fi
1003 1047 1073 1086 quis
1102 1048 1227 1090 impulit
1253 1049 1428 1090 servulum,
1460 1053 1513 1091 qui
1537 1053 1631 1092 pilam
1657 1054 1828 1093 percipere

958 1090 1149 1129 contibatur3
1189 1091 1360 1131 servusque
1385 1093 1523 1132 cecidit,
1556 1094 1586 1124 dc
1616 1103 1687 1125 crus
1711 1093 1827 1134 fregit:

957 1130 1082 1170 placet,
1106 1132 1194 1172 quod
1227 1133 1392 1171 Alplienus
1424 1142 1485 1171 ait,
1509 1134 1625 1166 cess'are
1650 1136 1826 1175 Aquiliam:

958 1172 1030 1211 quia
1049 1171 1173 1211 servus,
1198 1173 1252 1204 etsi
1277 1173 1426 1214 impulsus
1453 1175 1592 1213 cecidit,
1616 1176 1645 1207 ἃ
1674 1186 1745 1207 crus
1763 1176 1829 1207 fre-

957 1214 1024 1253 git,
1043 1215 1266 1254 tamenjure&
1282 1225 1372 1246 more
1392 1215 1473 1248 lusus
1492 1216 1642 1255 impulsus
1659 1218 1740 1250 fuit:
1760 1226 1829 1250 non

956 1262 1063 1285 autem
1090 1257 1216 1287 Videtur
1240 1258 1333 1296 culpa
1362 1266 1458 1297 atque
1491 1258 1601 1298 injuria
1623 1257 1713 1297 ficri,
1738 1259 1827 1300 quod

955 1296 1039 1326 inter
1064 1297 1236 1328 ludendum
1261 1296 1321 1336 fit,
1346 1301 1446 1329 modo
1476 1298 1496 1330 fi
1520 1309 1537 1329 a
1563 1309 1622 1330 ritu
1650 1301 1734 1338 ludi,
1759 1310 1826 1332 non

956 1338 1131 1377 prohibiti,
1148 1348 1213 1369 non
1233 1338 1412 1370 abhorreat.
1430 1340 1523 1380 igitur
1541 1340 1560 1371 si
1580 1341 1682 1373 servus
1698 1342 1828 1373 alterius

956 1378 1092 1418 impulsu
1102 1380 1239 1417 cecidit,
1254 1380 1490 1422 &crusfi‘egim
1509 1382 1578 1413 casu
1596 1384 1713 1424 magis,
1731 1392 1827 1424 quam

956 1419 1085 1460 injuria,
1109 1430 1181 1452 crus
1206 1422 1333 1462 fregiss‘e
1354 1424 1550 1464 intelligitur.

996 1461 1105 1492 Simile
1124 1464 1308 1504 exemplum
1333 1464 1377 1495 est
1394 1465 1424 1495 in
1444 1465 1461 1494 l.
1482 1475 1527 1500 290
1553 1464 1582 1506 §.
1606 1474 1631 1497 1.
1656 1465 1697 1497 D.
1717 1466 1767 1497 Ad
1785 1466 1826 1497 le-

954 1512 1019 1543 gem
1041 1504 1204 1545 Aquiliam.
1246 1504 1413 1536 Habebam
1430 1506 1610 1546 proteclmm
1629 1506 1718 1547 supra
1739 1508 1824 1539 aedes

957 1553 1025 1575 tuas
1050 1545 1138 1576 nullo
1156 1546 1248 1585 jure,
1274 1547 1304 1578 id
1329 1549 1396 1586 est,
1420 1555 1500 1578 citra
1528 1547 1722 1580 servitutem.
1760 1549 1828 1580 hoc

957 1586 1138 1626 protcftum
1158 1597 1231 1618 meo
1248 1590 1418 1619 tenebatur
1438 1589 1539 1620 fundo
1563 1598 1616 1620 aut
1635 1591 1774 1630 pariete:
1791 1592 1825 1622 in

957 1634 1013 1658 tuo
1031 1636 1182 1668 nusquam
1199 1629 1446 1669 requiescebant
1471 1640 1538 1667 242*
1556 1630 1584 1671 §.
1605 1640 1629 1662 1.
1653 1630 1695 1662 D.
1712 1633 1745 1662 de
1759 1641 1826 1663 ver-

954 1667 1289 1711 borumfignificutione„
1312 1678 1344 1701 tu
1363 1672 1394 1702 id
1412 1671 1572 1710 sustulisti,
1598 1673 1701 1704 recifis
1718 1674 1826 1714 tignis.

954 1712 1079 1750 placet,
1103 1721 1135 1742 te
1151 1735 1160 1750 ,
1185 1711 1267 1752 quasi
1288 1712 1362 1743 mihi
1383 1715 1532 1745 damnum
1550 1713 1658 1753 irjuria
1677 1715 1826 1754 dederis,

955 1752 1032 1783 milii
1053 1752 1123 1793 lege
1145 1753 1269 1793 Aquilia
1294 1755 1406 1785 teneri.
1434 1763 1501 1786 erat
1525 1755 1609 1786 enim
1639 1756 1826 1796 protectum

954 1802 1080 1832 meum,
1105 1798 1191 1833 quod
1212 1795 1351 1826 haerebat
1378 1795 1481 1827 fundo
1508 1804 1560 1827 aut
1579 1799 1702 1837 pariete
1727 1807 1823 1838 meo,

954 1835 1084 1874 ejusque
1115 1842 1235 1875 partem
1262 1835 1421 1869 faciebat:
1455 1847 1519 1869 non
1550 1847 1657 1870 autem
1685 1839 1734 1879 jus
1766 1839 1825 1871 tibi

953 1875 1036 1914 fuit,
1052 1885 1122 1907 mea
1141 1878 1226 1917 tigna
1245 1877 1443 1916 rescindere,
1469 1880 1498 1910 ἅ
1519 1888 1624 1911 meum
1643 1881 1825 1920 protectum

955 1925 1006 1948 tua
1027 1918 1142 1948 tollere
1172 1918 1380 1959 auctoritate3
1404 1919 1458 1951 etsi
1477 1921 1506 1951 id
1532 1923 1713 1961 protectum
1735 1922 1826 1963 supra

954 1958 1086 1990 domum
1112 1967 1195 1990 tuam
1219 1961 1368 1992 haberem
1401 1962 1488 1992 nullo
1505 1962 1597 2002 jure:
1621 1963 1673 1995 led
1690 1964 1825 1996 debuisti

954 2008 1080 2031 mecum
1097 2003 1234 2041 experiri
1254 2002 1377 2033 athone
1396 2012 1557 2044 negatoria
1569 2027 1577 2041 ‚
1591 2004 1638 2044 jus
1655 2005 1732 2036 mihi
1753 2015 1822 2037 nou

953 2040 1035 2079 ess'e,
1051 2042 1094 2072 ita
1111 2043 1291 2082 preteetum
1310 2045 1434 2075 habere.
1461 2045 1551 2076 aliter
1569 2046 1699 2085 quamsi
1720 2056 1823 2088 aquae-

956 2082 1084 2114 ductum
1111 2086 1216 2121 traieci
1241 2094 1296 2125 pei·
1321 2086 1452 2117 domum
1472 2095 1557 2117 tuam
1585 2088 1664 2118 citra
1690 2086 1821 2120 servitu-

956 2131 1040 2162 tem,
1063 2125 1094 2155 id
1124 2124 1187 2164 est,
1226 2127 1313 2157 nullo
1342 2128 1428 2166 jure„
1456 2128 1482 2158 &
1515 2135 1547 2158 tu
1580 2137 1651 2159 cum
1682 2130 1822 2162 recidisti

954 2163 1068 2205 sponte
1085 2173 1146 2196 tua.
1174 2166 1228 2197 etsi
1253 2169 1336 2199 enim
1355 2169 1385 2199 ὥς
1405 2169 1457 2199 liic
1481 2172 1623 2208 potueris
1651 2180 1745 2211 agere
1768 2172 1822 2203 ad-

953 2206 1059 2238 versus
1077 2217 1147 2245 ine,
1169 2208 1216 2247 jus
1241 2210 1318 2240 milii
1340 2220 1403 2241 non
1424 2210 1504 2249 else,
1526 2212 1567 2241 ita
1584 2211 1700 2243 habere
1717 2222 1822 2253 aquae-

953 2248 1146 2288 dustumper
1157 2251 1285 2281 domum
1305 2258 1410 2289 tunin3
1433 2252 1562 2292 punisti
1580 2261 1685 2284 tan-»cn
1706 2254 1734 2285 ὃ(
1751 2264 1822 2295 per·

953 2290 1028 2320 dere
1047 2291 1267 2330 aquaeductum
1285 2293 1352 2332 jure
1373 2301 1429 2323 tuo
1445 2294 1463 2323 l.
1489 2303 1537 2333 27.
1564 2293 1601 2324 D.
1627 2296 1823 2334 descruituti-

951 2331 1002 2361 bus
1022 2333 1194 2371 premiorum
1221 2335 1414 2366 urbanorum:
1449 2336 1518 2374 quia
1549 2337 1754 2374 aquaeduttus
1771 2361 1779 2375 ‚
1804 2348 1822 2370 a

953 2382 1005 2404 me
1024 2376 1054 2403 in
1072 2380 1127 2403 tuo
1147 2372 1266 2413 factus,
1293 2385 1356 2406 non
1377 2378 1484 2413 meus,
1501 2376 1553 2406 sed
1574 2386 1644 2408 tuus
1663 2377 1727 2409 est:
1745 2379 1824 2412 licet

953 2421 1058 2445 autem
1077 2414 1150 2452 tibi,
1181 2425 1252 2446 cum
1274 2418 1340 2455 vis,
1356 2426 1525 2448 removere
1543 2418 1763 2457 aquaeduttum
1777 2429 1824 2453 tu-

952 2464 1025 2493 um,
1050 2464 1144 2495 quem
1166 2456 1241 2487 milii
1261 2459 1365 2488 intuo
1385 2458 1500 2489 lubere
1517 2459 1563 2498 jus
1580 2460 1701 2491 nullum
1718 2460 1819 2495 fuitd.

952 2497 972 2528 l.
991 2507 1039 2532 29-
1065 2496 1093 2538 §.
1117 2507 1141 2528 1.
1159 2500 1296 2529 maxime
1319 2498 1339 2530 fi
1355 2498 1444 2529 funtli
1465 2502 1508 2530 tui
1531 2510 1595 2532 non
1620 2509 1743 2533 tantum
1760 2504 1818 2535 do-

953 2538 1055 2568 minus
1078 2537 1134 2577 fis3
1159 2538 1210 2569 sed
1234 2541 1262 2569 ot
1290 2540 1456 2579 polless'or:
1481 2550 1551 2573 nam
1581 2543 1752 2584 unicuique
1770 2545 1820 2577 fas

954 2579 1016 2617 est,
1041 2580 1120 2609 tueri
1138 2579 1360 2619 posseffionem
1377 2581 1460 2613 suam
1477 2605 1487 2622 ,
1510 2582 1566 2615 etsi
1581 2585 1714 2616 alienam
1730 2596 1818 2619 inva-

953 2620 1028 2651 dere
1043 2619 1133 2652 nefas
1148 2620 1194 2652 iit.

994 2662 1087 2692 Aliud
1106 2663 1288 2703 exemplum
1308 2664 1352 2696 est
1369 2665 1399 2696 in
1415 2667 1434 2698 l.
1447 2677 1495 2708 33.
1515 2669 1534 2708 §
1560 2677 1587 2708 3.
1606 2667 1646 2699 D.
1665 2668 1715 2699 Ad
1731 2669 1820 2710 legem

956 2703 1122 2747 Aquiliam.
1166 2704 1195 2734 Si
1224 2706 1291 2745 quis
1310 2707 1413 2747 ignem
1437 2708 1598 2740 immiserit
1621 2710 1650 2740 in
1676 2710 1820 2751 stipulam

955 2744 1039 2775 luam
1063 2745 1116 2789 vel
1147 2743 1289 2785 spinam,
1330 2748 1418 2788 hujus
1450 2750 1678 2782 comburendae
1709 2752 1819 2791 causa,

954 2785 1070 2831 (quod
1087 2787 1187 2817 lolere
1201 2788 1304 2819 bonos
1322 2789 1351 2820 ὅ(
1372 2791 1541 2832 diligentes
1560 2792 1820 2832 patresfamilias,

952 2827 1015 2866 jam
1032 2827 1105 2858 alibi
1123 2829 1261 2871 monui)
1282 2830 1312 2861 δε
1336 2831 1416 2871 ignis
1441 2833 1571 2865 ulterius
1594 2843 1763 2875 evagatus,
1787 2844 1822 2865 a·

955 2869 1069 2899 lienam
1089 2868 1227 2910 segetem
1255 2872 1305 2902 vel
1328 2874 1450 2905 vineam
1476 2874 1604 2907 laeserit:
1628 2877 1819 2916 distinguen-

955 2909 1029 2956 dum
1049 2909 1114 2949 est,
1138 2920 1241 2943 uti-um
1259 2912 1345 2944 casus
1365 2919 1511 2948 damnum
1533 2917 1677 2953 dederit,
1702 2927 1738 2947 an
1763 2918 1819 2948 im-

959 2952 1069 2991 peritia
1082 2960 1134 2983 aut
1151 2954 1344 2996 negligentia
1368 2958 1433 2996 ejus
1446 2959 1496 2998 qui
1518 2958 1622 2998 ignem
1640 2958 1726 2988 fecit!
1745 2967 1819 2989 narn

958 2991 1048 3038 5.th
1065 2993 1283 3027 observaverit
1302 2998 1408 3029 omnia
1427 3008 1497 3037 quae
1515 2999 1648 3036 debuit,
1673 2999 1701 3028 &
1720 2997 1819 3031 subita

957 3043 1004 3065 vis
1014 3035 1214 3076 ventiigncm
1235 3038 1324 3069 latius
1341 3041 1546 3078 produxerit:
1568 3039 1632 3078 iure
1650 3038 1746 3078 fecit,
1764 3039 1818 3072 sed

958 3074 1044 3106 casus
1063 3078 1193 3117 nocuit3
1218 3079 1247 3109 δε
1266 3080 1341 3111 ideo
1364 3081 1487 3122 Aquilia
1508 3079 1601 3110 ccss'at
1618 3081 1705 3119 quod
1722 3081 1748 3112 'si
1765 3090 1820 3114 aut

958 3116 1114 3157 imperitia
1137 3128 1191 3150 aut
1218 3122 1412 3162 neglizentia
1437 3122 1500 3161 ejus
1525 3121 1577 3161 qui
1594 3121 1698 3161 ignem
1716 3121 1818 3163 fecit,

957 3158 988 3190 in
1006 3158 1095 3190 causa
1122 3159 1204 3199 fuit,
1229 3170 1264 3192 ut
1281 3158 1361 3203 ig‘nis
1388 3163 1533 3203 fugeret,
1558 3161 1588 3191 id
1612 3162 1676 3201 est,
1701 3171 1734 3195 ut
1751 3174 1824 3197 eva-

939 3228 941 3230 ,
956 3208 1082 3242 garetur
1099 3202 1197 3239 ultra,
1213 3212 1306 3243 quam
1328 3204 1481 3240 deberet,
1500 3211 1534 3232 ut
1551 3201 1570 3232 si
1589 3212 1660 3235 eum
1681 3214 1744 3237 non
1762 3207 1822 3237 ob-

956 3243 1094 3275 servavit
1130 3243 1222 3283 satis,
1245 3253 1298 3276 aut
1313 3244 1335 3276 fi
1358 3243 1496 3276 ventoso
1511 3244 1637 3278 immifit
1659 3247 1731 3287 die3
1754 3248 1821 3321 eJ'qs

1755 3297 1794 3319 cu
1810 3307 1820 3314 -
