2052 3487
434 135 497 171 DE
548 134 914 181 Jurt1sn1cT10Niz
948 141 1018 169 ἐτ
1070 133 1268 181 Immitto,

69 226 160 259 blicis
183 223 283 266 sedit3
305 223 435 266 privatis
458 229 564 255 autem
589 221 736 262 Judicem
763 223 792 255 ἂ
817 223 939 256 formu·

69 269 130 301 lam
161 268 259 299 dedit.
303 267 424 298 Verum
454 265 609 304 quidquid
639 264 704 304 ejus
728 267 772 296 rei
805 265 842 297 fit
862 289 871 303 ‚
903 272 938 297 ut

70 310 158 348 dixi,
187 318 251 340 non
276 307 407 340 definio.
451 305 550 349 Quod
568 305 727 344 sequitur,
761 316 820 347 pro
846 314 937 338 certo

69 351 204 383 dixerim
223 372 232 388 ,
264 349 334 390 ipsis
355 348 541 380 Duodecim
562 345 936 386 Tabulisjurisdittionis

70 400 237 432 utramque
262 399 382 429 partem
399 412 408 428 ,
441 390 471 420 id
496 388 541 419 est
559 411 568 425 ‚
601 389 629 418 ὅ(
655 389 877 429 cognitionem
906 389 936 421 ὅ(

71 433 189 473 Judicis
215 433 376 463 dationem
397 454 405 467 ,
440 429 677 470 Magistratibus
696 431 788 470 plane
806 431 935 469 permis-

71 474 132 505 sam
155 481 209 504 aut
227 483 289 504 non
307 474 486 510 ademptam
512 470 594 508 effe,
618 471 715 510 idque
732 471 878 502 constare
895 481 935 503 eo

67 514 261 555 Fragmento
280 514 364 554 quod
382 511 507 544 Gellius
527 512 624 542 habet
639 512 688 544 lily.
708 521 755 544 20.
775 513 862 544 Noti.
877 513 934 543 At-

67 558 115 587 tic.
141 567 167 588 c.
188 565 212 587 1.
238 557 287 586 ubi
310 554 399 594 infit,
434 553 555 595 Legem
578 552 763 585 Duodecim
794 553 935 585 Tabula·

67 607 138 630 rum
162 595 292 629 voluisse
308 619 319 636 ,
346 596 477 637 judicem
501 596 681 627 arbitrumve
701 597 733 626 in
746 596 816 637 jure
835 597 936 627 datiam

1322 136 1414 172 Lis.
1455 137 1481 173 Ι.
1806 141 1850 185 85

980 224 1033 265 qui
1056 224 1089 255 ob
1110 233 1168 255 rein
1195 225 1346 257 dicendam
1367 227 1519 265 pecuniam
1541 225 1673 268 accepiffe
1700 226 1849 261 convietus

979 266 1054 303 erit,
1077 267 1169 310 capite
1181 268 1299 307 poeniri.
1345 267 1503 304 Prodit&
1522 267 1630 301 Festus
1647 269 1730 301 aliud
1750 271 1782 302 in
1802 270 1847 302 se-

977 308 1152 347 quentibus
1177 307 1295 339 verbis.
1346 308 1386 339 Et
1409 310 1440 340 in
1457 319 1517 342 xri.
1535 311 1583 341 -Si
1604 312 1765 343 vindiciam
1783 312 1850 351 fal-

971 350 1039 388 Jain
1057 348 1147 386 tulit,
1173 347 1203 386 si
1217 349 1289 379 velit
1311 350 1336 379 is
1359 374 1366 381 .
1394 374 1399 381 .
1427 375 1434 381 .
1460 357 1504 382 tor
1528 352 1652 383 arbitros
1676 358 1734 384 tres
1758 354 1847 393 (lato,

979 398 1075 420 eorum
1099 391 1217 420 arbitrio
1239 390 1363 430 fruffitus
1387 393 1520 432 duplione
1545 395 1683 425 damnum
1713 395 1848 428 decidito.

981 430 1089 461 Verba
1114 439 1264 470 corrupta
1283 431 1370 464 sunt:
1396 433 1448 464 sed
1474 435 1606 473 volunt,
1639 435 1669 466 Si
1689 437 1759 476 quis
1778 437 1846 470 vin·

980 472 1094 503 <liciam
1119 472 1226 504 falsam
1252 473 1360 505 tulerit
1377 497 1387 512 ,
1419 475 1485 514 ejus
1508 476 1552 506 rei
1571 474 1633 507 five
1651 477 1714 508 litis
1733 487 1748 508 a
1765 478 1847 510 Prae-

980 521 1052 543 tore
1083 521 1146 544 tres
1177 515 1241 545 dari
1274 515 1410 547 arbitros
1441 525 1579 557 quorum
1602 517 1733 551 arbitrio
1757 519 1846 561 dupli

979 554 1100 586 fructus
1118 554 1331 588 restituantur.

756 724 976 759 CAPUT
1027 723 1158 762 VII.

114 827 283 864 Pretorem
306 826 337 862 in
356 825 531 873 quibusdam
557 823 657 870 causis
676 833 729 869 per
742 865 743 868 Ἰ
744 822 780 869 le
797 823 965 870 cognovg'ffi,¹
984 850 993 867 ‚
1030 827 1061 858 in
1085 825 1263 870 quibusdam
1290 808 1636 873 perjudicem⁹datun½
1671 827 1796 864 tertium

409 886 506 921 genus
521 874 637 910 nullum
647 873 706 920 fui
732 873 746 908 e
773 874 793 909 l.
812 885 843 908 2.
874 876 906 907 C.
933 874 967 907 cle
990 874 1130 920 pedaneis
1149 876 1307 921 judicibus
1333 874 1499 920 clispuritla.

72 977 166 1050 qod
191 977 230 1009 de
256 978 378 1019 origine
404 978 470 1020 ejus
495 976 686 1011 differentiae
709 975 788 1008 satis.
833 975 933 1007 Porro

66 1031 90 1051 ι,
141 1021 226 1058 quod
244 1023 360 1051 attinet
376 1022 413 1052 ad
432 1019 538 1052 causas
557 1044 566 1060 ,
595 1020 625 1051 in
646 1018 761 1059 quibus
782 1018 833 1048 vel
854 1017 933 1048 solet

67 1058 171 1099 Judeit
189 1063 252 1092 dari
276 1062 343 1102 jure
370 1062 399 1093 ἃ
418 1063 530 1093 ordine
548 1085 557 1101 ,
591 1061 641 1091 vel
660 1058 861 1100 Magistratus
880 1068 934 1089 ex-

68 1111 113 1132 tra
138 1102 283 1134 ordinem
311 1103 508 1143 cognoscere
525 1126 535 1140 ,
566 1102 682 1141 duplex
707 1099 752 1131 est
774 1099 932 1146 *interpre-

66 1149 132 1174 tum
166 1143 330 1175 scntentia.
366 1154 425 1176 una
457 1143 615 1184 permittit
649 1140 781 1187 Prae-tori
808 1140 933 1171 liberta-

67 1191 152 1221 tem,
174 1186 294 1217 velitne
313 1185 457 1225 Judicem
486 1186 558 1215 dare
584 1183 745 1214 ordinario
766 1192 836 1221 Jurc
854 1205 862 1219 ,
895 1191 933 1213 aii

68 1226 157 1257 malit
174 1225 238 1266 ipse
262 1235 351 1257 extra
370 1226 515 1257 ordinem
533 1223 740 1265 cognoscere.
774 1224 872 1254 altera
888 1223 931 1269 f'‘.²‘

65 1269 109 1297 cit
128 1270 184 1297 tria
205 1267 363 1298 causarum
389 1275 506 1308 genera
525 1277 532 1297 :
567 1275 698 1306 quarum
721 1263 932 1311 alite-Iudicis

63 1307 233 1339 notis-nem
252 1309 399 1348 exigant,
421 1307 566 1339 Praetoris
585 1314 691 1338 autem
710 1314 930 1347 cognitionem

64 1357 129 1380 tion
147 1350 333 1382 admittant:
358 1350 426 1381 aliae
446 1351 486 1380 ad
506 1349 679 1380 Praetorem
697 1355 839 1386 tantum,
863 1357 928 1379 non

63 1392 101 1421 ad
126 1389 270 1428 Judicem
299 1391 428 1430 datum,
459 1391 665 1431 pertineant:
695 1390 762 1419 aliae
787 1389 928 1429 denique

63 1431 235 1463 arbitrariae
263 1432 447 1464 habeantur.
491 1432 553 1463 Sed
579 1441 639 1471 ego
658 1431 760 1462 neutri
785 1435 927 1463 accedo:

61 1473 129 1505 imo
149 1475 265 1511 miror,
291 1475 362 1506 viris
381 1474 514 1515 egregiis
537 1473 567 1505 ὅς
594 1472 696 1504 doctis
717 1473 926 1511 opinionem,

63 1521 128 1546 tam
151 1514 219 1553 ipsis
240 1515 415 1547 diffimilem
431 1538 440 1553 ,
472 1515 502 1547 ὅτ,
526 1524 542 1545 a
561 1522 674 1545 vetere
698 1512 773 1559 jure
791 1522 855 1545 tam
875 1514 929 1546 ab·

61 1555 266 1596 horrentem,
290 1557 461 1597 aliquando
478 1557 509 1588 in
527 1563 669 1588 mentem
690 1553 817 1586 venisse.
863 1555 927 1586 Pri-

60 1606 147 1629 mum
167 1621 176 1635 ‚
209 1600 284 1638 quid
312 1599 428 1630 certius
453 1597 499 1629 est
519 1621 529 1637 ‚
560 1606 654 1638 quam
677 1596 832 1628 Praetores
855 1597 927 1638 lege

62 1639 213 1670 Cornelia
227 1639 324 1680 juss‘os
347 1639 456 1677 fuiss'e,
480 1649 520 1671 ex
539 1638 659 1670 Editus
681 1637 738 1670 suis
754 1639 925 1710 'pciipetuis

56 1680 105 1721 jus
133 1681 266 1713 dicere?
299 1683 329 1713 in
356 1681 470 1721 quibus
494 1687 600 1712 autem
628 1679 723 1711 causis
752 1689 783 1710 iii
826 1679 925 1724 'dicto

58 1721 198 1762 judicem
215 1722 244 1754 δι
262 1722 431 1755 formulam
448 1722 621 1762 promisere
633 1722 684 1758 ,in
701 1720 749 1752 his
759 1723 798 1751 ab
808 1720 924 1753 Edicto

58 1764 146 1794 abire
168 1787 178 1802 ,
209 1771 304 1804 atque
333 1772 421 1795 extra
458 1763 603 1794 ordinem
632 1764 828 1794 intervenire
860 1767 924 1801 eis,

59 1805 332 1843 quemadmodum
354 1805 401 1844 jus
424 1811 476 1835 aut
504 1803 552 1835 fas
575 1803 667 1835 fuit?
698 1803 760 1835 Sed
785 1812 855 1834 eam
885 1804 926 1834 le·

58 1855 133 1886 gem
151 1847 280 1886 gratiam
300 1845 447 1877 sustuliffe
465 1845 637 1876 ambitiosis
656 1845 851 1876 Praetoribus
871 1844 925 1884 qui

59 1885 255 1918 assueverant
281 1889 367 1918 varie
396 1887 442 1926 jus
475 1886 581 1917 dicere
598 1909 607 1924 ,
638 1885 803 1916 attestatur
828 1884 925 1916 Asco-

8 1957 11 1959 .
58 1930 130 1959 nius
149 1929 322 1968 Pedianus,
348 1929 528 1969 Argumenta
548 1929 578 1957 irz
603 1933 674 1958 orat.
696 1926 840 1956 Ciceronis
866 1926 923 1957 Pro

60 1969 94 2000 C.
120 1969 249 2001 Cornelio
275 1977 303 2009 ρ,
332 1979 401 2010 123.
427 1970 520 2000 etiam
542 1967 631 1999 Dion
657 1967 775 1998 Caffius
798 1968 845 1998 lib.
869 1971 919 2008 36.

56 2009 185 2042 Eodem
205 2011 324 2051 spectat
347 2010 510 2051 castigatio
533 2008 666 2050 sequens
690 2018 730 2039 ex
754 2007 924 2039 Ciceronis

58 2051 107 2082 lib.
129 2061 152 2083 1.
178 2053 215 2083 ad
231 2053 270 2097 Q,⁴
299 2051 423 2083 Fratrem
445 2049 514 2091 epist
542 2061 569 2081 2.
595 2049 701 2096 Quiri?
734 2049 924 2089 Praetorsolet

55 2093 212 2134 judicare,
247 2093 369 2125 deberi?
411 2093 484 2124 Hoc
506 2094 591 2123 enim
622 2091 714 2130 vult,
747 2090 922 2137 Praetorem

58 2144 123 2165 non
149 2135 272 2166 solitum
295 2136 436 2175 judicare
452 2158 461 2172 ,
492 2133 619 2165 deberi:
652 2133 773 2164 &ideo
799 2132 921 2172 subjun-

57 2177 104 2215 git
122 2200 131 2215 ,
164 2176 219 2207 Serl
242 2179 294 2208 via
307 2177 386 2218 juris
410 2176 548 2217 ejusmodi
571 2172 610 2215 est
634 2175 805 2215 quibusdam
826 2174 858 2204 in
881 2183 922 2204 re·

59 2219 111 2247 bus
130 2241 139 2254 ,
169 2224 202 2249 ut
226 2218 299 2249 nihil
323 2217 358 2252 sit
384 2218 436 2248 loci
458 2217 573 2259 gratiae.
621 2215 700 2247 Item
722 2216 810 2256 juvat
833 2215 922 2262 quod

59 2257 199 2298 Julianus
227 2259 257 2290 &
282 2259 475 2291 Callistratus
500 2259 518 2289 l.
538 2263 565 2292 8.
593 2256 630 2291 ὅ)
653 2266 681 2293 9.
709 2257 750 2287 D.
775 2258 808 2287 de
830 2256 922 2296 officio

58 2299 194 2336 Proefidz's
218 2299 357 2332 scribunt
373 2324 383 2339 ,
408 2301 535 2340 quoties
561 2298 713 2339 Princeps
739 2300 868 2339 negotia
884 2298 923 2329 ad

60 2339 227 2372 Praefidcm
250 2342 385 2373 remittit
412 2341 471 2372 hac
500 2341 552 2372 vel
576 2339 667 2372 simili
691 2338 921 2380 rescriptione,

60 2380 142 2413 Eum
162 2383 214 2421 qui
234 2383 407 2423 provinciae
432 2381 562 2422 praeest,
586 2383 672 2414 adire
697 2388 792 2422 potes
808 2404 817 2421 ,
848 2390 921 2412 eum

58 2422 211 2455 aestimare
238 2424 356 2456 debere
373 2447 382 2462 ,
413 2431 518 2456 utrum
541 2422 605 2463 ipse
630 2423 828 2464 cognoscere
844 2445 853 2461 ,
883 2431 921 2453 an

60 2463 203 2503 Iudicem
230 2466 304 2497 dare
328 2466 454 2497 debeat.
496 2465 590 2505 Juvat
619 2472 772 2505 praeterea
790 2487 800 2503 ,
834 2464 921 2504 quod

59 2504 214 2545 Ulpianus
235 2508 253 2538 l.
273 2516 297 2539 1.
339 2533 343 2537 .
360 2517 386 2547 7.
410 2506 449 2538 D.
471 2508 504 2538 de
528 2506 769 2537 extraordinariis
787 2506 922 2546 cognitio·

57 2547 144 2578 nibus
169 2547 294 2587 refert,
327 2548 492 2580 Praefidem
524 2548 572 2579 his
603 2548 717 2578 artium
751 2547 922 2588 opificibus

60 2596 130 2628 quae
151 2587 218 2620 sunt
233 2597 321 2621 extra
338 2599 429 2621 notas
450 2590 499 2621 vel
523 2590 627 2621 litei-as
647 2588 773 2630 posstae,
804 2596 920 2634 nequa-

59 2637 152 2667 quam
172 2631 290 2663 debere
308 2639 397 2663 extra
413 2633 558 2663 ordinem
580 2631 628 2670 jus
647 2631 773 2669 dicere;
797 2637 922 2660 coeteris

61 2669 187 2702 debere.
235 2672 276 2703 Et
295 2674 382 2713 quod
402 2673 486 2704 idem
509 2673 539 2715 ᾗ.
565 2681 610 2712 14.
633 2672 757 2712 ejusdem
782 2671 834 2702 loci
858 2671 921 2709 ait,

61 2710 101 2755 ³5¹
118 2713 248 2744 nutricia
263 2723 392 2755 quoque
413 2714 555 2746 officium
572 2713 712 2745 Piaefidis
731 2713 783 2744 vel
804 2712 918 2757 Praeto-

62 2759 103 2781 ris
123 2753 228 2784 venire
249 2755 263 2786 ι’
285 2756 417 2786 nutricia
439 2764 543 2787 autem
573 2764 613 2785 eo
639 2764 738 2794 usque
762 2755 920 2794 proclum,

63 2793 169 2830 quoad
188 2793 322 2827 infantes
341 2797 490 2828 uberibus
509 2797 651 2828 aluntur:
675 2795 746 2836 post
767 2796 834 2825 haec
854 2803 922 2833 par-

64 2839 113 2862 tes
138 2832 282 2866 Praetoiis
309 2838 358 2869 vel
386 2837 525 2870 Prtefidis
553 2837 680 2869 cessare.
734 2836 790 2868 His
820 2836 921 2873 adde,

63 2874 152 2913 quod
179 2877 262 2913 apud
286 2876 469 2911 Suetonium
494 2879 645 2911 Claudius
674 2879 706 2909 in
734 2879 794 2920 ejus
818 2878 881 2908 vita
899 2886 922 2907 c.

67 2923 113 2954 15.
139 2917 308 2956 quemdam
336 2919 571 2960 interpellatum
596 2921 634 2950 ab
669 2918 852 2950 adversariis
883 2919 922 2949 de

61 2957 192 2996 propria
219 2957 294 2995 lite,
326 2968 579 3003 negantemque,
615 2962 811 3002 cognitionis
838 2969 923 2997 rein,

60 2997 114 3029 sed
142 2998 290 3030 ordinarii
312 3000 387 3039 juris
412 3002 473 3034 esse
490 3027 500 3042 ‚
531 3011 626 3042 agere
647 3002 767 3033 causam
792 3001 875 3042 apud
894 3000 923 3032 se

61 3039 182 3085 coegi-t.
227 3041 469 3087 Ait-Suetonius
488 3067 497 3081 ,
526 3054 612 3076 reum
637 3044 804 3084 quemdam
824 3043 923 3082 Impe-

61 3087 177 3111 ratoris
203 3083 382 3122 cognitioni
412 3083 440 3114 in
466 3094 498 3115 re
519 3093 588 3124 quae
615 3086 764 3116 ordinarii
784 3086 858 3123 juris
877 3094 922 3116 cs-

59 3120 127 3159 set,
153 3122 236 3153 reite
255 3131 351 3163 atque
369 3125 481 3156 ordine
499 3124 660 3164 restitisse3
684 3125 735 3157 sed
755 3126 922 3158 Claudium

62 3171 126 3193 non
153 3165 314 3196 communi
334 3165 423 3206 jure,
448 3176 552 3208 neque
579 3168 663 3199 civili
683 3176 773 3198 more
796 3167 922 3207 fecisse,

61 3212 173 3235 verum
198 3204 406 3246 Imperatoria
433 3208 460 3239 ὅ(
486 3209 606 3249 legibus
625 3209 723 3240 soluta
748 3208 922 3249 potestate:

60 3253 130 3286 quae
148 3254 220 3280 cum
240 3248 272 3280 iii
297 3247 533 3291 Magistratibus
555 3251 670 3290 cesset3
700 3258 851 3292 apparet,
877 3251 923 3284 his

978 985 1082 1016 neque
1106 978 1326 1018 cognitionem
1345 1000 1354 1016 ‚
1390 986 1495 1018 neque
1517 977 1636 1017 Judicis
1658 978 1842 1018 dationem,

977 1019 1169 1050 arbitrariam
1193 1018 1283 1050 fuiffe
1301 1042 1311 1057 ,
1344 1027 1474 1050 vetante
1504 1019 1575 1061 lege
1604 1020 1778 1052 Cornelia:
1811 1021 1843 1052 δε

963 1058 1050 1090 ‘ideo
1068 1069 1132 1091 non
1158 1060 1296 1097 licuisse,
1320 1061 1349 1091 in
1375 1061 1469 1091 rebus
1494 1061 1642 1092 ordinarii
1658 1062 1734 1101 juris
1752 1069 1844 1093 extra

975 1101 1122 1132 ordinem
1148 1101 1366 1142 cognoscere,
1397 1101 1449 1132 scd
1468 1101 1612 1141 Judicem
1632 1103 1723 1134 dare:
1747 1103 1779 1134 in
1795 1113 1844 1134 re-

977 1142 1034 1172 bus
1062 1151 1168 1173 autem
1193 1143 1388 1183 cognitionis
1412 1143 1472 1174 illis
1497 1142 1614 1174 licuisse
1642 1152 1733 1175 extra
1758 1145 1844 1176 ordi-

978 1193 1049 1214 nem
1084 1185 1278 1216 intervenire
1296 1207 1305 1222 ,
1337 1183 1480 1223 Judicem
1514 1185 1588 1215 dare
1614 1194 1679 1216 non
1711 1184 1842 1217 licuisse.

976 1223 1106 1256 Prorsus
1130 1227 1172 1256 ita
1197 1225 1241 1256 est
1260 1237 1267 1257 :
1300 1225 1329 1255 ἀ
1349 1234 1520 1265 utrumque
1541 1226 1680 1265 probant
1703 1226 1845 1267 Impera-

977 1273 1084 1305 tores,
1110 1265 1336 1298 Diocletianus
1354 1267 1382 1298 &
1398 1266 1633 1305 Maitimiaiius3
1656 1267 1744 1299 fimul
1767 1269 1847 1300 alte-

974 1316 1043 1338 rum
1069 1315 1194 1339 mutant
1224 1308 1327 1340 verbis
1343 1307 1549 1349 sequentibus
1567 1308 1586 1339 l.
1606 1318 1634 1340 2.
1661 1309 1695 1340 C.
1712 1310 1746 1340 de
1756 1311 1848 1350 peda·

973 1350 1034 1380 neis
1045 1350 1205 1390 judicibus.

1012 1390 1131 1422 Placuit
1152 1390 1231 1421 nohis
1243 1413 1253 1429 ,
1279 1388 1415 1428 Praesides
1436 1392 1469 1422 de
1484 1391 1528 1421 his
1544 1389 1655 1429 causis,
1670 1392 1701 1423 in
1717 1392 1841 1434 quibus,

1032 1434 1106 1474 quod
1122 1431 1173 1473 ipfi
1192 1441 1249 1463 non
1261 1432 1368 1472 poffent
1389 1432 1572 1474 cognostwe,
1599 1438 1667 1464 ante
1691 1434 1745 1464 hac
1753 1435 1844 1473 peda-

1031 1483 1096 1504 neos
1110 1474 1224 1514 judices
1235 1474 1343 1505 dabant
1354 1497 1363 1511 ,
1380 1475 1504 1505 notionis
1512 1474 1576 1514 sziae
1592 1483 1712 1506 exanzen
1729 1476 1844 1507 adhibe-

1031 1524 1078 1547 re:
1091 1517 1132 1546 ita
1151 1521 1267 1554 tamen,
1282 1521 1332 1554 ut,
1337 1514 1366 1552 fi
1381 1515 1428 1545 vel
1446 1521 1562 1556 propter
1579 1517 1778 1556 occupationes
1786 1523 1844 1557 pu·

1031 1557 1119 1587 blicas
1130 1580 1138 1596 ,
1151 1557 1198 1587 vel
1211 1563 1328 1597 propter
1342 1558 1496 1593 caularum
1511 1555 1727 1589 multitudinem
1746 1559 1843 1590 omnia

1031 1598 1196 1639 hujusmodi
1214 1600 1329 1640 negotia
1348 1607 1405 1629 non
1422 1600 1573 1638 potuerint
1594 1600 1772 1641 cognoscere,
1790 1599 1844 1641 jus

1032 1640 1107 1670 dices
1123 1640 1215 1671 dandi
1229 1640 1350 1670 babeant
1360 1638 1540 1680 potestatem.
1563 1637 1651 1681 Quod
1667 1650 1724 1672 non
1740 1642 1784 1672 ita
1798 1651 1844 1672 ac·

1029 1682 1085 1721 cipi
1095 1682 1248 1718 convenit,
1261 1687 1294 1711 ut
1311 1682 1343 1711 in
1352 1682 1396 1711 his
1406 1683 1493 1714 etiam
1508 1682 1601 1720 causis
1612 1683 1660 1720 ,in
1676 1684 1782 1724 quibus
1791 1684 1841 1722 sb.-

1029 1723 1123 1753 lehant
1144 1732 1181 1754 ex
1198 1721 1292 1763 officio
1306 1723 1356 1759 suo
1373 1724 1552 1764 cognoscere,
1571 1725 1660 1754 dandi
1678 1725 1791 1765 judices
1806 1725 1843 1755 li-

1031 1765 1125 1794 centia
1141 1765 1181 1794 eis
1199 1763 1332 1804 perriziffa
1345 1768 1489 1795 credatur.
1514 1763 1602 1810 ,ρμοά
1618 1775 1706 1806 usque
1725 1768 1792 1797 adeo
1807 1767 1841 1797 in

1030 1804 1191 1839 Praefidum
1203 1806 1363 1843 cognitione
1377 1806 1560 1836 retinendum
1579 1804 1617 1846 est
1627 1830 1636 1844 ,
1650 1812 1681 1836 ut
1690 1816 1784 1838 eorum
1788 1807 1841 1848 ju-

1031 1847 1108 1876 dicia
1124 1855 1181 1876 non
1195 1847 1338 1877 diminuta
1353 1847 1534 1878 videantur:
1557 1848 1625 1878 dum
1641 1853 1737 1879 tamen
1754 1847 1791 1882 &³
1807 1849 1842 1879 de

1029 1888 1212 1928 ingenuitate
1223 1888 1323 1927 ‚super
1335 1897 1392 1928 qua
1397 1893 1532 1927 poterant
1548 1890 1633 1919 etiam
1651 1895 1718 1920 ante
1737 1899 1841 1931 cogno-

1024 1930 1118 1967 scere,
1140 1928 1176 1962 &
1194 1928 1228 1958 de'
1243 1928 1428 1959 libertinitate
1446 1928 1581 1967 Prcesz‘des
1595 1929 1648 1970 ipsi
1665 1931 1841 1971 dzjzidicent.

969 1968 1109 2000 Primum
1127 1968 1381 2009 observandum,
1404 1969 1617 2010 Imperatores
1629 1995 1638 2009 ‚
1662 1971 1840 2003 Diocletia-

969 2019 1044 2041 num
1072 2011 1101 2041 &
1127 2010 1358 2043 Maximianum
1377 2034 1386 2050 ,
1418 2010 1578 2043 causarum
1612 2011 1733 2052 species
1765 2022 1837 2054 quae

967 2059 1078 2083 vetere
1106 2051 1179 2091 Jure
1198 2051 1330 2083 suerunt
1347 2075 1356 2091 ‚
1388 2058 1510 2084 tantum
1536 2053 1680 2094 duplices
1708 2054 1839 2087 facere:

967 2093 1039 2124 alias
1058 2094 1088 2124 in
1107 2093 1221 2133 quibus
1235 2093 1380 2125 Praesides
1394 2103 1457 2125 non
1476 2093 1600 2134 possent
1617 2095 1838 2136 cognoscere,

967 2132 1019 2164 sed
1038 2133 1168 2174 ‚ludices
1187 2136 1281 2173 dare;
1299 2136 1373 2167 alias
1392 2135 1422 2166 in
1439 2136 1554 2175 quibus
1574 2135 1699 2176 possent
1714 2147 1839 2179 cogno-

966 2174 1052 2206 scere
1067 2199 1076 2214 ,
1096 2176 1148 2207 sed
1161 2176 1290 2216 Judices
1306 2178 1380 2208 dare
1397 2186 1461 2208 non
1489 2176 1624 2217 possent.
1669 2178 1749 2210 Illud
1776 2180 1837 2219 pri-

966 2225 1053 2248 mum
1070 2218 1246 2248 notandum
1264 2229 1271 2249 :
1297 2217 1361 2249 hoc
1377 2218 1513 2257 deinde,
1544 2219 1645 2258 juberi
1664 2219 1835 2259 Praefides,

966 2259 1007 2289 de
1029 2258 1180 2290 universis
1205 2258 1324 2298 causis,
1356 2258 1420 2291 five
1440 2267 1514 2291 ante
1537 2260 1658 2292 fuerint
1683 2263 1835 2294 ordinarii

964 2300 1059 2340 juris,
1083 2299 1148 2332 five
1166 2301 1383 2341 cognitionis,
1407 2301 1561 2342 deinceps
1578 2310 1668 2333 extra
1686 2304 1834 2335 ordinem

966 2341 1183 2382 cognoscere:
1209 2349 1439 2383 praeterquam,
1471 2352 1541 2383 quae
1568 2345 1721 2384 exceptio
1745 2345 1831 2377 addi-

967 2391 1035 2421 tur,
1056 2382 1077 2414 si
1097 2384 1196 2415 litium
1214 2384 1306 2424 copia
1323 2384 1521 2422 intercedat,
1546 2391 1599 2415 aut
1622 2386 1761 2425 publicae
1780 2396 1835 2418 oc·

965 2425 1155 2464 cupationes
1178 2425 1412 2464 impedimento
1429 2424 1506 2456 sint:
1536 2434 1607 2456 nam
1627 2434 1764 2467 utroque
1782 2437 1834 2459 ca-

966 2464 997 2496 su
1016 2465 1135 2505 judicis
1158 2467 1323 2497 dationem
1351 2467 1494 2507 recipere
1513 2477 1520 2498 :
1554 2476 1745 2508 quamquam
1766 2478 1832 2502 non

965 2507 995 2537 in
1021 2508 1066 2538 liis
1091 2506 1187 2538 causis
1214 2508 1245 2539 in
1263 2508 1378 2548 quibus
1401 2515 1476 2539 ante
1501 2506 1645 2540 solebant
1662 2519 1703 2541 ex
1720 2509 1832 2542 officio

967 2547 1022 2578 suo
1039 2548 1255 2589 cognoscere3
1281 2548 1333 2580 sed
1350 2551 1381 2579 in
1405 2548 1468 2580 istis
1487 2549 1518 2580 in
1533 2550 1650 2589 quibus
1665 2559 1758 2584 autea
1777 2552 1832 2584 ha-

965 2589 1085 2620 bebant
1105 2589 1225 2628 Judicis
1245 2590 1338 2621 dandi
1354 2589 1551 2622 facultatem.
1588 2591 1755 2625 Postremo
1774 2594 1831 2625 ob-

965 2629 1114 2662 servanda
1136 2631 1242 2662 cautio
1267 2640 1338 2671 quae
1362 2632 1509 2670 adjicitur
1533 2634 1572 2664 ad
1594 2634 1715 2666 calcem
1741 2636 1831 2676 legis.

965 2680 1001 2701 ea
1026 2672 1134 2702 cautio
1153 2672 1217 2711 est,
1242 2682 1281 2704 ne
1303 2683 1397 2713 quem
1423 2672 1572 2705 Praefides
1592 2676 1632 2706 tle
1652 2677 1831 2718 ingenuita-

965 2720 997 2744 te
1014 2721 1067 2744 aut
1088 2713 1271 2745 libernitate
1293 2713 1437 2754 Judicem
1456 2715 1532 2746 dent
1550 2717 1601 2747 vel
1629 2724 1695 2749 tum
1714 2741 1724 2756 ,
1757 2728 1830 2750 cum

965 2763 1021 2786 eos
1046 2755 1146 2786 litium
1168 2755 1364 2795 multitudo,
1395 2764 1447 2787 aut
1474 2757 1611 2797 pulilicae
1643 2761 1830 2800 occupatio-

965 2805 1021 2826 nes
1037 2795 1226 2827 distraeturae
1249 2796 1335 2829 sunt:
1361 2797 1416 2829 etsi
1435 2797 1484 2829 hae
1503 2798 1601 2830 causae
1625 2801 1764 2841 alioquin
1788 2809 1830 2831 ze«

966 2846 1047 2876 que,
1082 2846 1118 2868 ac
1144 2838 1273 2879 reliquae
1297 2848 1367 2880 quae
1393 2848 1466 2871 :inte
1490 2841 1640 2872 ordinarii
1661 2842 1737 2881 juris
1762 2841 1830 2872 fue-

965 2886 1057 2916 runt,
1089 2879 1166 2910 olim
1192 2887 1314 2912 tantum
1331 2880 1513 2913 admiserint
1529 2881 1673 2921 Judicem
1698 2884 1804 2913 datum
1818 2906 1827 2920 ‚

966 2919 1133 2952 Praefidum
1167 2931 1246 2954 vero
1279 2923 1498 2963 cognitionem
1535 2933 1600 2955 non
1633 2922 1825 2955 admiserint.

967 2961 1085 3000 Aperui
1109 2963 1192 2994 viam
1223 2964 1262 2995 ad
1285 2974 1393 2995 verum
1422 2965 1654 3004 Imperatorum
1686 2963 1825 2997 sensum:

966 3012 1071 3043 neque
1095 3012 1145 3035 me
1163 3005 1225 3036 alio
1252 3006 1381 3037 trahunt
1399 3005 1556 3046 postrema
1578 3005 1673 3036 verba
1690 3028 1700 3043 ,
1734 3005 1828 3047 Super

965 3054 1024 3085 quo
1040 3050 1176 3085 poterant
1203 3048 1290 3078 etiam
1317 3054 1385 3078 ante
1415 3050 1600 3087 cognoscere3
1629 3054 1701 3086 quae
1724 3045 1788 3079 scio
1809 3058 1826 3079 a

965 3085 1073 3118 multis
1098 3086 1140 3118 fic
1165 3089 1294 3129 accipi,
1323 3088 1406 3129 quasi
1423 3088 1540 3125 velint,
1564 3086 1665 3127 Super
1687 3096 1748 3128 qua
1772 3089 1827 3121 de-

964 3127 1085 3160 bebant
1102 3129 1250 3161 Praefides
1274 3131 1369 3162 etiam
1389 3137 1462 3161 ante
1481 3127 1695 3168 cognoscere:
1716 3129 1824 3170 sensu,

965 3168 985 3200 fi
1005 3179 1113 3202 vei-um
1132 3172 1234 3203 dicam
1251 3195 1262 3211 ,
1292 3182 1356 3203 non
1375 3178 1498 3202 tantum
1517 3170 1713 3208 supervacuo
1733 3195 1742 3210 ‚
1773 3171 1827 3203 sed

966 3210 994 3241 ἀ
1009 3209 1100 3244 falso.
1122 3214 1257 3253 primum
1284 3213 1498 3253 supervacuo:
1518 3210 1671 3251 siquidem
1691 3212 1826 3254 Impera-

966 3259 1053 3287 tores
1066 3256 1114 3297 jtis
1131 3254 1292 3288 causarum
1311 3253 1552 3327 critiam-dinarii
1567 3254 1641 3295 juris
1661 3262 1734 3301 ante
1751 3263 1825 3287 eum

1392 3304 1411 3336 3
1753 3304 1824 3327 ver.
