2036 3495
534 85 623 122 DE

50 184 164 217 cencius.
206 179 301 212 Neine
317 179 393 211 enim
406 177 501 219 sanus
522 181 615 209 mente
633 176 711 207 debet
728 175 800 206 velle
816 176 923 216 impen-

40 227 108 267 sam
133 233 168 255 ac
189 218 335 264 sumptum
357 221 451 261 facere
474 220 504 250 in
530 218 697 256 culturam,
713 215 743 255 fi
765 218 844 263 viciat
866 227 923 248 non

45 265 121 308 poffe
137 264 225 305 refici.
255 273 306 297 uec
314 262 343 302 fi
353 260 443 304 polest
457 260 569 301 reficere
578 257 701 300 frustm
712 281 721 296 ‚
737 256 767 296 fi
783 260 863 289 videt
879 268 924 289 eos

43 310 127 350 fore,
150 313 183 339 ut
194 304 357 348 pestilentia
374 305 543 345 dispereant.
568 301 665 332 'Puto
683 307 789 332 tamen
801 322 810 338 ,
827 302 922 331 etiam

48 352 81 382 in
107 350 157 381 his
183 345 410 382 usumfrudtuin
433 344 544 377 videri.
568 351 639 374 nam
659 350 693 374 ut
712 343 755 373 ait
771 341 884 372 Labeo
902 342 922 373 l.

52 400 99 429 19.
127 391 170 422 D.
196 390 229 424 cle
244 388 457 430 servitutibus,
481 385 610 427 quadam
635 384 735 415 habere
757 382 921 424 poffuiizus,

48 434 183 475 quamvis
194 441 227 463 ea
245 431 324 464 nobis
337 429 424 461 utilia
440 437 496 460 non
511 427 593 464 sunt.
628 424 671 456 Et
689 425 773 456 clare
791 425 924 455 Marcia-

50 484 109 506 nus
125 475 145 506 l.
161 482 211 513 41.
229 471 257 513 §.
280 481 306 505 1.
324 470 366 502 D.
391 471 424 502 de
439 466 617 508 πβιίναὲἶα,
633 465 716 497 Licet
730 468 838 507 proeciz'a
850 476 923 507 qine-

49 518 116 548 dam
132 516 205 548 ralia
217 513 302 553 sinc,
324 518 358 543 ut
383 513 475 551 magis
501 511 533 542 in
548 519 581 540 ea
597 510 811 549 impendamus,
836 517 924 548 quam

51 559 84 592 cle
99 557 156 589 illis
171 556 379 597 adquiramus,
402 558 499 585 tamen
524 549 709 590 ususfrutius
728 559 822 580 eorum
839 551 923 579 νείκη-

49 600 102 639 qui
116 595 213 640 poteli.
241 595 392 635 Ulpianus
409 602 539 634 quoque
556 592 575 622 i.
589 601 634 623 12.
652 591 681 633 §.
701 600 730 631 3.
747 591 790 622 D.
807 592 923 623 coemit.

49 638 102 677 Si,
119 639 241 679 inquit,
258 647 363 680 agrum
379 645 510 674 aremus,
540 634 604 664 licet
621 639 682 664 tam
690 633 800 673 Jien‘lz's
810 630 851 669 fit
862 655 871 670 ‚
889 638 924 664 ut

48 677 283 719 nullussruttus
316 678 454 716 nascatur
472 699 481 715 ,
512 677 667 706 retinemus
693 673 920 716 usumfructum.

47 721 177 754 Scilicet
195 720 316 752 fructus
334 729 398 751 non
416 718 552 750 habetur
567 717 696 757 proprie
710 717 738 747 dt
756 725 851 754 vere,
869 715 923 761 nisi

48 762 190 796 deductis
209 760 366 801 impensis.
397 761 524 792 interim
543 759 587 790 est
606 759 674 789 haec
693 757 857 789 hominum
878 766 922 787 vr-

48 813 96 843 ta,
122 812 156 837 ut
179 805 218 835 de
243 803 303 837 suis
327 802 421 834 rebus
447 802 637 842 plerumque
662 800 872 844 plum-quani
891 800 922 829 in

47 846 96 878 his
119 844 183 884 est,
205 844 348 885 sperent3
372 853 477 884 eoque
501 842 556 874 has
583 841 676 872 stulte
691 839 919 871 administrent.

46 886 115 919 sunt
131 887 226 920 etiam
243 887 298 927 qui
315 886 481 927 elegantiis
497 884 555 916 suis
572 883 760 928 deliciisque
780 883 922 927 adeo-in-

47 929 199 971 dulgent,
224 935 259 959 ut
278 926 348 959 fere
367 928 412 959 liis
430 926 495 958 suas
512 935 613 966 opes,
638 925 787 963 suamque
805 924 920 968 utilita-

48 977 113 1002 tem
137 970 320 1002 metiantur.
354 969 384 1000 dt
412 967 483 999 sane
502 966 677 1007 voluptatis
696 966 826 996 materia
843 973 873 994 in
893 973 920 994 a·

46 1009 137 1045 lienis
155 1010 293 1052 negotiis
311 1010 457 1051 gerendis
475 1018 491 1040 a
512 1008 634 1040 domini
650 1007 786 1053 utilitate
803 1005 920 1045 separa-

47 1061 108 1085 tur.
142 1053 195 1084 sed
218 1053 294 1093 quid
318 1060 425 1090 vetat,
450 1051 615 1082 dominum
634 1058 706 1080 cum
723 1047 777 1079 sibi
796 1046 922 1084 suaeque

46 1095 224 1127 amoenitati
239 1093 342 1125 studet
362 1093 451 1125 nullo
469 1093 597 1124 alterius
621 1091 759 1129 damon,
783 1088 844 1120 ess'e
862 1088 938 1119 suae·

45 1138 288 1169 moderatorem
314 1135 459 1166 utilitatis
476 1134 494 1165 i.
519 1143 548 1175 3.
572 1132 600 1174 §.
616 1142 646 1170 4.
671 1131 754 1177 &o
776 1130 818 1161 D.
843 1131 875 1161 cie
891 1130 922 1160 in

47 1187 108 1209 rem
122 1176 228 1216 verfii?
250 1177 390 1209 dicamus
407 1176 521 1217 igitur,
544 1176 572 1205 ei
591 1172 653 1204 ess'e
669 1174 755 1203 utilia
773 1181 837 1203 noti
856 1181 922 1215 nio-

46 1220 91 1254 do
107 1220 159 1251 illa
176 1228 246 1259 quae
264 1219 333 1259 plus
349 1218 445 1255 lucri,
466 1225 560 1256 quani
579 1214 684 1245 oneris
705 1213 846 1252 liabent3
871 1213 921 1244 ied

46 1260 118 1292 haec
137 1269 267 1300 quoque
283 1259 398 1299 quibus
416 1257 485 1297 plus
503 1255 716 1296 impenditur,
737 1263 832 1294 quam
846 1254 921 1285 inde

50 1301 202 1334 trahitur:
225 1300 247 1332 fi
262 1300 514 1340 jucunditatem,
530 1297 550 1329 fi
568 1296 697 1330 delicias
716 1295 921 1342 pi¹aestent3s1

46 1343 189 1384 quamvis
207 1351 272 1373 non
291 1342 380 1373 bono
398 1339 538 1377 domini,
563 1347 669 1370 tamen
695 1347 759 1377 ejus
785 1346 920 1378 negotio

46 1385 179 1416 cedant:
202 1392 238 1414 ut
263 1383 296 1414 in
321 1382 476 1414 viridariis
496 1404 506 1420 ,
530 1383 562 1412 in
589 1388 740 1420 aquarum
764 1379 918 1410 ductioni-

45 1425 123 1464 bus,
145 1424 335 1465 caeterisque
351 1423 491 1456 ‚luxuriae
515 1421 731 1453 instrumentis
750 1419 804 1451 usu
821 1422 920 1452 venit.

46 1476 83 1499 ac
100 1476 174 1498 vere
192 1466 356 1499 Salvianus
372 1465 420 1498 lili.
440 1475 467 1496 2.
483 1465 634 1502 Adversus
650 1464 829 1501 avaritiam,
848 1469 919 1504 pag.

45 1518 116 1549 217.
141 1509 205 1545 ait,
230 1507 334 1539 Omnis
343 1506 466 1546 fruetus
483 1506 659 1536 divitiarum
675 1506 705 1535 in
722 1504 776 1539 usu
795 1502 835 1544 est
846 1504 921 1544 post·

46 1556 94 1581 tus
118 1549 304 1581 deliciarum.-
325 1549 456 1590 alioquin
474 1553 577 1578 remoto
591 1547 647 1584 ulu
662 1546 832 1577 deliciarum
849 1556 917 1577 cau·

38 1591 82 1633 sce
102 1597 187 1632 opum
210 1600 267 1622 uon
288 1589 506 1632 relinquuntur.
548 1588 610 1619 Sed
632 1588 732 1620 redeo
749 1597 790 1618 eo
803 1610 813 1627 ,
835 1588 921 1619 unde

47 1636 142 1673 coepi.
170 1632 255 1670 dixi,
272 1632 449 1664 naturalem
466 1629 528 1662 esse
538 1629 765 1661 usumfrutium
777 1630 922 1661 omnium

48 1683 152 1706 rerum
165 1683 236 1715 quae
246 1682 384 1713 corpore
402 1670 589 1710 censentur3
605 1671 754 1703 omnibus
771 1679 922 1712 peraeque

46 1714 133 1747 usum
150 1715 181 1747 ὅ(
196 1714 337 1747 fructum
355 1714 435 1745 salva
454 1712 622 1744 substantia
637 1712 890 1744 admittentibus

90 1755 199 1799 Quid,
222 1755 244 1787 fi
264 1756 442 1796 quantitate
467 1754 681 1786 aestimentur:
704 1754 735 1785 id
753 1752 798 1785 est
812 1777 821 1792 ,
842 1763 922 1795 pon·

47 1797 144 1837 dei-e,
162 1806 296 1830 numero
305 1819 318 1836 ,
340 1804 394 1830 aut
410 1795 569 1828 mensura:
594 1803 628 1827 ut
643 1797 749 1827 oleum
762 1817 773 1834 ,
790 1796 900 1828 vinum
910 1818 921 1835 ,

686 82 1364 123 UsueRticruLiss.l.

1774 99 1845 138 333

966 174 1164 222 frumentum
1177 199 1187 216 ,
1210 179 1347 218 pecunia
1366 177 1556 211 numerata?
1578 185 1674 221 negat
1694 175 1774 221 Imp.
1792 180 1843 220 Ju—

968 217 1116 249 stinianus
1132 218 1161 259 ᾗ.
1179 228 1206 250 2.
1229 218 1301 260 liist.
1319 221 1352 250 de
1366 219 1541 259 uliifrublu,
1566 221 1620 252 has
1641 230 1690 255 res
1706 222 1842 253 naturali

967 266 1021 290 aut
1043 260 1129 291 civili
1155 261 1279 292 ratione
1296 260 1521 294 usumfructum
1540 263 1702 304 recipere:
1726 262 1841 303 praefa—

968 309 1034 338 tus,
1052 310 1104 332 eas
1122 301 1263 334 consumi
1284 303 1351 343 ipso
1368 303 1431 334 usu.
1450 304 1478 334 ὅ(
1494 303 1591 336 recte.
1617 314 1686 337 nam
1704 304 1842 339 ususfru-

966 342 1032 373 ctus
1052 349 1113 374 tam
1133 343 1238 382 usum,
1262 354 1354 385 quain
1372 344 1510 377 sriiCtum
1527 346 1773 387 complectituu
1796 356 1842 378 at-

965 392 1046 422 que,
1072 391 1105 415 ut
1129 395 1167 416 cx
1194 385 1327 418 Donato
1351 387 1483 426 probavi
1501 385 1608 427 supra,
1637 387 1843 429 Utimurfru-

968 424 1060 456 &ilius
1076 427 1139 465 rei,
1160 436 1223 467 quae
1239 430 1275 458 ab
1293 429 1458 459 mirantibus
1465 427 1552 468 salvo
1575 429 1629 465 usu
1645 431 1724 460 nobis
1737 432 1841 467 subini-

967 465 1128 506 iiistratur:
1151 470 1316 508 abutimur,
1340 470 1455 510 quando
1478 470 1657 509 :aperuimus
1673 470 1710 505 ὃ
1726 481 1783 503 rem
1801 471 1839 506 {5⁹

959 508 1106 548 frustum.
1132 509 1215 542 Nam
1231 513 1298 547 usui
1310 509 1351 552 est
1362 520 1448 552 ager,
1466 512 1564 542 domus
1574 522 1584 548 ‚-
1598 514 1702 548 abusui
1715 516 1840 554 vinum,

966 549 1058 596 οζεζινιι
1075 550 1112 597 &²
1129 558 1228 584 caetera
1243 553 1417 594 hujusmoai.
1462 552 1572 584 Potest
1589 553 1685 594 igitur
1701 554 1774 593 Jure
1789 555 1842 587 Ci-

967 592 1019 623 vili
1045 592 1108 623 efle
1134 592 1326 626 ususfruCtus
1351 594 1629 636 qualiumcumque
1647 604 1842 637 corporum,

968 642 1028 664 nec
1041 635 1149 679 ⁴magis
1172 635 1366 676 singulorum
1383 644 1476 676 quain
1494 636 1650 676 plurium,
1673 646 1727 667 aut
1746 640 1842 672 etiam

967 682 1063 714 partis
1090 676 1249 708 bonorum
1275 678 1327 708 vel
1351 678 1513 709 omnium:
1538 678 1751 717 quantitatum
1775 689 1842 712 non

968 716 1091 760 potest:
1116 718 1244 750 auctore
1263 716 1420 759 Ulpiano,
1445 720 1474 750 in
1490 716 1606 760 stagni.
1624 721 1668 750 tit.
1683 729 1730 759 24.
1751 719 1841 761 §.26.

967 758 1064 797 idque
1082 759 1122 789 de
1141 758 1199 790 suis
1217 762 1417 801 temporibus
1434 761 1464 791 in
1484 759 1595 800 Topicis
1612 760 1777 792 attestatur
1787 763 1842 795 Ci-

968 808 1056 845 cero.
1087 800 1195 839 postea
1214 810 1333 833 rnuttita
1351 812 1399 834 res
1419 802 1463 834 est
1480 801 1783 835 Senatusconlulto:
1808 812 1844 836 ut

967 838 1123 878 Ulpianus
1140 841 1240 873 refert
1256 844 1284 875 d.
1302 846 1347 874 tii.
1359 854 1406 882 24.
1425 843 1453 884 §.
1466 853 1513 884 27.
1539 845 1636 875 etiam
1651 842 1841 883 justinianus

965 883 992 927 fl·
1011 880 1041 922 ὃ,
1059 892 1088 913 2.
1122 881 1151 912 &
1173 884 1280 923 capite
1307 886 1487 924 penultimo
1508 885 1598 925 hujus
1616 885 1686 917 libri
1706 886 1842 920 dicetur.

964 927 1092 954 interim
1116 922 1286 956 Ciceronis
1307 927 1404 956 verba
1423 926 1577 967 adscripsi.
1626 927 1700 959 Non
1716 929 1793 960 dehet
1810 938 1843 960 ea

964 963 1087 1002 mulier,
1113 966 1160 995 cui
1180 966 1228 996 vir
1251 967 1388 998 bonorum
1394 971 1518 1007 suorum
1533 968 1748 1007 munifi-ubitam
1765 971 1842 1013 lega—

963 1006 1029 1043 vit,
1053 1005 1127 1036 celiis
1154 1008 1280 1037 vinariis
1302 1007 1338 1042 ἐφ’
1356 1009 1470 1040 oleariis
1483 1009 1576 1049 plenis
1590 1010 1717 1049 relictis,
1737 1018 1844 1052 putare

964 1048 995 1077 ici
1018 1048 1056 1077 aci
1072 1050 1106 1087 se
1127 1049 1290 1087 periinere:
1312 1051 1381 1089 usus
1408 1051 1502 1089 enim,
1525 1060 1583 1082 non
1609 1053 1715 1089 abusus
1731 1053 1844 1096 legatus

965 1085 1003 1129 est
1015 1112 1024 1125 ‚
1047 1098 1079 1119 ea
1092 1089 1162 1123 lunt
1177 1090 1292 1129 interf&
1309 1093 1465 1123 contraria.

1008 1129 1158 1171 Quodde
1176 1131 1408 1171 quantitatibus
1427 1134 1513 1172 dixi,
1532 1136 1626 1167 etiam
1643 1136 1756 1176 adjura
1774 1145 1844 1176 per·

966 1171 1057 1217 tinet.
1092 1172 1151 1202 liae
1176 1173 1302 1203 ratione
1329 1183 1394 1205 non
1422 1174 1529 1213 potest
1552 1177 1674 1207 itineris
1694 1200 1704 1216 ,
1736 1178 1842 1219 effus,

964 1222 1046 1250 Vlae,
1069 1213 1293 1252 aquaeduCffls,
1317 1215 1387 1245 usus
1409 1223 1463 1246 aut
1491 1216 1705 1256 ususfructus,
1729 1219 1759 1249 id
1778 1220 1843 1260 est,

963 1253 1123 1286 servitutis
1142 1254 1275 1286 servitus
1293 1255 1444 1288 constitui
1460 1256 1533 1296 Jure
1551 1258 1646 1290 Civili
1665 1259 1683 1289 l.
1708 1268 1735 1290 1.
1754 1259 1794 1291 D.
1813 1263 1846 1292 de

963 1303 1017 1333 usu
1042 1295 1078 1330 δέ’
1103 1296 1261 1335 usufrutiu
1279 1295 1382 1338 legato.
1414 1297 1459 1328 est
1479 1299 1564 1330 enim
1591 1299 1783 1333 ususfructus
1795 1302 1845 1340 jus

963 1338 994 1368 in
1019 1346 1158 1378 corpore
1176 1338 1196 1368 l.
1222 1347 1249 1369 2.
1269 1337 1312 1370 D.
1331 1341 1364 1370 (le
1380 1339 1556 1378 usufruiiu:
1579 1350 1693 1373 contra
1711 1342 1845 1376 servitus

964 1378 1009 1410 est
1036 1389 1084 1410 res
1109 1380 1341 1420 incorporalis,
1366 1382 1504 1421 denique
1528 1391 1592 1414 non
1620 1392 1739 1424 corpus
1756 1407 1766 1423 ‚
1792 1384 1847 1418 sed

964 1421 1111 1461 corporis
1128 1422 1262 1462 qualitas
1279 1422 1298 1452 i.
1310 1425 1360 1456 86.
1373 1422 1421 1454 D.
1441 1425 1474 1454 de
1489 1425 1642 1456 verborum
1653 1425 1847 1467 fignificatio-

964 1471 1015 1493 ize.-
1033 1472 1104 1503 quae
1124 1470 1248 1494 tantum
1265 1465 1589 1505 animointelligitur,
1607 1476 1680 1498 cum
1698 1468 1844 1507 alioquin

965 1513 1031 1535 non
1057 1504 1113 1536 sit:
1137 1503 1216 1535 sicut
1241 1504 1398 1545 obligatio
1425 1514 1557 1546 quoque
1582 1513 1633 1539 tot.
1654 1510 1701 1540 iit.
1722 1508 1795 1549 Infl.
1812 1512 1847 1542 de

964 1547 1049 1576 relius
1063 1546 1266 1586 corporalibus.
1299 1547 1351 1578 Sic
1370 1555 1411 1578 ex
1430 1547 1547 1588 regulis
1564 1547 1662 1587 Juris:
1686 1559 1757 1582 nam
1775 1551 1849 1592 post

965 1587 1281 1619 Senatusconsultum
1300 1588 1330 1619 ἃ
1345 1588 1399 1619 hic
1414 1589 1498 1620 aliud
1515 1598 1682 1630 receptum
1698 1590 1779 1632 effe,
1791 1602 1844 1625 ca-

965 1629 1033 1670 pite
1051 1630 1232 1670 penultimo
1248 1628 1339 1669 hujus
1358 1630 1429 1662 libri
1445 1632 1623 1672 apparebit.

1007 1670 1107 1708 Dixi,
1131 1671 1163 1703 iri
1188 1670 1303 1712 quibus
1324 1671 1419 1703 rebus
1442 1671 1637 1705 ususfructus
1655 1673 1730 1713 Jure
1747 1674 1846 1708 Civili

965 1712 1186 1744 constituatur.
1220 1721 1346 1753 tempus
1372 1713 1436 1753 est,
1460 1722 1496 1745 ut
1519 1714 1736 1747 demonstrem
1754 1718 1845 1758 quod

966 1754 1095 1796 promisi
1107 1777 1117 1793 ‚
1133 1754 1210 1795 quid
1228 1755 1259 1785 in
1278 1763 1406 1795 quaque
1422 1765 1456 1786 re
1474 1754 1635 1788 fruetuaiii
1647 1757 1696 1797 jus
1712 1756 1758 1790 fit.
1776 1766 1846 1791 utar

965 1803 1073 1827 autem
1090 1795 1247 1837 exemplis
1265 1794 1377 1836 fundi,
1395 1796 1530 1839 domus,
1553 1797 1633 1832 servi
1650 1800 1680 1831 ὅ(
1696 1800 1843 1840 pecudis.

784 1899 1004 1936 CAPUT
1055 1900 1104 1937 V.

358 1991 408 2026 De
423 1989 585 2037 ifiifrubiu
592 1989 713 2036 fundi,
739 1987 781 2029 ἐξ
795 1990 936 2035 quomodo
950 2003 981 2026 eo
1001 1997 1106 2028 utatur
1126 2002 1161 2025 ac
1170 1989 1309 2037 fruatur
1318 1992 1533 2037 flubium-ius.

101 2089 140 2120 cd
159 2089 263 2129 primo
280 2088 385 2121 dicam
402 2087 443 2119 de
459 2085 581 2118 fundo:
605 2087 693 2126 cujus
709 2086 730 2118 fi
747 2086 869 2127 legatus
886 2086 923 2118 fit

47 2090 96 2165 S
115 2130 324 2163 ususfructus:
341 2130 505 2171 eleganter
520 2129 561 2159 ait
574 2127 746 2168 Ulpianus,
767 2127 923 2168 quidquid

50 2173 82 2204 in
99 2171 201 2204 fundo
215 2171 372 2209 nascitur,
390 2170 544 2211 quidquid
562 2171 635 2201 inde
656 2170 776 2210 percipi
797 2169 920 2209 potest,

50 2214 142 2253 ipfitis
158 2213 296 2245 fructum
314 2212 394 2244 effe:
417 2212 457 2243 fic
475 2220 581 2242 tamen
594 2234 603 2248 ,
623 2211 749 2242 utboni
769 2211 826 2243 viri
842 2211 922 2242 arbi-

51 2263 135 2287 tratu
151 2254 275 2285 fruatur
289 2254 306 2285 l.
319 2264 350 2291 9.
364 2254 406 2285 D.
420 2255 454 2284 de
468 2252 634 2293 usufrubiu.
661 2255 797 2293 primum
814 2252 875 2291 ait,
890 2252 922 2284 in

50 2296 157 2328 fructu
174 2295 255 2334 ess'e,
269 2296 423 2335 quidquid
443 2296 587 2327 utilitatis
599 2295 634 2325 in
645 2294 749 2326 fundo
765 2293 921 2331 nascitur,

50 2338 205 2378 quidquid
223 2337 297 2368 inde
315 2336 434 2377 percipi
452 2336 576 2375 potest:
602 2345 662 2367 nec
679 2335 799 2374 refert,
816 2344 922 2366 uti-um

51 2389 93 2412 ex
108 2378 270 2410 fructuarii
289 2376 375 2409 facto
393 2378 582 2416 proveniat,
600 2386 695 2416 puta,
713 2376 865 2416 serend03
884 2386 922 2408 an

49 2420 183 2459 sponte,
208 2427 243 2450 ut
261 2420 365 2456 oliva,
389 2418 534 2456 foenum,
556 2417 631 2450 fiiva
647 2421 756 2449 caedua
771 2419 789 2448 i.
815 2428 861 2459 13.
878 2418 921 2450 D.

51 2461 167 2505 Quibus
190 2463 278 2491 modis
300 2459 488 2500 ulzissrufflis
504 2461 660 2491 amittitur.
680 2460 699 2490 Z.
714 2464 762 2497 48,
783 2460 811 2501 §.
833 2468 859 2491 1.
880 2459 922 2490 D.

51 2505 83 2535 de
97 2502 263 2543 usufrufiu.
287 2511 358 2533 nam
370 2525 378 2540 ‚
391 2510 425 2532 ut
442 2501 544 2532 Varro
561 2501 608 2532 iiii.
625 2512 653 2540 4.
676 2501 722 2532 De
739 2501 844 2542 lingua
864 2501 923 2532 La-

51 2546 115 2575 tina
132 2551 200 2585 pag.
230 2548 276 2578 18.
300 2541 389 2580 infit,
412 2541 536 2573 Frutius
558 2552 576 2573 a
596 2543 712 2581 ferendo
735 2551 797 2573 res:
820 2542 857 2576 ὅ)
882 2544 923 2573 1)oe

51 2595 124 2627 quas
133 2586 270 2625 fundus.-
292 2585 328 2619 ὅ)
346 2585 387 2615 hee
403 2594 465 2626 quae
482 2585 514 2614 in
522 2586 622 2623 fundo
637 2585 774 2618 seruntur
785 2607 793 2621 ‚
812 2584 924 2623 utfru-

52 2635 148 2657 amur.
191 2625 323 2662 Sensus,
347 2625 438 2657 fundi
462 2625 584 2657 fructus
610 2625 690 2664 effe,
716 2625 828 2665 quibus
845 2625 924 2656 frui-

53 2676 141 2706 mur3
157 2666 219 2697 sive
237 2676 292 2704 eos
302 2666 415 2705 sponte
432 2666 514 2697 ferat
524 2666 663 2706 fundus,
678 2666 741 2698 five
758 2666 923 2697 hominum

53 2707 203 2739 industria
218 2708 428 2748 exercitatus3
443 2716 478 2739 ut
491 2707 514 2739 fi
531 2707 685 2740 seruntur.
705 2717 817 2739 omnes
827 2708 924 2749 igitur

54 2748 145 2780 fundi
171 2747 308 2787 fructus,
331 2758 405 2780 cum
431 2748 627 2781 industriales
643 2772 653 2788 ‚
677 2757 745 2781 tum
768 2749 926 2781 naturales

55 2790 126 2821 sunt
142 2788 321 2827 fructuarii,
344 2789 437 2821 fundi
457 2791 533 2822 dato
552 2789 726 2822 usufructu.

97 2830 160 2861 Sed
184 2838 288 2860 utrum
313 2831 425 2861 maturi
446 2838 586 2869 tantum,
610 2841 647 2863 an
667 2833 762 2863 etiam
778 2832 926 2863 immatu-

54 2873 79 2905 ri
90 2872 106 2905 2
130 2871 173 2904 Et
189 2871 232 2902 ait
247 2870 417 2910 Javolenus
430 2872 449 2902 l.
464 2882 515 2911 42.
536 2873 577 2904 D.
595 2874 629 2903 de
646 2875 700 2912 usu
717 2873 753 2908 &f
769 2872 929 2914 usufructu

56 2915 166 2955 legato,
190 2920 285 2943 etiam
300 2913 507 2945 immaturos:
530 2914 650 2954 quippe
668 2915 697 2945 in
715 2915 822 2946 frustu
846 2913 927 2952 effe,

57 2956 146 2996 quod
170 2955 209 2985 ad
235 2953 374 2984 hominis
397 2953 484 2986 usum
504 2954 667 2987 inductum
688 2955 750 2987 est:
771 2965 877 2996 neque
897 2956 926 2987 in

58 3007 100 3029 eo
124 2995 300 3028 naturalem
326 2995 539 3027 maturitatem
558 2995 708 3037 spectari3
730 2997 783 3028 sed
800 3005 929 3036 tempus

59 3047 125 3078 quo
143 3038 242 3078 magis
259 3037 381 3067 colono
397 3036 575 3068 dominove
588 3047 663 3069 eum
680 3035 817 3070 frutlum
835 3039 927 3069 tolle-

60 3089 95 3111 re
118 3079 261 3119 expedit.
300 3080 408 3120 itaque
431 3078 519 3110 addit
543 3078 738 3119 Iavolenus,
761 3089 835 3111 cum
857 3080 929 3111 olea

62 3121 226 3152 immatura
247 3119 363 3151 habeat
387 3119 456 3161 plus
480 3120 620 3159 reditus,
643 3129 736 3160 quain
761 3120 784 3152 fi
807 3128 930 3153 matura

61 3161 201 3202 legatur,
222 3170 286 3193 non
305 3160 394 3202 poss‘e
410 3161 531 3200 videri,
553 3161 574 3193 fi
590 3163 754 3194 immatura
769 3162 849 3196 lecta
864 3162 927 3203 est,

58 3202 92 3235 in
109 3201 213 3235 fructu
227 3212 292 3237 non
309 3202 383 3236 effe.
408 3201 452 3236 Et
468 3203 532 3236 hoc
548 3203 662 3237 Paulus
680 3204 712 3237 in
729 3203 801 3237 olea
817 3205 926 3239 imma-

968 2094 1036 2118 tura
1052 2087 1152 2125 Ietta,
1171 2088 1267 2129 inque
1282 2088 1355 2120 silva
1372 2089 1500 2130 caedua,
1519 2091 1549 2122 ἀ
1565 2091 1658 2123 foeno
1673 2091 1844 2125 immaturo

967 2128 1048 2159 caeso
1067 2132 1182 2170 probat
1199 2130 1219 2160 i.
1235 2134 1286 2168 48.
1303 2129 1332 2171 §.
1356 2139 1382 2162 1.
1406 2131 1443 2162 ἶ).
1461 2133 1495 2162 zie
1511 2133 1679 2173 usufruftu.
1723 2135 1772 2167 An
1795 2145 1844 2166 re*-

967 2170 1044 2201 cte?
1070 2171 1204 2201 dubitari
1230 2172 1352 2211 potest:
1377 2182 1569 2214 quamquam
1594 2176 1679 2207 enim
1703 2176 1735 2207 in
1752 2175 1845 2208 fundi

965 2211 1075 2242 frusta
1087 2212 1238 2250 habetur,
1251 2213 1279 2243 <Sc
1295 2213 1335 2244 ad
1354 2213 1561 2248 fructuarium
1580 2217 1740 2257 pertinet,
1754 2219 1846 2258 quid-

966 2254 1042 2292 quid
1069 2253 1099 2284 in
1125 2253 1230 2285 fundo
1255 2253 1411 2293 nascitur,
1434 2256 1592 2297 quidquid
1617 2258 1692 2290 inde
1720 2260 1843 2300 percipi

966 2293 1091 2334 potest,
1108 2301 1241 2334 oportet
1261 2302 1366 2327 tamen
1384 2296 1460 2328 boni
1472 2298 1529 2329 viri
1546 2299 1700 2331 arbitratu
1719 2301 1846 2341 percipi

965 2337 984 2368 l.
1003 2345 1032 2371 9.
1054 2335 1095 2366 I).
1115 2337 1175 2367 eod.
1195 2339 1243 2368 tit.
1263 2345 1323 2368 nec
1341 2338 1468 2369 videtur
1485 2340 1571 2370 oliva
1587 2348 1640 2371 aut
1658 2340 1784 2373 foenum
1802 2343 1846 2373 itii

967 2377 1107 2418 percipi,
1132 2385 1204 2408 cum
1229 2379 1397 2410 immature
1423 2381 1610 2421 pei-cipitur.
1643 2382 1754 2414 nam'fi
1773 2385 1844 2424 quis

966 2419 1083 2450 olivam
1100 2419 1299 2451 immaturam
1318 2420 1495 2460 decerpsit,
1507 2423 1559 2454 vel
1576 2422 1714 2464 segetem
1733 2424 1842 2456 immas

967 2467 1068 2491 turam
1085 2459 1246 2498 desecuit,
1270 2461 1323 2492 vel
1342 2461 1452 2493 vineas
1468 2464 1598 2502 crudas,
1621 2463 1668 2498 ‘tiit
1687 2464 1842 2508 Ulpianus

967 2511 1058 2539 cuin,
1082 2501 1164 2541 quast
1188 2503 1337 2534 damnum
1360 2503 1471 2543 injuria
1489 2506 1631 2544 dederit,
1656 2507 1728 2552 Iege
1745 2508 1843 2550 Aqui·

966 2543 1007 2574 lia
1025 2543 1148 2574 teneri:
1164 2542 1216 2574 sed
1233 2543 1253 2574 si
1270 2552 1425 2583 maturas,
1438 2546 1595 2585 Aquiliam
1613 2547 1749 2580 ccss'are:
1769 2559 1845 2592 qua-

967 2584 988 2615 fi
1004 2584 1065 2624 jam
1082 2583 1166 2616 nulla
1183 2584 1364 2623 fit‘i’njuiia,
1387 2595 1459 2618 curn
1477 2589 1574 2626 etiam
1592 2589 1649 2620 tibi
1673 2590 1844 2623 donaverit

967 2625 1164 2666 impensasin
1177 2626 1403 2667 collectionem
1421 2628 1600 2668 huiusmodi
1619 2630 1780 2667 fruetuum
1798 2633 1843 2665 fa-

966 2667 1031 2699 ssas
1047 2668 1066 2698 l.
1084 2677 1132 2707 27.
1150 2667 1178 2709 §.
1199 2677 1248 2703 ες.
1273 2667 1314 2698 D.
1335 2668 1386 2700 Aa
1400 2669 1489 2711 legem
1506 2671 1668 2713 Aquiliam.
1716 2673 1844 2715 Opinor

967 2709 1198 2748 tamemquod
1214 2709 1255 2739 ad
1271 2708 1394 2742 foenum
1413 2712 1563 2744 &oleam
1580 2714 1714 2754 attinet,
1734 2725 1843 2748 veram

969 2749 1033 2781 effe
1054 2750 1144 2797 Pafffl,
1161 2748 1366 2784 sententiam:
1392 2752 1421 2784 dc
1437 2763 1452 2784 a
1469 2752 1643 2787 fructuario
1668 2765 1843 2798 percepta,

969 2800 1112 2830 quamws
1136 2799 1320 2832 immatura,
1344 2793 1420 2826 boni
1447 2795 1505 2827 viri
1534 2797 1686 2830 arbitratu
1709 2799 1842 2839 percipi.

969 2842 1043 2864 nam
1064 2833 1099 2878 &q
1112 2833 1152 2880 de
1167 2831 1260 2879 soeno
1279 2834 1398 2867 Plinius
1413 2836 1461 2868 lib.
1485 2842 1532 2874 18.
1547 2839 1709 2871 Naturalis
1722 2838 1844 2880 historice

971 2884 996 2904 c.
1017 2878 1063 2908 28.
1082 2874 1209 2914 scribit,
1226 2875 1411 2917 v-S'eect'riolurii,
1435 2884 1591 2921 antequam
1605 2881 1755 2920 inarescat.
1788 2881 1845 2912 Ca-

968 2921 1015 2954 to,
1037 2916 1171 2954 faenum,
1188 2919 1303 2959 iuquit,
1326 2928 1362 2955 zze
1373 2920 1435 2958 sero
1443 2922 1540 2960 seces:
1556 2917 1728 2966 priusquam
1744 2922 1844 2960 semen

971 2956 1186 3004 manumisit,
1200 2962 1308 2999 secam.
1340 2960 1423 2993 Haee
1439 2963 1471 2995 in
1488 2962 1581 2996 foeno
1599 2966 1689 2994 ratio.
1721 2972 1792 3002 quae
1808 2961 1856 2996 in*

972 2999 1082 3030 oliva?
1104 2998 1275 3041 Javolenus
1299 3003 1327 3033 d.
1353 3003 1372 3034 l.
1400 3015 1450 3043 ‘³2-
1479 3005 1540 3043 ait,
1564 3005 1651 3045 quod
1675 3002 1843 3038 immatura

972 3039 1147 3081 liabetplus
1157 3043 1297 3090 reditus,
1316 3053 1409 3085 quam
1426 3045 1447 3077 fi
1466 3054 1585 3078 matura
1601 3045 1732 3086 legatur.
1757 3045 1842 3088 Quae

971 3080 993 3113 si
1018 3092 1091 3114 vei-a
1114 3091 1213 3123 ratio,
1237 3094 1325 3118 certa
1351 3096 1401 3118 res
1425 3087 1479 3118 est.
1526 3086 1587 3118 Sed
1611 3087 1739 3120 dubiam
1763 3088 1844 3121 facit

970 3123 1074 3163 Cato,
1093 3123 1139 3155 De
1156 3135 1185 3156 re
1200 3126 1310 3167 rustica
1329 3138 1353 3159 c.
1365 3132 1416 3169 65.
1439 3129 1483 3159 ait
1499 3128 1584 3159 enim
1602 3125 1721 3161 olibam
1740 3139 1842 3163 matu-

969 3174 1034 3198 ram
1053 3167 1187 3198 domino
1205 3169 1377 3208 expedire;
1401 3177 1591 3210 quamquam
1617 3180 1656 3202 ex
1675 3171 1840 3205 immatura

968 3206 1024 3241 fiat
1038 3208 1145 3241 oleum
1165 3210 1340 3248 optimum.
1360 3209 1494 3243 Catonis
1510 3211 1607 3244 verba
1621 3212 1785 3255 adscripffi
1803 3224 1840 3245 ea

1182 3258 1193 3280 t
1215 3260 1234 3291 3
1744 3257 1840 3288 vetba
