2052 3487
549 108 861 144 Pnostnitiun

156 200 319 232 contrario
343 198 450 231 tutelae
464 197 604 237 judicio,
627 206 691 229 non
708 196 743 228 fit
761 196 887 229 infamis
905 207 944 228 ex
956 196 1012 228 Ui-

156 243 242 283 piani
267 241 435 273 sententia:
460 238 491 270 δι
512 238 558 271 est
574 240 674 277 ratio,
698 238 770 278 quia
795 241 825 270 in
843 240 1009 270 contrariis

152 284 277 324 judiciis
308 291 371 314 non
396 280 474 311 solet
497 282 543 322 agi
575 280 615 311 de
637 279 776 320 perfidia.
801 290 896 321 quare
924 281 1009 320 prius

155 326 201 357 est
218 348 228 363 ,
257 332 292 354 ut
324 330 412 354 tutor
436 330 570 362 propter
592 321 756 362 perfidiam
786 320 839 353 fiat
864 321 1007 353 infamis:

150 374 255 405 neque
277 364 341 395 hoc
357 371 507 402 tantum3
536 361 587 394 sed
612 364 725 401 etiam,
749 370 783 393 ut
809 371 942 403 propter
961 362 1007 393 so-

154 407 233 439 lam:
256 405 374 444 absque
390 403 474 435 enim
491 404 548 435 illo
567 403 666 442 effet3
690 413 768 435 vana
789 404 876 435 foret
903 404 1006 444 Ulpia·

152 449 184 479 ni
209 444 390 478 conclusio:
422 445 580 484 dicentis,
610 445 756 477 hldifitum
782 446 820 477 ad
848 446 1007 477 contraria

151 497 217 519 non
242 487 426 528 pertinere:
459 488 531 527 quia
548 488 578 518 in
606 486 694 518 hisce
717 496 780 518 non
808 486 886 518 solet
909 487 1006 527 quaei·i

151 531 193 560 de
207 527 348 569 perfidia.
372 528 459 567 quod
483 527 503 560 fi
530 537 635 559 autem
657 528 776 560 Praetor
801 527 897 559 solam
915 536 1006 560 notat

151 571 265 602 tutoris
296 568 483 610 perfidiam:
519 568 583 602 fine
610 569 707 601 dubio
736 569 905 610 probatum
934 569 978 600 est
995 592 1004 608 ,

152 620 225 643 eum
252 611 295 642 ob
321 610 413 642 latam
432 611 559 651 culpam
582 611 783 649 damnatum,
814 621 877 642 non
903 612 1003 642 modo

149 662 213 684 non
228 653 295 693 jure
305 654 446 693 gentium
459 652 529 690 ,sed
540 661 600 684 nec
609 662 699 684 more
716 652 872 691 civitatis,
884 653 999 684 notari.

191 703 218 734 7.
242 692 404 732 Siquidem
430 694 489 724 alia
508 693 552 725 est
581 693 641 724 lata
665 694 775 733 culpa3
799 695 873 726 alius
890 694 1001 732 dolus,

148 734 202 766 seu
224 734 377 775 pertidia:
408 735 500 767 dolus
530 734 665 766 nascitur
690 745 729 767 ex
755 735 911 772 confilio;
942 735 1001 766 lata

151 776 244 816 culpa
259 786 300 807 ex
318 776 481 814 socordia,
499 785 538 807 ex
556 775 773 815 fimplicitate:
797 777 888 808 dolus
908 776 1004 807 scien-

149 819 222 849 tiam
242 818 357 856 habet;
381 818 439 849 lata
462 818 553 858 culpa
571 818 781 859 ignorantiam
800 829 808 849 :
843 818 934 849 dolus
959 816 1003 849 cst

148 860 251 891 omnis
272 859 447 895 calliditas,
483 858 609 890 fallacia
625 882 635 898 ,
666 859 861 891 machinatio
884 860 921 890 ad
945 861 1003 890 cir-

146 902 432 939 cumveniendum,
456 899 649 937 fallendum,
679 901 905 940 decipiendum
926 901 1000 931 alte-

148 951 217 974 rum
243 941 384 973 adhibita
409 942 428 972 l.
458 951 483 973 1.
508 940 538 983 §.
565 952 592 974 2.
617 941 659 972 D.
680 943 713 972 cie
736 942 795 972 dolo
817 942 911 977 mal03
944 942 1003 973 lata

148 984 240 1023 culpa
259 983 302 1014 est
321 983 413 1014 nimia
430 982 638 1024 negligentia:
654 983 684 1014 id
695 982 832 1021 est,non
848 983 1002 1024 intellige-

147 1034 181 1055 re
191 1027 277 1064 quod
294 1034 405 1055 omnes
421 1025 601 1065 intelligunt
620 1024 638 1055 l.
653 1024 821 1066 213.§.ult.
833 1023 873 1056 D.
890 1026 923 1054 de
937 1034 1001 1054 ver-

146 1067 245 1097 borum
255 1064 485 1105 fignificatione:
508 1065 615 1105 itaque
637 1065 809 1097 Terentius
830 1066 861 1096 in
886 1065 1003 1105 Hecyra

147 1117 175 1139 2.
204 1117 229 1138 1.
251 1116 380 1147 operam
406 1117 421 1137 a
447 1107 540 1147 culpa
565 1107 684 1147 separat
702 1130 711 1144 ‚
743 1105 820 1137 teste
846 1105 1002 1138 Donato:

146 1148 199 1188 qui
217 1150 275 1186 ait,
296 1156 425 1189 operam
444 1147 527 1186 esse,
542 1147 562 1179 fi
581 1146 714 1178 scientes
732 1147 920 1186 laeserimu83
938 1148 988 1179 cul

145 1198 216 1230 pam
236 1212 246 1227 ,
276 1189 295 1221 si
314 1189 507 1221 nescientes:
531 1189 659 1219 alteram
686 1187 809 1220 sceleris
829 1212 838 1226 ,
869 1189 999 1220 alteram

145 1230 282 1262 stulticiae
298 1254 306 1263 ,
330 1230 400 1261 ess'e.
443 1230 504 1261 Sed
521 1229 597 1269 quid
620 1229 744 1261 multa?
777 1228 840 1269 ipse
864 1231 893 1260 in
914 1229 998 1261 hunc

148 1271 264 1302 sensum
287 1269 441 1312 Ulpianus
458 1270 477 1302 l.
494 1280 523 1312 3.
543 1270 571 1312 §.
590 1271 644 1303 ult.
661 1270 703 1302 D.
722 1272 755 1302 de
765 1270 905 1311 suspectis
923 1278 998 1303 tuto-

143 1314 229 1344 ribus.

183 1353 265 1397 Qui,
289 1352 410 1393 inquit,
432 1354 464 1384 ob
478 1353 644 1395 segnitiem,
667 1352 713 1383 vet
728 1350 934 1393 rusticitatem,
958 1354 999 1384 in-

203 1395 324 1433 ertiam,
356 1393 562 1434 (implicitntem
578 1418 587 1432 ,
616 1394 662 1425 vel
682 1396 818 1434 ineptiam
836 1418 845 1433 ,
880 1402 1003 1426 remotus

197 1433 259 1474 fit,
283 1437 314 1466 in
338 1436 392 1467 hac
408 1439 494 1476 causa
515 1434 578 1476 est,
610 1442 643 1467 ut
667 1437 781 1477 integra
796 1434 1004 1476 existimatione

201 1476 291 1508 tutela
307 1477 352 1507 vel
368 1487 439 1509 cura
460 1482 552 1509 abeat.

143 1515 172 1549 E
188 1527 221 1550 re
237 1518 314 1555 erit,
329 1517 444 1559 singula
462 1517 590 1559 Ulpiani
610 1518 706 1550 verba
726 1527 908 1558 exponere:
925 1519 997 1559 quia

142 1559 274 1591 molesta
294 1558 364 1591 sunt
388 1560 539 1592 Studiosis
561 1559 651 1600 Juris.
695 1560 835 1591 Primum
861 1561 995 1600 quidse-

137 1601 263 1642 gnities,
298 1600 352 1632 nisi
384 1601 478 1633 animi
510 1601 695 1640 hebetatio,
727 1601 781 1632 nili
811 1601 994 1642 stupiditas:

144 1643 177 1673 id
202 1641 265 1681 est,
297 1642 356 1673 lata
382 1642 493 1683 culpa,
522 1642 586 1674 five
617 1652 680 1673 non
711 1643 890 1683 intelligere
914 1644 1002 1683 quod

142 1692 253 1714 omnes
277 1683 481 1724 intelligunt?
507 1683 582 1715 Hoc
603 1683 688 1714 sensu
699 1685 851 1724 segnitiem
875 1686 1002 1725 accepit

141 1723 276 1764 justinus
292 1724 339 1755 lib.
362 1735 412 1765 34.
436 1724 520 1763 Rex,
546 1725 711 1765 inquiens,
727 1726 815 1767 Syriae
836 1725 996 1757 Antiochus

141 1765 310 1801 Ptolomaeo,
333 1767 450 1808 majoris
463 1766 571 1806 sororis
579 1767 639 1805 sure
649 1765 731 1805 filio,
754 1766 830 1807 Regi
851 1766 994 1808 AEgypti,

147 1806 249 1837 bellum
264 1807 472 1848 infert,'segnt'
488 1809 638 1838 admodum
661 1806 697 1841 ὅ)
722 1809 892 1848 quotidiana
908 1810 993 1839 luxit-

148 1847 195 1877 ria
218 1850 259 1878 itu
282 1851 420 1878 marcenti
439 1870 449 1886 ,
486 1854 518 1878 ut
541 1858 597 1878 non
611 1848 708 1888 solum
736 1850 818 1889 regia:
841 1847 997 1890 majestatis

143 1886 443 1928 officiairztermz'tteret
453 1911 461 1927 ,
471 1891 667 1920 verumetiam
683 1891 763 1924 sensu
772 1890 891 1919 hominis
906 1892 998 1921 nimia

133 1931 245 1969 sagina
259 1935 374 1960 careret.
418 1928 494 1961 Non
511 1930 613 1961 minus
632 1931 712 1961 clara
728 1931 809 1969 apud
827 1929 998 1970 Ulpianum

145 1973 255 2010 ineptire
272 1969 457 2011 fignificatio
474 1970 527 2002 est.
551 1980 642 2009 narn,
665 1980 697 2002 ut
713 1970 864 2010 Isidorus,
885 1973 931 2003 lib.
955 1982 997 2004 io.

147 2011 320 2052 Originum,
347 2012 465 2052 Ineptus
488 2018 553 2051 apto
578 2018 739 2043 contrarius
760 2010 815 2051 fsto
847 2012 930 2054 quasi
952 2014 995 2043 in-

142 2059 235 2092 aptus.
263 2052 303 2083 Et
320 2051 486 2091 Donatus,
510 2054 539 2084 in
561 2053 737 2084 Auctoribus
762 2053 876 2085 Latinae
893 2054 998 2095 linguae

140 2100 209 2134 pag.
239 2103 324 2134 1354.
349 2094 498 2134 Ineptum,
521 2096 645 2134 inquit,
670 2096 779 2135 quoda
795 2097 983 2136 qucivz'srepre

144 2135 231 2165 hericii
248 2133 338 2176 pvtfst
378 2135 419 2167 Et
437 2142 505 2177 pag.
541 2145 627 2176 1357.
662 2137 791 2175 lnep'nm
816 2134 853 2177 efl
881 2143 996 2168 tantum

138 2174 273 2216 stultum.
309 2178 393 2208 idem
418 2178 456 2207 de
479 2176 656 2218 simplicitate
680 2178 802 2216 dicam,
832 2179 882 2210 vel
907 2178 981 2219 Justi

145 2218 241 2249 niano
261 2218 338 2248 teste
356 2218 373 2248 l.
391 2218 443 2249 ult.
457 2224 502 2258 pr.
521 2218 629 2257 infin.
649 2218 680 2249 C.
704 2220 867 2250 Arbitrium
885 2221 996 2259 tutele,

145 2258 345 2297 sequentibus
364 2260 476 2291 verbis.
500 2260 602 2300 Neque
618 2262 692 2290 enim
702 2258 746 2297 fic
765 2261 842 2290 honio
857 2260 997 2301 firnplex,

146 2301 199 2330 imo
213 2301 305 2338 magis
321 2298 430 2339 stultus
447 2302 612 2339 invenitur,
636 2307 669 2332 ut
684 2304 713 2332 in
729 2301 841 2341 publico
864 2305 997 2334 inventa·

148 2342 189 2371 rio
204 2341 286 2377 scribi
306 2347 403 2372 contra
419 2342 446 2378 le
458 2341 567 2383 aliquid
582 2344 722 2381 patiatur.
749 2343 899 2384 Apulejus
923 2345 1000 2385 Apo-

150 2381 175 2412 lo
197 2382 242 2421 ia,
281 2381 368 2413 simili
400 2382 503 2420 sensu,
543 2382 636 2456 {yguae'
667 2384 788 2424 inquit,
821 2387 854 2415 ab
878 2385 935 2416 illis
964 2386 1002 2416 ad

150 2432 164 2452 o
192 2424 348 2454 elidendum
372 2425 476 2454 crimen
494 2425 551 2465 ehje
582 2425 681 2464 asunt
696 2435 775 2456 ‘uana
794 2424 830 2460 ὅ)
846 2427 943 2466 inepta
965 2426 1002 2462 ὅ)

143 2464 295 2504 fimplicia.
314 2464 499 2505 Simplicitati
511 2466 612 2507 jungit
632 2464 783 2506 Ulpianus
794 2464 1001 2508 rusticitatem:

152 2506 317 2546 quomodo
333 2505 487 2545 Ovidius,
510 2506 629 2538 Heroid.
654 2505 736 2548 Epist
772 2512 817 2539 16.

190 2546 489 2588 Abniminmfinzplex
498 2547 606 2578 Helene
616 2572 624 2586 ,
640 2558 673 2579 ne
686 2547 792 2589 rustica
807 2551 907 2581 dicam.
924 2549 1003 2582 Earn

153 2595 258 2618 autem
282 2586 469 2629 rusticitatem
493 2599 564 2620 cum
588 2591 731 2631 imperitia
753 2600 770 2620 a
793 2590 851 2621 dolo
884 2590 1004 2631 separat

154 2626 306 2669 Ulpianus
328 2631 346 2660 l.
373 2640 400 2671 7.
425 2630 453 2671 §.
471 2640 501 2668 4.
525 2631 566 2661 D.
588 2631 839 2673 dejurisciifflone.
862 2631 925 2663 Sed
943 2642 1004 2664 nee

154 2670 287 2700 inertium
314 2669 468 2710 Ulpianus
490 2673 513 2702 d.
548 2672 567 2703 l.
593 2679 621 2712 3.
648 2672 674 2714 §.
702 2672 757 2703 ult.
788 2682 804 2704 a
830 2673 889 2703 lata
910 2674 1003 2713 culpa

156 2710 324 2751 distinguit.
347 2721 438 2751 nam,
461 2712 482 2744 fi
507 2712 625 2744 lfidoro
647 2714 808 2745 credimus
831 2714 859 2744 d.
879 2714 926 2745 lib.
955 2724 1001 2746 10.

158 2755 221 2790 pag.
246 2757 331 2791 1078.
356 2753 436 2784 Iners
446 2753 510 2791 fine
525 2761 604 2792 arte,
629 2753 665 2789 δ’
684 2756 715 2785 ob
731 2755 780 2785 hoc
797 2763 832 2785 ne
846 2759 933 2794 operis
943 2758 1003 2797 qui-

157 2792 218 2820 dem
242 2792 336 2825 ullius.
361 2796 433 2834 quin
455 2793 608 2826 Horatius
631 2796 678 2826 lib.
707 2804 731 2826 1.
755 2794 845 2836 Epist.
870 2805 914 2828 xi.
933 2798 1007 2828 iner-

159 2835 227 2860 tiam
244 2840 301 2870 ΡΝ)
311 2832 438 2873 stultitia
454 2836 534 2867 dixit
551 2835 752 2876 sequentibus
775 2837 890 2868 verbis.

199 2871 321 2903 Strenua
336 2885 385 2906 nos
400 2885 508 2908 exercet
522 2878 645 2908 inertia:
667 2878 793 2909 navibus
809 2885 895 2919 atque

200 2911 358 2954 Quaa'rigis
370 2918 490 2956 petimus
517 2919 582 2949 bene
598 2920 706 2950 vivere.

158 2950 294 2984 Ovidius
313 2963 440 3001 quoque
458 2959 504 2989 lib.
521 2969 539 2999 5
568 2957 725 2999 Fastorum.
752 2960 866 2991 Verba.
885 2959 1006 2993 Ovidii.

197 2995 326 3025 Venerat
341 3006 371 3026 in
392 3007 494 3029 morem
505 3001 603 3040 populi
621 3002 763 3041 depascere
773 3001 890 3042 saltus:

237 3035 326 3075 quue
348 3037 399 3068 diu
419 3038 521 3077 licuit,
541 3048 683 3082 poenaque
700 3042 781 3073 nulla
791 3043 866 3081 fuit-

197 3075 322 3108 Vinaice
332 3080 492 3117 servabant
510 3081 587 3111 nullo
601 3083 660 3119 sua
680 3083 796 3123 publica
818 3083 945 3123 vulgus,

230 3117 359 3159 Jamque
378 3121 407 3150 in
420 3121 537 3160 privato
550 3125 661 3161 pascere
680 3125 780 3154 inertis
795 3131 866 3155 erat.

153 3160 214 3190 Sed
244 3168 393 3199 apparet,
421 3162 588 3202 segnitiem,
611 3162 821 3204 rusticitatem,
855 3165 1007 3204 inertiam,

146 3200 377 3273 firnllglicizaltem,
409 3203 563 3244 ineptiam,
596 3201 734 3246 Ulpiano
760 3207 787 3237 d.
813 3207 833 3238 l.
858 3216 887 3247 3.
907 3205 934 3247 §.
953 3208 1007 3240 ult.

214 3251 266 3274 om.
308 3265 316 3274 .

910 109 1040 156 ,ξυιυς
1090 109 1271 144 C1V1tis
1319 109 1410 146 Lm.
1457 108 1506 146 ΙΙ.
1870 124 1916 159 25

1054 196 1116 229 effe
1132 198 1227 230 latam
1245 198 1393 239 culpam:
1415 207 1452 230 ac
1472 198 1630 241 proinde,
1653 207 1725 232 cum
1741 200 1770 232 ei
1787 200 1915 235 infamis

1052 248 1117 270 non
1137 239 1270 271 habetur
1289 247 1398 278 tutor,
1423 241 1466 271 ob
1481 241 1663 283 segnitiem,
1685 241 1915 284 rusticitatem,

1051 281 1213 319 inertiam,
1230 280 1462 321 frmplicitatem
1474 306 1483 321 ,
1503 283 1733 323 velineptiam,
1751 293 1911 317 remotus:

1050 323 1126 361 quid
1157 323 1268 361 restat,
1300 322 1351 354 nili
1379 332 1413 354 ut
1445 323 1572 356 infamis
1599 326 1628 354 ei
1660 334 1724 356 non
1758 325 1912 359 habeatur

1051 371 1158 400 tutor,
1182 373 1197 394 a
1215 364 1311 394 tutela
1330 365 1374 395 ob
1392 365 1484 397 latam
1502 366 1627 405 culpam
1646 368 1813 399 rem-otus?

1090 409 1116 438 8.
1142 403 1280 444 Ulpiano
1297 406 1407 437 addam
1426 407 1503 446 lmp.
1527 406 1730 446 justinianum
1749 407 1776 450 §.
1792 412 1822 439 6.
1835 407 1908 450 Insi-

1049 445 1081 476 de
1089 447 1230 486 suspectis
1254 448 1418 483 tutoribus3
1442 456 1494 478 aut
1511 458 1594 480 enim
1613 458 1663 480 me
1680 448 1760 481 fallit
1780 451 1911 491 conjec-

1050 495 1136 525 tura,
1160 495 1213 518 aut
1233 486 1317 518 sensu
1342 488 1433 528 plane
1455 487 1567 528 simili,
1592 489 1762 530 Suffetius,
1785 492 1908 530 inquit,

1048 534 1190 568 remotus,
1206 526 1235 566 fi
1256 530 1369 569 quidem
1393 530 1425 559 ob
1450 531 1564 568 dolum,
1580 531 1712 570 formosiis
1739 529 1797 572 est:
1819 531 1848 570 fi
1876 535 1909 563 ob

1048 570 1160 610 culpam
1172 593 1181 608 ,
1203 580 1260 600 non
1277 579 1361 610 aeque.
1387 569 1508 602 Dolum
1521 579 1610 602 certe
1627 574 1765 612 opponit
1783 575 1907 613 culpae3

1048 619 1084 641 ac
1102 611 1167 643 doli
1193 611 1324 642 nomine
1348 610 1531 651 perfidiam,
1551 621 1699 652 operam,
1724 614 1906 652 confilium,

1044 651 1288 692 compiettitu1·;
1321 654 1422 691 culpae
1453 662 1532 684 vero
1565 655 1665 684 verbo
1698 663 1762 685 non
1795 657 1907 695 aliam,

1044 701 1137 732 quam
1160 693 1272 731 latam,
1295 692 1456 734 fignificat.
1497 695 1602 734 Atque
1620 694 1695 726 huic
1712 705 1790 727 meae
1811 697 1910 729 inter·

1048 735 1221 773 pretationi
1247 739 1334 774 quod
1360 734 1479 766 firmius
1507 737 1668 767 certiusve
1693 736 1778 768 dabo
1816 747 1909 779 argu-

1047 783 1216 813 mentum;
1245 784 1338 815 quam
1363 777 1450 816 quod
1476 786 1564 808 [ntor
1583 787 1599 807 a
1624 777 1723 809 tutela
1750 787 1907 819 nusquam

1046 816 1077 847 in
1102 824 1174 847 toto
1197 815 1277 856 Juris
1301 817 1449 857 Corpore
1467 819 1509 848 ob
1525 818 1628 850 levem
1645 819 1770 860 culpam
1798 829 1905 852 remo·

1046 866 1158 896 vetur3
1182 867 1254 889 cum
1283 867 1323 890 ne
1346 857 1435 889 causa
1462 859 1591 899 quidem
1609 859 1644 891 fit
1663 861 1761 892 virum
1781 861 1906 894 bonum

1046 898 1076 929 ἃ
1093 899 1243 930 idoneum
1261 899 1300 930 ab
1317 909 1353 930 ea
1370 901 1557 932 removendi
1572 902 1615 932 ob
1625 910 1765 934 errorem
1778 904 1904 935 levem:

1046 938 1163 976 sed-ob
1191 939 1372 981 segnitiem,
1395 941 1621 981 rusticitatem,
1644 943 1815 983 ineptiam,
1839 943 1907 976 fim-

1045 981 1241 1020 plicitatem,
1266 981 1430 1020 inertiam,
1454 983 1484 1014 id
1511 982 1574 1021 est,
1607 983 1651 1014 ob
1676 985 1707 1016 id
1725 988 1812 1025 quod
1838 986 1907 1017 ido·

1046 1031 1123 1052 neus
1145 1032 1209 1053 non
1229 1021 1272 1053 est
1293 1024 1331 1054 ad
1348 1023 1642 1063 administrandum,
1664 1024 1748 1065 five,
1773 1027 1905 1066 utdixi,

1045 1063 1088 1094 ob
1114 1064 1205 1094 latam
1232 1080 1236 1089 ·.
1253 1064 1376 1104 ulpam‚
1398 1074 1470 1096 eum
1494 1074 1511 1096 a
1534 1066 1632 1098 tutela
1656 1067 1777 1108 integra
1799 1067 1906 1099 existi-

1045 1105 1189 1135 matione
1207 1104 1312 1144 abire,
1337 1105 1467 1136 rationis
1486 1105 1550 1145 est,
1574 1108 1602 1138 ἃ
1622 1117 1662 1139 ex
1674 1107 1814 1148 Ulpiano
1825 1118 1904 1141 mox

1045 1145 1294 1177 demonstratum
1322 1146 1392 1178 est‘?
1424 1146 1486 1178 Sed
1513 1148 1542 1178 ἃ
1569 1148 1653 1180 idem
1687 1148 1842 1188 Ulpianus
1870 1151 1905 1182 iu

1045 1187 1177 1227 quadam
1202 1186 1312 1218 Severi
1337 1187 1574 1220 Constitutione
1599 1199 1669 1229 quae
1693 1191 1738 1222 est
1763 1192 1793 1222 in
1816 1191 1836 1222 l.
1871 1202 1903 1224 2.

1042 1227 1070 1270 §.
1096 1238 1122 1259 2.
1142 1226 1182 1259 D.
1201 1227 1372 1273 Qgtipetant
1390 1235 1516 1268 tutores,
1539 1229 1573 1264 ὣς
1590 1231 1609 1261 l.
1627 1241 1655 1262 2.
1673 1231 1701 1273 §.
1722 1242 1770 1272 23.
1791 1232 1830 1263 D.
1856 1233 1907 1264 Ad

1042 1270 1324 1310 senatusconsultum
1355 1270 1565 1311 Tertyllianunz
1584 1295 1593 1310 ,
1631 1279 1753 1303 tutores
1788 1273 1903 1314 rejeaos

1044 1312 1197 1351 exponit,
1218 1311 1355 1352 litjpestos
1381 1320 1543 1350 remotos,
1568 1313 1618 1343 vel
1643 1315 1675 1344 oh
1700 1314 1905 1355 negligentium

1044 1354 1097 1384 vel
1117 1353 1268 1392 ignaviam
1293 1352 1433 1392 repulsos
1457 1354 1484 1384 d.
1505 1354 1523 1384 l.
1548 1363 1575 1385 2.
1599 1353 1626 1395 §.
1648 1364 1697 1393 41.
1722 1354 1762 1386 D.
1781 1357 1838 1386 eorl.
1858 1357 1904 1387 tit.

1045 1392 1081 1424 ld
1108 1403 1185 1424 vcro
1211 1394 1375 1435 indigitat,
1400 1395 1450 1425 vel
1469 1395 1512 1425 ob
1528 1395 1638 1427 dolum
1668 1397 1783 1427 malum
1809 1397 1906 1436 rejec-

1047 1443 1118 1473 tos,
1143 1436 1192 1466 vel
1220 1435 1263 1466 ob
1291 1436 1415 1475 culpam
1449 1436 1554 1468 latam.
1578 1445 1667 1475 nam,
1705 1436 1724 1469 si
1761 1436 1905 1470 Nonium

1040 1477 1181 1512 audimus
1211 1485 1262 1516 cap
1297 1486 1321 1508 1.
1347 1487 1425 1507 nam.
1462 1487 1527 1515 142.
1560 1478 1707 1518 Ignavum
1737 1478 1773 1513 ὅ)
1794 1480 1905 1520 segne,

1039 1519 1201 1557 torpidam,
1224 1518 1420 1559 effeminatum
1439 1517 1474 1553 ὅ)
1485 1517 1550 1557 fine
1571 1521 1646 1560 igni.
1672 1519 1778 1552 Festus
1797 1529 1906 1552 autem

1039 1559 1243 1600 Negligentem
1266 1561 1399 1598 exponit
1418 1583 1428 1598 ,
1460 1570 1516 1591 non
1536 1560 1671 1601 legentem
1690 1587 1694 1595 .
1728 1571 1818 1602 neq-ae
1835 1562 1906 1592 elec·

1046 1607 1109 1631 tam
1134 1602 1281 1631 habentem
1304 1602 1372 1641 quid
1399 1603 1496 1632 debeat
1515 1602 1620 1639 facere.
1666 1601 1782 1634 Cicero
1802 1602 1848 1634 lib.
1874 1612 1904 1635 2.

1046 1641 1092 1673 De
1109 1643 1323 1672 inventionibus
1340 1652 1364 1673 c.
1390 1652 1428 1683 32
1466 1642 1537 1674 Non
1561 1644 1637 1674 hanc
1660 1645 1904 1684 imprudentiam,

1044 1688 1096 1714 aut
1123 1683 1237 1722 casum,
1261 1690 1312 1714 ant
1336 1682 1584 1724 neceffitna'inem,
1600 1686 1652 1724 sed
1672 1687 1823 1723 inertiam,
1854 1694 1903 1716 ne-

1041 1724 1230 1765 gligentiam,
1252 1725 1421 1761 fatuitatem
1447 1727 1591 1756 nominari
1606 1732 1738 1766 oportere.
1763 1724 1904 1769 Qualem

1039 1767 1068 1797 in
1089 1765 1223 1798 Claudio
1248 1766 1474 1806 negligentiam
1503 1765 1651 1798 observat
1680 1767 1852 1799 Suetonius
1871 1769 1904 1799 in

1035 1807 1096 1848 ejas
1112 1808 1175 1837 vita
1197 1815 1259 1846 cap.
1284 1817 1335 1846 40.
1360 1806 1408 1839 his
1437 1808 1554 1840 verbis,
1601 1808 1742 1840 Sermonis
1767 1818 1834 1840 vero
1858 1818 1902 1839 re-

1039 1857 1158 1888 rumque
1175 1854 1287 1878 tantam
1306 1856 1373 1888 saepe
1399 1848 1602 1889 negligentiam
1628 1848 1746 1890 ostendit
1760 1872 1770 1888 ,
1790 1856 1825 1880 ut
1851 1858 1904 1880 nec

1040 1890 1105 1930 quis
1117 1912 1126 1927 ,
1151 1898 1201 1919 nec
1217 1890 1291 1918 inter
1303 1899 1371 1929 qnos
1383 1913 1391 1926 ,
1415 1899 1505 1929 quove
1524 1896 1644 1930 tempore
1662 1901 1698 1922 ac
1714 1891 1791 1930 toco,
1814 1891 1904 1922 verba

1037 1932 1166 1968 faceret,
1181 1930 1260 1969 scire
1286 1940 1319 1960 ac
1341 1930 1466 1971 cogitare
1482 1929 1706 1971 existimaretur.
1750 1931 1828 1963 Eam
1849 1941 1904 1963 ne-

1040 1971 1223 2011 gligentiam
1245 1969 1398 2010 Ulpianus
1414 1972 1434 2002 l.
1453 1981 1480 2011 7.
1500 1971 1528 2013 §.
1548 1982 1575 2004 2.
1597 1971 1638 2004 D.
1663 1974 1696 2003 de
1717 1970 1904 2013 administra-

1041 2013 1115 2042 tione
1131 2018 1258 2043 tutorum
1282 2020 1397 2051 vocat,
1421 2012 1510 2043 latam
1531 2013 1754 2054 negligentiam;
1780 2015 1810 2046 &
1833 2015 1863 2045 in
1881 2014 1904 2047 l.

1042 2062 1112 2094 213.
1133 2052 1162 2094 §.
1185 2053 1240 2084 ult.
1261 2052 1301 2084 D.
1326 2054 1358 2083 cie
1385 2055 1534 2085 verborum
1556 2053 1785 2096 significatione,
1810 2055 1903 2087 latam

1037 2094 1170 2134 culpam.-
1204 2094 1300 2133 Lata,
1332 2095 1497 2135 inquiens,
1530 2099 1613 2136 calpa
1635 2094 1673 2137 est.
1697 2098 1789 2128 nimia
1815 2097 1905 2137 negli-

1034 2137 1134 2177 gentia
1147 2159 1156 2174 ,
1179 2136 1208 2166 id
1230 2133 1288 2176 est,
1320 2145 1377 2166 non
1401 2137 1558 2176 intelligere
1580 2140 1654 2178 qaod
1677 2147 1771 2169 onines
1795 2138 1903 2168 intelli·

1035 2184 1126 2217 gant.
1152 2177 1259 2216 Atque
1278 2177 1341 2208 hoc
1357 2177 1376 2208 fi
1394 2177 1456 2210 est:
1480 2177 1551 2218 (est
1568 2187 1674 2210 autem
1695 2179 1906 2218 veriffimum)

1040 2220 1210 2259 probatum
1247 2217 1310 2256 est,
1344 2217 1548 2258 Justinianum
1575 2221 1598 2251 d,
1634 2220 1662 2262 ὃ.
1688 2225 1718 2252 6.
1744 2229 1818 2251 cum.
1840 2225 1905 2259 uit,

1041 2259 1207 2300 Sitspeltzwz
1228 2266 1386 2298 remotam,
1403 2259 1431 2298 fi
1448 2263 1560 2301 quidem
1579 2262 1610 2291 ob
1626 2263 1720 2292 aotam
1732 2285 1740 2299 ,
1759 2262 1908 2301 famosam

1041 2300 1108 2341 effe:
1123 2299 1151 2338 fi
1170 2302 1200 2330 ab
1223 2301 1353 2341 culpam,
1383 2311 1440 2332 non
1463 2312 1556 2343 teque,
1587 2302 1664 2334 nihil
1689 2303 1773 2334 aliud
1797 2303 1906 2341 velle;

1043 2351 1136 2382 quam
1165 2350 1304 2373 tutorem
1339 2343 1382 2373 ob
1407 2343 1517 2374 dolum
1548 2352 1728 2382 remotum,
1752 2343 1905 2375 infamem

1043 2382 1123 2422 ess'e;
1147 2384 1190 2414 ob
1220 2383 1344 2423 culpam
1376 2383 1492 2422 latam,
1530 2393 1595 2415 non
1626 2394 1734 2424 aeque:
1766 2383 1907 2423 scilicet,

1043 2426 1116 2464 quia
1135 2433 1306 2464 numquam
1327 2432 1413 2455 tutor
1430 2425 1473 2455 ob
1493 2426 1598 2457 levem
1620 2427 1744 2466 culpam
1763 2435 1909 2457 remove·

1045 2474 1114 2502 tur3
1137 2466 1314 2497 latae'vero
1341 2466 1443 2505 culpae
1462 2466 1530 2498 talis
1548 2466 1693 2498 cohaeret
1710 2467 1908 2508 ignorantia,

1046 2515 1080 2537 ut
1102 2506 1181 2538 dolo
1203 2514 1309 2538 carcat
1325 2506 1344 2537 l.
1369 2517 1396 2538 2.
1421 2506 1450 2548 §.
1480 2518 1510 2548 5.
1529 2506 1572 2538 D.
1593 2508 1627 2539 de
1645 2508 1701 2540 doli
1717 2508 1785 2540 mali
1812 2515 1910 2550 excep-

1045 2549 1126 2579 tione.

1084 2599 1114 2626 9.
1141 2587 1313 2620 Videamus
1343 2596 1469 2628 tamen,
1493 2589 1672 2630 (inquies)
1695 2599 1735 2622 ne
1760 2589 1825 2622 hoc
1853 2585 1909 2621 fai-

1045 2628 1110 2661 sum
1128 2629 1179 2662 sit:
1204 2639 1275 2661 narn
1296 2629 1350 2662 etii
1368 2631 1460 2672 culpa
1480 2631 1541 2662 lata
1558 2641 1622 2664 non
1642 2631 1801 2668 fitdolus3
1826 2629 1908 2662 solet

1047 2678 1152 2703 tamen
1175 2671 1251 2703 dolo
1281 2673 1457 2712 comparari
1473 2672 1491 2704 l.
1520 2682 1544 2705 1.
1564 2673 1593 2715 §.
1624 2683 1648 2705 1.
1676 2672 1718 2704 D.
1744 2674 1776 2704 Si
1802 2674 1910 2710 mensor

1041 2713 1153 2752 falsam
1177 2713 1290 2744 modum
1312 2714 1440 2752 dixerit,
1462 2723 1564 2754 prope
1595 2715 1705 2747 dolum
1728 2713 1789 2746 effe
1814 2715 1833 2745 l.
1861 2722 1910 2748 29·

1049 2753 1096 2785 D.
1120 2753 1282 2791 Mandati,
1311 2754 1341 2785 in
1371 2755 1435 2786 doli
1462 2755 1583 2787 crimen
1601 2757 1715 2787 cadere
1731 2756 1750 2787 l.
1780 2764 1804 2786 1.
1826 2754 1854 2796 §.
1879 2763 1910 2795 5.

1049 2795 1092 2827 D.
1109 2796 1142 2825 de
1157 2795 1372 2836 obligationibus
1387 2795 1423 2830 ὅ)
1439 2795 1598 2828 actionibus
1608 2821 1616 2834 ,
1630 2798 1721 2829 dolus
1737 2796 1798 2828 effe
1809 2797 1827 2827 l.
1839 2797 1908 2839 ²²⁶:

1049 2836 1091 2868 D.
1117 2837 1149 2867 de
1174 2839 1325 2868 verborum
1343 2836 1560 2878 fignificatione
1604 2837 1678 2870 Nec
1701 2839 1783 2869 adeo
1807 2844 1911 2867 mirari

1049 2878 1217 2918 quisquam
1236 2878 1350 2911 debet:
1375 2877 1396 2910 fi
1419 2878 1596 2918 Imperator
1614 2880 1641 2911 d.
1664 2879 1691 2921 §.
1717 2883 1746 2910 6.
1773 2878 1837 2909 doli
1855 2884 1911 2906 vo-

1049 2919 1165 2950 cabulo
1184 2928 1254 2951 cum
1273 2920 1381 2951 dolum
1401 2920 1685 2961 comprehenderit
1700 2943 1709 2959 ‚
1733 2927 1799 2950 tum
1817 2918 1912 2949 latam

1050 2960 1186 2999 culpam.
1213 2962 1244 2992 In
1268 2962 1394 3001 primis,
1417 2970 1489 2992 cum
1512 2961 1541 2993 ἂ
1563 2961 1715 3002 Ulpianus
1735 2958 1912 2994 hocfaciac

1049 3001 1079 3032 in
1097 3001 1115 3032 l.
1145 3012 1172 3041 7.
1200 3001 1229 3043 §.
1262 3011 1286 3033 1.
1313 3001 1354 3033 D.
1378 3004 1410 3033 de
1423 3002 1556 3043 suspeiiis
1575 3004 1718 3033 tutoribus
1734 3024 1743 3040 ,
1770 3000 1806 3035 &²
1823 3000 1842 3031 l.
1858 3009 1909 3040 42.

1048 3042 1091 3074 D.
1116 3044 1148 3073 cle
1165 3045 1317 3074 verli-orum
1329 3041 1552 3084 fignificatione.

1094 3093 1141 3115 to.
1166 3083 1228 3115 Sed
1247 3084 1381 3115 discutio
1400 3086 1481 3116 illam
1501 3085 1640 3121 nubem3
1658 3082 1688 3114 ὅ(
1707 3082 1800 3122 dico,
1817 3082 1912 3114 latam

1049 3126 1174 3166 culpam
1199 3136 1214 3156 a
1240 3125 1352 3157 nostris
1370 3125 1423 3157 sub
1442 3126 1519 3156 dolo
1546 3128 1737 3165 quandoque
1765 3133 1912 3165 compre-

1049 3166 1165 3198 hendi:
1192 3176 1255 3198 non
1274 3167 1345 3206 quia
1361 3167 1424 3202 est;
1448 3166 1553 3206 (nihil
1576 3166 1679 3203 enim,
1703 3165 1722 3197 fi
1750 3166 1833 3197 bene
1858 3174 1913 3204 po-

1048 3209 1135 3240 nitur
1160 3209 1321 3246 calculus,
1351 3207 1551 3278 aequeDdolo
1581 3207 1782 3246 adversatur,
1818 3214 1913 3246 quarn

1865 3255 1913 3277 or·-
