2036 3495
128 138 200 172 104
568 121 600 157 G
631 131 652 156 E
687 130 709 154 R
742 127 762 152 A
795 127 818 151 R
850 126 875 151 D
909 126 923 151 1
977 114 1017 151 N

134 217 273 254 Praetor,
295 211 399 255 potest
416 209 557 242 deterior
574 208 643 240 fieri
659 205 824 238 adversarii
848 204 1007 236 conditio.

138 258 276 290 Caderet
303 255 332 286 δι
358 253 441 283 circa
465 251 590 290 legata,
625 248 817 285 heredisque
839 245 1008 277 institutio-

135 308 211 331 nem
224 321 233 336 ,
256 295 432 327 dubitatio:
457 292 510 323 nisi
531 300 601 322 eam
618 288 801 328 occupasset
819 287 930 319 Paulus
946 287 965 318 l.
982 291 1010 321 8.

137 339 167 380 §.
186 349 213 379 3.
230 339 258 368 h.
276 342 297 366 t.
317 334 359 366 sic
373 332 527 365 scribens:
544 331 687 362 Heredem
700 328 892 369 instituendo,
909 328 956 359 vel
973 328 1010 358 le-

133 380 252 420 gando,
267 375 297 412 si
318 375 383 416 quis
408 374 529 412 alienet,
550 373 617 404 huic
643 370 744 403 Edicto
765 371 840 402 locus
865 379 922 401 uon
946 372 1011 400 erit.

137 419 256 451 Recte:
278 426 349 448 nam
368 416 440 456 quia
459 415 528 447 talis
552 414 702 445 alienatio
720 411 765 443 est
784 421 886 452 prope
903 420 1012 442 neces-

137 461 232 498 saria,
256 458 390 490 domino
422 467 469 488 res
491 456 557 487 suas
584 456 695 495 utique
717 462 821 484 morte
846 453 1013 484 relicturo:

141 501 217 542 quid
234 499 377 539 iniquum
395 498 458 538 est,
479 498 507 529 ei
524 495 679 537 indulgeri
697 493 796 526 solatii
813 494 908 531 loco,
932 502 966 524 ut
982 491 1015 523 in

141 544 279 574 amicum
292 549 389 581 quem
407 539 457 571 sua
474 538 701 570 benevolentia
718 546 780 567 non
799 536 962 575 indignum
973 544 1014 564 ar-

139 584 294 621 bitretur,
319 580 487 613 transferat
505 589 572 611 rem
590 588 684 619 quam
707 577 772 617 ipse
796 578 934 608 retinere
963 585 1015 606 ne-

141 625 231 665 quit3
256 633 316 655 nec
339 624 460 654 idcirco
483 621 630 653 credatur
653 621 742 651 litem
770 620 898 659 potius,
922 625 1017 656 quam

141 676 208 698 rem
229 664 425 698 transferre?
449 664 576 695 nemine
601 671 675 693 cum
693 661 816 692 ratione
839 658 961 690 futuras
986 658 1015 689 li·

144 717 191 740 tes
207 715 392 745 metuente,
416 705 467 736 ubi
486 704 568 735 nulla
586 704 656 734 erit.

182 749 353 782 Prohibuit
378 748 472 788 igitur
499 745 637 782 Praetor,
663 742 886 776 alienationem
910 740 1018 781 judicii

142 791 286 823 mutandi
312 787 401 820 causa
424 787 510 819 fieri:
536 788 566 818 &
587 794 620 817 ut
643 785 798 827 generalis
814 784 858 815 est
878 783 941 823 ejus
960 781 1018 812 ser-

144 842 221 872 m0;
244 834 286 863 ita
305 840 369 861 non
388 829 507 867 refert,
532 836 636 859 utrum
654 827 692 858 ab
713 826 820 858 aetore
845 834 883 855 an
909 833 925 854 a
943 832 1020 861 τεο,

143 872 198 905 fiat
218 873 386 910 alienatiO,
412 871 512 902 modo
536 879 572 901 ea
588 869 697 901 durior
710 876 764 898 aut
783 865 946 898 molestior
965 864 1019 895 ob-

144 915 270 955 jiciatur
286 912 492 944 adversarius,
516 911 642 951 utrique
661 917 750 941 certe
772 909 851 949 parti
872 915 1020 947 perteque

145 957 291 994 occurri,
314 954 438 994 paritati
455 953 585 984 rationis
607 951 771 983 convenit.
820 949 974 988 Exempla
993 957 1020 977 a·

145 997 327 1029 lienationis
344 1007 360 1026 a
380 1005 436 1026 reo
454 994 546 1026 factae
564 994 633 1024 sunt
657 992 822 1032 complura
839 991 865 1021 b.
882 997 902 1020 t.
927 987 972 1019 est
991 988 1020 1019 δε

147 1038 240 1071 factae
257 1039 296 1069 ab
314 1037 423 1069 actore
437 1037 569 1077 aliquod
587 1037 618 1066 in
636 1035 656 1067 l.
670 1043 713 1066 ii.
727 1035 786 1064 b.t.
807 1041 875 1073 quae
896 1030 940 1061 est
957 1038 1020 1059 non

148 1080 277 1122 indigna
295 1079 347 1110 hic
364 1078 498 1109 trattati.
532 1076 726 1116 Proponitui·
742 1073 847 1105 Titius
864 1070 1021 1110 posseffio-

149 1131 225 1159 nes,
250 1122 280 1152 id
299 1120 362 1160 est,
379 1119 519 1157 fundos,
545 1117 671 1150 donaffe
691 1117 793 1147 militi.
817 1118 841 1145 is
859 1114 947 1145 miles
965 1121 1020 1152 po-

150 1163 282 1195 stulabat
301 1161 354 1193 suo
373 1165 503 1192 nomine
521 1161 643 1201 litigare
662 1159 701 1189 de
720 1155 976 1198 pofl'effionibus:
994 1153 1025 1184 id

149 1205 215 1244 est,
231 1204 418 1236 consulebat
437 1203 630 1238 Prudentes3
646 1210 683 1231 an
705 1198 826 1240 posset,
842 1197 920 1228 ficut
937 1195 1023 1226 vole-

150 1247 225 1284 bat,
248 1256 300 1278 eas
324 1244 378 1275 suo
402 1246 532 1275 nomine
553 1243 715 1273 vindicare
733 1240 862 1271 utilibus
886 1236 973 1268 forte
995 1246 1024 1266 a·

152 1288 330 1320 {tionibusz
355 1294 389 1317 ut
413 1286 443 1316 in
468 1285 487 1315 l.
506 1285 558 1315 ult.
579 1284 610 1314 C.
636 1285 668 1313 cie
686 1284 778 1313 berea.
802 1280 847 1311 vel
868 1277 922 1310 αὲἶ.
937 1278 1023 1309 vend.

147 1331 203 1362 Ait
227 1328 403 1368 Ulpianus,
427 1326 488 1358 esse
512 1324 692 1365 responsum
710 1346 719 1362 ‚
742 1322 762 1354 si
788 1320 920 1353 donatio
948 1319 1024 1359 J‘udi-

150 1372 191 1404 cii
217 1370 357 1402 mutandi
380 1367 470 1399 causa
499 1366 594 1398 fuerit
617 1365 698 1396 faeta
716 1388 725 1403 ‚
761 1364 899 1404 priorem
924 1361 1020 1391 domi-

150 1421 228 1446 num
245 1411 381 1447 experiri
398 1417 560 1449 oportere.
598 1405 749 1446 Ulpianus
773 1402 944 1445 fignificat,
970 1410 1023 1441 pu-

154 1453 230 1487 tasse
247 1463 304 1485 eos
322 1454 375 1492 qui
394 1450 526 1481 consulti
543 1449 668 1479 fuerant
680 1472 689 1485 ,
713 1446 827 1478 Edicto
848 1446 953 1475 locum
979 1452 1023 1473 es-

153 1496 205 1536 se,
228 1495 336 1526 actore
356 1493 580 1523 alienationem
595 1487 703 1528 judicii
721 1487 861 1519 mutandi
878 1484 967 1516 causa
982 1483 1025 1514 fa-

153 1539 278 1570 ciente:
302 1535 444 1572 ideoque
465 1531 537 1563 fore
563 1531 759 1572 prudentiae,
787 1528 806 1560 ti
834 1527 876 1559 ita
892 1527 922 1558 se
940 1534 1023 1556 com·

153 1585 265 1621 parent
289 1574 395 1607 Titius
423 1574 451 1605 ἃ
475 1573 584 1611 miles,
607 1581 647 1603 ne
663 1571 751 1603 miles
770 1569 824 1601 suo
846 1568 1028 1609 experiatur

154 1619 305 1653 nomine:
332 1616 385 1648 sed
409 1615 497 1656 prior
523 1615 672 1646 domitius
699 1611 902 1653 poffeffiones
925 1609 1026 1639 vindi-

152 1669 206 1693 cet
224 1658 376 1701 perinde,
394 1657 476 1698 quasi
488 1654 637 1688 alienatio
655 1664 718 1685 noti
738 1652 813 1685 esset
832 1651 931 1683 faeta:
955 1651 1027 1689 quia

152 1704 218 1736 hoc
241 1702 341 1734 modo
368 1699 509 1730 creditur
532 1707 619 1736 rem,
643 1696 699 1728 illo
717 1696 804 1726 litem
822 1691 1026 1724 transtuliile:

152 1746 255 1778 altero
275 1741 452 1775 offenditur
469 1739 633 1776 Edictum,
657 1737 760 1768 altero
785 1745 859 1767 noti.
884 1736 959 1774 quin
981 1742 1025 1764 re-

152 1787 261 1819 stituta
277 1781 440 1825 possessori
457 1779 705 1823 pristinajudicii
722 1776 810 1809 causa
822 1801 830 1815 ‚
845 1778 874 1807 ei
892 1775 968 1807 nihil
986 1783 1031 1805 re-

145 1828 308 1868 -linquitur
333 1826 372 1856 de
393 1832 459 1863 quo
482 1831 658 1864 querarur3
682 1829 753 1851 cum
775 1819 838 1859 jam
861 1818 926 1858 ejus
953 1815 1030 1847 nihil

154 1868 286 1902 intersit.
317 1866 369 1897 Sic
386 1863 502 1896 censeo
517 1869 526 1903 ς
550 1864 579 1895 &
597 1862 752 1898 observo,
770 1861 833 1891 hoc
851 1857 1031 1896 responsum

157 1909 219 1943 esse
235 1919 276 1942 ex
292 1908 378 1940 libris
397 1904 597 1945 Opinionum
616 1902 765 1944 Ulpiani:
783 1903 812 1932 iti
830 1901 942 1940 quibus
960 1899 1031 1937 ille,

160 1952 249 1992 qnod
266 1951 294 1981 &
311 1950 398 1989 supra
414 1948 467 1978 sub
478 1946 593 1978 Titulo
611 1944 890 1986 Deprucuratoribus
903 1940 1031 1979 notavi,

159 1992 277 2033 scripsit
288 1990 414 2022 consilia
425 2013 434 2028 ,
450 1988 513 2020 sive
525 1988 681 2024 remedia,
698 1985 870 2026 prudentiae
884 1992 941 2023 pro
958 1983 1034 2012 mol-

160 2035 270 2068 liendo
287 2032 367 2072 Juris
380 2032 486 2071 rigore
505 2031 652 2065 inventa,
669 2037 737 2067 quae
753 2022 1034 2057 aModcliinoEu«

163 2075 315 2109 rematica
331 2073 541 2113 appellantur.
589 2069 663 2102 Hoc
681 2078 758 2099 vei-o
779 2065 947 2107 responso,
973 2066 1036 2096 sive

161 2116 313 2153 consilio,
330 2114 393 2145 sive
404 2114 565 2150 remedie,
582 2112 645 2142 duo
656 2109 854 2141 efficiuntur:
871 2116 966 2138 unum
980 2105 1036 2144 est,

163 2168 196 2191 ut
215 2158 256 2189 sic
278 2156 368 2196 possit
386 2156 472 2194 prior
494 2156 643 2185 dominiis
660 2152 781 2182 utiliter
797 2159 890 2190 agere
907 2149 950 2179 rei
971 2149 1035 2178 vin·

163 2200 343 2232 dicatione:
368 2206 428 2235 Qua
451 2195 540 2227 miles
567 2194 672 2233 priore
690 2193 780 2232 hujus
799 2190 901 2222 Edicti
923 2189 1036 2229 Capite

162 2250 256 2284 agere
273 2239 455 2279 impeditur.
471 2238 604 2268 alterum
622 2235 685 2272 est,
701 2235 789 2274 quod
807 2242 846 2264 eo
865 2232 964 2263 modo
981 2230 1036 2269 fit;

166 2283 297 2323 utprior
307 2281 454 2311 dominus
466 2279 565 2309 evitet
578 2285 699 2317 poenam
717 2275 848 2306 actionis
860 2274 889 2304 iti
903 2272 1037 2303 factum:

163 2334 244 2366 qua,
268 2322 459 2354 alienatione
476 2319 558 2350 fafta
575 2318 682 2357 judicii
702 2316 845 2348 mutandi
863 2314 972 2351 causa,
995 2321 1038 2344 te-

164 2375 257 2398 netur
276 2363 415 2395 secundo
441 2360 541 2392 Edisti
565 2359 697 2397 Capite:
721 2357 773 2389 nisi
794 2355 970 2388 adversario
988 2364 1037 2385 cu-

163 2409 211 2448 jus
228 2404 349 2437 causam
374 2403 497 2435 fecerat
519 2402 731 2437 deteriorem,
756 2398 914 2440 pristinam
929 2396 1038 2437 judicii

166 2447 287 2480 causam
307 2444 447 2477 restituat
464 2444 482 2474 l.
499 2453 528 2484 3.
547 2442 575 2485 §
594 2443 648 2474 ult.
667 2441 694 2471 h.
712 2448 734 2471 t.

209 2489 306 2520 Vetat
332 2486 427 2528 igitur
444 2485 582 2523 Praetor,
607 2481 830 2515 alienationem
846 2478 951 2521 judicii
972 2488 1036 2511 mu-

166 2528 252 2562 tandi
270 2528 430 2559 causatam
441 2527 480 2558 ab
491 2525 618 2564 aCtore,
635 2533 727 2564 quam
740 2533 754 2554 a
773 2532 848 2561 reo,
868 2520 944 2553 fieri.
965 2520 1037 2552 Nec

167 2569 264 2611 magis
280 2569 379 2600 refert
398 2569 481 2609 ejus,
506 2565 608 2608 qualia
630 2573 792 2597 mutentur
806 2562 941 2604 judicia:
966 2572 1036 2593 nam

165 2621 227 2644 nec
249 2610 299 2642 illa
323 2609 500 2649 distingu[t‚
524 2617 629 2640 utrum
655 2606 712 2638 sint
736 2605 766 2636 in
793 2614 858 2635 rem
875 2602 1036 2642 actiones,

166 2663 203 2685 aii
231 2651 290 2696 sint
315 2650 345 2682 in
370 2651 552 2688 personam,
579 2650 652 2680 dum
679 2647 736 2679 sint
760 2646 790 2677 in
809 2656 874 2677 rem
894 2645 1038 2685 scriptae,

167 2693 268 2734 qualis
279 2691 330 2737 ‚est
349 2691 429 2722 aftio
440 2692 478 2723 ad
496 2690 711 2722 exhibentium
724 2687 820 2722 tab.
831 2693 850 2718 t.
874 2695 927 2717 aut
945 2686 1040 2717 actio-

169 2745 226 2767 nes
244 2741 350 2765 mixtae
369 2739 433 2763 tam
452 2732 481 2763 in
500 2742 584 2770 rem,
608 2740 701 2770 quam
719 2729 749 2761 in
767 2729 952 2769 personam,
968 2737 1041 2768 qua·

168 2776 206 2810 lis
223 2775 268 2807 est
283 2773 366 2805 aCtio
385 2773 547 2804 communi
565 2772 741 2803 dividundo
759 2771 778 2801 l.
797 2770 850 2801 ult.
870 2771 897 2801 h.
915 2775 935 2800 t.
951 2770 970 2799 t.
989 2778 1038 2808 24.

169 2818 198 2860 §.
218 2827 243 2849 1.
264 2815 473 2860 D4Commun.
491 2815 582 2844 divid.
619 2813 671 2844 De
688 2811 813 2844 afflone
831 2821 917 2843 mere
934 2811 1037 2851 perso-

169 2860 230 2892 nali
249 2857 421 2890 dubitatur.
446 2864 482 2885 ac
500 2862 608 2886 movet
627 2854 720 2891 hinc,
743 2854 830 2894 quod
848 2851 975 2884 debitor
994 2851 1039 2883 in-

170 2903 239 2932 vito
262 2897 423 2930 creditore
448 2904 512 2927 non
538 2895 641 2935 potest
666 2895 758 2926 alium
777 2894 957 2926 debitorem
985 2892 1039 2924 suo

170 2943 246 2976 loco
265 2938 458 2982 substituere.
482 2935 555 2967 inde
574 2945 702 2979 movet,
720 2937 807 2975 quod
825 2934 978 2967 creditori
993 2936 1040 2975 jus

171 2983 216 3015 est
228 3006 237 3021 ,
261 2989 378 3013 nornen
395 2977 446 3010 alii
461 2978 575 3009 cedere
591 2976 692 3007 invito
710 2976 855 3008 debitore
874 2977 893 3009 l.
916 2985 939 3008 1.
958 2976 990 3007 C.
1008 2978 1041 3007 de

170 3030 272 3056 novat.
296 3023 324 3053 δι
346 3020 492 3053 Edictum
509 3017 570 3049 vim
594 3016 673 3047 suain
698 3027 787 3058 aeque
808 3017 941 3057 exserit,
966 3026 1041 3048 con-

171 3066 282 3097 ssituto
300 3062 427 3094 duriore
449 3060 573 3096 actore,
597 3067 690 3097 quam
708 3058 833 3089 diii-iore
851 3069 917 3089 reo.
964 3058 1040 3090 Non

171 3106 266 3148 igitur
283 3104 313 3136 in
334 3113 421 3135 mora
436 3102 480 3134 est
497 3099 595 3138 ratio,
619 3108 683 3138 quo
707 3097 807 3129 minus
835 3099 981 3131 Edictum
999 3110 1041 3132 ex

172 3155 261 3189 parte
283 3144 398 3177 actoris
424 3142 583 3183 pertingat
600 3142 638 3171 ad
656 3139 833 3179 personales
848 3140 1039 3172 creditores:

173 3188 267 3229 eique
293 3186 344 3217 cui
369 3185 449 3217 cessa
474 3184 509 3216 fit
528 3182 595 3215 talis
612 3180 714 3218 attio,
739 3190 774 3211 ea
792 3189 831 3210 ex
847 3179 910 3210 hoc
927 3181 1040 3220 Capite

172 3232 356 3272 denegetur.
380 3227 444 3261 Sed
461 3225 493 3260 id
510 3224 607 3262 visum
623 3222 747 3265 ¹Iacobo
758 3220 889 3262 Cujacio
899 3243 912 3261 ,
928 3220 968 3255 V.
978 3221 1038 3257 Cr..

1049 126 1237 153 oona·
1297 116 1503 152 COMM.

1051 206 1101 254 lili.
1120 216 1166 239 ιο.
1186 207 1308 247 Observ.
1327 217 1350 237 c.
1362 217 1390 248 3.
1414 204 1487 237 Nec
1504 214 1555 238 me
1573 211 1687 244 vexat,
1704 208 1790 245 quod
1806 207 1837 240 in
1853 210 1871 241 t.
1890 221 1925 242 u·

1052 257 1108 278 mc.
1131 248 1164 279 C.
1189 249 1239 280 Ne
1254 249 1299 279 lic.
1320 254 1427 291 potent.
1445 253 1553 286 patroc.
1572 248 1647 289 tiitg.
1662 245 1754 288 praess-
1775 249 1810 282 &³
1826 250 1845 280 l.
1860 257 1925 290 pen.

1057 288 1154 322 &ult
1169 290 1201 321 C.
1221 289 1360 321 Mandat.
1386 290 1442 320 filia
1461 288 1560 328 posita
1578 288 1647 319 sunt
1664 287 1800 320 remedia
1818 292 1854 321 ad
1872 300 1926 322 cov-

1057 333 1209 362 ercendas
1228 331 1391 363 nominum
1410 330 1564 361 cessiones
1582 329 1810 362 fraudulentas.
1843 330 1926 365 Nam

1057 371 1125 402 haec
1150 373 1216 404 sunt
1243 371 1453 412 posteriorum
1479 380 1687 410 temporum3
1711 381 1771 402 nec
1793 371 1926 412 impedi-

1056 420 1133 452 unt,
1157 423 1222 453 quo
1245 412 1347 445 minus
1373 412 1468 444 etiam
1487 413 1607 444 Praetor
1631 413 1779 444 adversus
1802 423 1853 446 eas
1870 413 1923 446 suo

1058 456 1156 485 modo
1173 463 1246 486 ante
1263 453 1465 485 consuluerit.

1100 494 1254 533 Nondum
1271 494 1390 526 absolvi
1409 493 1531 526 omnia:
1549 504 1619 526 cum
1637 494 1721 527 enim
1738 495 1780 527 ait
1791 495 1929 536 Praetor,

1061 537 1112 569 Ne
1130 547 1186 580 qua
1204 537 1338 567 alienatio
1348 536 1408 575 fiat
1419 538 1527 578 judicii
1547 538 1684 567 mutandi
1700 540 1803 574 caula:
1826 539 1930 570 adhuc

1060 579 1175 619 ambigi
1206 577 1316 616 postit,
1342 586 1445 609 utrum
1471 588 1505 609 ea
1531 580 1625 609 verba
1643 580 1681 611 de
1701 578 1870 620 praesente,
1894 589 1932 612 an

1061 621 1101 650 de
1125 618 1254 665 futuro,
1278 619 1507 659 accipiantur?
1533 630 1596 651 non
1623 621 1707 652 enim
1739 621 1788 652 vel
1810 621 1862 651 hic
1887 622 1933 652 di-

1062 660 1189 700 stinguit
1206 659 1336 691 Ptaetor.
1378 660 1439 692 Sed
1459 660 1535 692 mihi
1552 662 1676 701 placet,
1700 663 1739 693 de
1757 660 1866 693 futuro
1883 671 1933 693 ac-

1062 703 1188 742 cipere:
1211 701 1282 741 quia
1309 700 1478 741 praesertim
1498 703 1608 734 Paulus
1627 703 1646 735 l.
1666 707 1692 737 8.
1713 703 1731 745 §
1764 713 1788 734 i.
1805 704 1833 734 b.
1850 710 1871 734 t.
1896 704 1935 735 ad

1064 745 1133 774 haec
1159 743 1256 774 verba
1274 741 1400 772 secundi
1425 741 1562 782 Capitis,
1588 743 1661 786 Qua
1678 745 1811 776 alienatio
1822 744 1930 786 judicii

1062 785 1197 816 mutandi
1214 788 1300 828 causa
1315 782 1398 822 faCta
1414 784 1487 821 erit,
1511 784 1552 815 sic
1570 785 1693 821 scribit,
1721 786 1755 817 Id
1771 783 1828 825 est,
1851 787 1937 823 futu-

1063 827 1207 873 rijudicz'i
1223 833 1310 863 causa
1321 848 1330 862 ‚
1354 834 1410 855 non
1426 824 1486 865 ejus
1501 827 1575 866 quod
1590 826 1653 867 jam
1662 825 1711 864 sit.
1752 826 1938 866 Videlicet,

1064 868 1141 899 nihil
1168 876 1250 907 opus
1277 874 1343 896 erat
1369 866 1551 905 prospicere
1575 867 1696 906 judicio
1720 868 1781 908 jam
1806 877 1936 906 coepto:

1064 909 1192 949 quando
1209 917 1257 938 res
1274 907 1347 938 inde
1361 908 1472 945 incipit
1485 906 1710 948 esselitigiosa3
1729 910 1856 949 ejusque
1867 909 1940 940 alie-

1065 951 1194 982 natione
1213 959 1277 980 noii
1295 955 1431 979 mutatur
1446 948 1613 986 judicium:
1629 952 1704 988 quin
1719 952 1851 991 perinde
1869 960 1940 988 pro-

1064 992 1170 1027 cedit,
1194 999 1231 1021 ac
1251 989 1272 1021 fi
1290 999 1338 1020 res
1358 989 1493 1020 alienata
1510 999 1574 1021 non
1593 990 1709 1023 fuisset.
1739 992 1833 1030 quid,
1857 991 1878 1023 fi
1894 991 1940 1024 in-

1065 1032 1198 1064 terdicta
1222 1040 1352 1071 quoque
1378 1032 1442 1069 ejus
1466 1031 1617 1062 alienatio
1641 1031 1763 1064 fuerit?
1787 1040 1828 1063 ita
1853 1032 1940 1073 Papi-

1065 1076 1172 1106 nianus
1197 1073 1214 1104 l.
1227 1082 1261 1113 13
1290 1072 1327 1103 D.
1347 1071 1445 1102 Fanni.
1464 1072 1558 1113 erczst.
1585 1074 1613 1104 ἃ
1629 1074 1814 1113 exceptioni
1833 1074 1941 1107 locum

1067 1115 1146 1163 facit
1165 1113 1318 1155 Ulpianus
1334 1119 1353 1145 ι.
1369 1112 1418 1154 i.§
1445 1123 1465 1144 i.
1480 1112 1518 1145 D.
1534 1115 1567 1144 de
1582 1114 1656 1155 litig.
1679 1115 1796 1146 Similis
1812 1123 1865 1147 aut
1881 1125 1942 1147 ina·

1066 1156 1261 1202 Jorquaestio
1279 1156 1321 1186 est
1334 1179 1343 1193 ‚
1362 1155 1490 1195 quando
1508 1156 1697 1194 potissimum
1713 1157 1854 1188 Videatur
1872 1158 1944 1188 alie-

1068 1207 1155 1230 natio
1170 1197 1238 1229 fieri
1253 1197 1361 1237 judicii
1379 1197 1518 1227 mutandi
1536 1196 1650 1235 causat?
1674 1197 1735 1229 Sed
1753 1206 1849 1238 puto,
1875 1206 1942 1231 tum

1068 1239 1159 1278 fieri;
1176 1239 1196 1270 fi
1214 1248 1282 1276 quis
1297 1239 1466 1269 alienando
1484 1247 1549 1268 rem
1567 1238 1661 1270 aliurn
1680 1239 1772 1271 nobis
1790 1239 1945 1271 substituit

1069 1281 1292 1316 adversarium,
1302 1280 1398 1318 idque
1410 1280 1480 1309 data
1491 1289 1589 1319 opera
1600 1281 1629 1310 in
1640 1279 1784 1312 fraudem
1798 1281 1946 1313 nostram.

1070 1332 1173 1362 pone,
1198 1320 1378 1361 oppositum
1406 1321 1534 1351 alterius
1560 1322 1731 1359 provinciae
1758 1321 1944 1362 hominem,

1069 1372 1121 1395 aut
1137 1362 1354 1404 potentiorem
1366 1360 1573 1393 adversarium
1584 1385 1594 1400 ,
1610 1371 1663 1393 aut
1678 1363 1772 1394 alium
1785 1365 1838 1403 qui
1849 1373 1944 1395 vexa-

1070 1415 1158 1437 turus
1174 1403 1209 1436 fit
1227 1402 1444 1435 adversarium.
1472 1412 1540 1433 nam
1560 1402 1580 1434 fi
1599 1412 1672 1435 cum
1688 1414 1728 1435 eo
1745 1406 1796 1444 qui
1816 1406 1945 1437 alterius

1069 1447 1241 1487 provinciae
1259 1445 1321 1481 est,
1339 1453 1504 1485 experiar,
1521 1454 1550 1475 in
1569 1445 1648 1477 illius
1663 1446 1828 1486 provincia
1846 1455 1945 1486 expe-

1071 1489 1122 1520 riri
1142 1487 1267 1525 dcbeo3
1292 1486 1321 1516 ἃ
1345 1485 1581 1526 potentioribus
1599 1496 1688 1525 parts
1712 1486 1773 1518 esse
1789 1497 1852 1518 non
1873 1498 1947 1528 pos-

1071 1529 1175 1561 sumus
1192 1529 1208 1559 l.
1224 1538 1247 1559 1.
1267 1527 1286 1557 l.
1306 1537 1334 1558 2.
1353 1529 1370 1557 l.
1383 1538 1413 1565 3.
1430 1528 1447 1557 b
1474 1535 1494 1557 t.
1514 1527 1566 1557 Sic
1581 1527 1683 1566 liquet
1700 1528 1828 1567 injuria,
1845 1529 1874 1560 ὃς
1887 1530 1946 1560 do-

1072 1572 1119 1603 lus
1138 1571 1246 1601 maltis,
1274 1569 1371 1605 Atqui
1390 1568 1509 1599 Praetor
1529 1569 1589 1606 ait,
1608 1568 1658 1599 Ne
1671 1578 1730 1609 qua
1746 1569 1946 1609 alienatiofiat

1068 1613 1176 1654 judicii
1200 1612 1332 1641 nizitantiz'
1356 1613 1459 1644 caula:
1485 1618 1545 1640 nec
1570 1609 1634 1641 hoc
1658 1609 1772 1650 Capite
1790 1611 1839 1642 vel
1857 1612 1947 1644 mini-

1071 1663 1152 1684 mam
1172 1654 1236 1683 doli
1255 1651 1325 1682 mali
1344 1649 1421 1681 facit
1440 1652 1649 1683 mentionem.
1688 1651 1750 1683 Sed
1767 1650 1865 1684 visum
1883 1652 1946 1684 fuit

1070 1694 1264 1730 Veteribus,
1282 1692 1413 1732 perinde
1433 1694 1580 1733 accipere
1596 1692 1743 1726 Edictum
1758 1717 1765 1730 ,
1788 1703 1826 1725 ac
1842 1693 1860 1725 si
1879 1693 1947 1726 doli

1073 1737 1145 1769 mali
1165 1733 1373 1766 meminisset:
1392 1743 1489 1774 atque
1506 1743 1547 1764 eo
1565 1736 1688 1773 verius,
1705 1736 1778 1775 quia
1796 1737 1825 1767 in
1843 1735 1950 1767 secu-n-

1074 1780 1117 1810 do
1135 1777 1249 1815 Capite
1267 1776 1353 1808 illum
1373 1776 1474 1815 palam
1491 1774 1661 1807 desiderat:
1690 1784 1724 1807 ut
1741 1775 1887 1808 discimus
1904 1784 1946 1809 ex

1074 1820 1092 1851 l,
1112 1830 1134 1864 1·
1148 1818 1211 1854 &A
1223 1817 1289 1858 4.§.
1303 1827 1331 1859 3.
1349 1817 1375 1848 h.
1392 1823 1414 1848 t.
1432 1815 1803 1862 quid,fiintendentibus
1819 1821 1857 1849 ad
1868 1818 1947 1850 Prae-

1075 1869 1152 1906 toris
1179 1868 1429 1905 mentemknon
1449 1867 1534 1903 agit3
1557 1868 1597 1890 ne
1615 1858 1762 1890 alienatio
1780 1858 1850 1898 fiat,
1874 1869 1948 1893 cum

1075 1911 1135 1934 erit
1150 1903 1320 1942 judicium:
1339 1901 1389 1931 led
1406 1909 1445 1931 ne
1463 1902 1537 1931 ideo
1555 1898 1608 1931 fiat
1631 1900 1797 1938 alienatio,
1821 1909 1855 1933 ut
1869 1899 1950 1942 judi-

1077 1943 1161 1976 cium
1189 1942 1354 1975 mutetur?
1378 1940 1538 1981 improbat
1560 1941 1642 1973 enim
1661 1942 1857 1982 propofitum
1876 1942 1949 1974 alie-

1078 1984 1172 2017 nandi
1189 1994 1254 2029 non
1270 1983 1409 2022 idcirco,
1434 1993 1475 2014 ne
1491 1993 1558 2021 res,
1580 1983 1630 2014 sed
1649 1993 1688 2014 ne
1705 1983 1759 2022 lis,
1784 1982 1951 2015 transfera-

1080 2036 1129 2058 tur
1146 2036 1219 2058 eum
1235 2035 1264 2056 in
1279 2026 1373 2056 finem
1384 2048 1392 2060 ,
1406 2032 1439 2055 ut
1454 2023 1617 2055 molestior
1633 2023 1824 2064 objiceretur
1841 2025 1953 2056 adver-

1080 2067 1183 2099 sarius.
1208 2067 1250 2098 ita
1274 2076 1338 2097 non
1361 2065 1567 2096 alienationes
1594 2064 1717 2096 inhibet
1735 2066 1873 2105 Praetor,
1896 2065 1950 2098 sed

1080 2108 1287 2154 vexationes,
1312 2115 1468 2151 praetextu
1483 2105 1679 2139 alienationis
1695 2106 1859 2148 cogitatas.
1887 2106 1950 2139 Res

1080 2152 1239 2190 loquitur:
1264 2150 1291 2180 &
1309 2148 1515 2189 explicandus
1533 2146 1605 2179 hinc
1622 2147 1775 2189 Ulpianus
1794 2149 1813 2179 l.
1829 2159 1858 2187 4.
1874 2148 1902 2189 §.
1922 2158 1952 2182 1.

1079 2193 1106 2223 h.
1125 2199 1145 2223 t.
1165 2192 1260 2223 verba
1280 2188 1418 2230 Ulpiani.
1444 2191 1570 2229 Itemque
1580 2189 1649 2228 fieri
1661 2188 1768 2230 potest,
1784 2189 1887 2228 utstne
1903 2191 1950 2221 do-

1078 2234 1102 2265 lo
1117 2236 1230 2275 quidem
1248 2233 1319 2263 malo
1342 2230 1451 2268 desierit
1464 2230 1617 2272 poffidere,
1640 2240 1743 2262 verum
1762 2232 1871 2273 judicii
1885 2240 1950 2263 mu-

1081 2277 1163 2307 tandi
1180 2274 1265 2311 causa
1288 2276 1316 2304 id
1327 2273 1394 2312 fiat.
1412 2272 1487 2314 sunt
1510 2271 1546 2307 (9⁹
1563 2273 1622 2303 alia
1639 2273 1784 2313 complura
1800 2274 1880 2304 talia.
1900 2279 1951 2314 po·

1083 2315 1133 2358 test
1152 2323 1246 2348 autem
1262 2315 1367 2356 aliquis
1377 2316 1436 2344 dolo
1451 2314 1523 2345 ⁷12an
1540 2312 1662 2352 desinere
1674 2313 1827 2354 postidea,
1842 2324 1892 2345 uec
1907 2321 1952 2346 ta-

1083 2368 1145 2389 men
1158 2358 1268 2399 judicii
1284 2356 1419 2387 mutandi
1433 2358 1519 2395 causa
1536 2357 1565 2386 id
1575 2354 1693 2395 fesiffi's
1710 2364 1760 2386 nec
1779 2355 1829 2386 hoc
1848 2354 1951 2387 Editto

1083 2402 1183 2430 teneri.
1201 2408 1290 2440 neque
1306 2399 1382 2428 enim
1397 2397 1524 2434 alienat,
1542 2398 1594 2437 qui
1603 2398 1756 2427 dumtaxat
1770 2398 1875 2427 omittit
1887 2404 1952 2437 pos-

1072 2440 1231 2481 seffiouem.
1271 2449 1326 2469 non
1344 2447 1438 2469 tamen
1457 2439 1517 2479 ejus
1532 2436 1645 2476 fabium
1665 2438 1805 2478 improbat
1823 2437 1953 2470 Praetor:

1080 2484 1131 2523 qui
1152 2483 1228 2513 tanti
1243 2481 1341 2512 hahuit
1361 2489 1390 2510 re
1406 2488 1518 2516 carere,
1542 2488 1575 2509 ne
1591 2483 1704 2519 propter
1718 2488 1779 2509 eam
1796 2478 1900 2519 sapius
1916 2479 1953 2509 ti-

1080 2526 1191 2563 tigaret.
1216 2523 1272 2553 hcec
1297 2522 1371 2552 enim
1397 2520 1559 2551 verecunda
1582 2520 1715 2560 cogitatio
1732 2521 1793 2561 ejus
1817 2521 1867 2561 quz'
1888 2521 1953 2551 lites

1080 2570 1229 2596 execratur
1244 2587 1253 2601 ‚
1274 2573 1330 2593 non
1354 2561 1391 2601 est
1415 2562 1621 2601 vituperanda:
1640 2561 1689 2600 sed
1710 2561 1770 2603 ejus
1795 2562 1952 2594 dumtaxat

1081 2608 1209 2647 quicum
1231 2615 1288 2635 rem
1307 2605 1406 2634 habere
1420 2603 1505 2640 vult,
1530 2603 1606 2632 litem
1629 2603 1666 2633 ad
1681 2602 1770 2633 alium
1792 2604 1953 2644 transfert,

1082 2654 1114 2678 ut
1135 2644 1279 2687 molestum
1295 2645 1492 2679 adversarium
1503 2650 1555 2684 pro
1566 2648 1596 2682 se
1605 2644 1757 2684 sulijiciat.
1781 2643 1859 2676 Satis
1879 2644 1954 2675 obs-

1085 2698 1160 2719 cura
1176 2687 1243 2719 sunt
1260 2687 1327 2717 haec
1348 2687 1443 2716 verba
1460 2685 1488 2716 &
1506 2684 1593 2716 forte
1613 2684 1721 2716 mutila
1737 2684 1806 2718 illa:
1823 2686 1898 2716 Sunt
1915 2684 1953 2719 ἐξ·

1083 2730 1143 2761 alia
1164 2729 1309 2768 complura
1334 2728 1419 2758 talia:
1444 2725 1496 2757 nisi
1515 2733 1676 2758 mutarunt
1694 2727 1820 2766 locum3
1845 2726 1952 2758 autad

1083 2770 1243 2811 sequentia
1261 2768 1411 2810 spectant.
1452 2767 1637 2808 Utcumque
1652 2766 1726 2799 erit:
1748 2767 1875 2800 videtur
1891 2766 1953 2799 ess‘e

1086 2811 1210 2852 Ulpiani
1229 2811 1347 2847 sensus,
1367 2810 1539 2842 Praetoaem
1556 2808 1732 2849 postulare,
1748 2817 1783 2840 ut
1800 2809 1864 2842 duo
1879 2817 1954 2840 con-

1083 2861 1228 2898 currant}
1253 2851 1387 2893 primum
1408 2875 1418 2890 ,
1450 2858 1483 2882 ut
1506 2849 1655 2881 alienatio
1682 2851 1761 2881 faeta
1786 2849 1821 2882 fit
1846 2847 1953 2891 judicii

1084 2896 1226 2926 mutandi
1248 2893 1353 2925 causa:
1377 2892 1510 2930 deinde,
1536 2900 1570 2922 ut
1594 2891 1630 2923 sit
1654 2891 1734 2923 facta
1759 2892 1835 2923 dolo
1853 2892 1953 2922 malo:

1084 2946 1144 2968 nec
1160 2935 1189 2967 ei
1206 2935 1347 2967 sufficere
1365 2935 1561 2965 alterutrum.
1587 2932 1654 2964 fieri
1678 2932 1760 2964 enim
1790 2932 1895 2973 poffe3
1918 2937 1954 2962 ut

1084 2977 1153 3022 quis
1171 2977 1286 3008 habeat
1304 2975 1500 3016 propositum
1516 2973 1656 3006 mutandi
1669 2971 1793 3014 judicii,
1812 2970 1953 3012 quamvis

1085 3020 1126 3051 nil
1145 3027 1215 3059 agat
1232 3019 1310 3049 dolo
1338 3018 1437 3048 malo:
1461 3017 1490 3048 ὅ(
1510 3015 1640 3047 vicissim
1659 3014 1725 3046 fieri
1741 3013 1845 3052 posse,
1869 3021 1901 3043 ut
1919 3021 1951 3042 a·

1083 3069 1136 3103 gat
1154 3061 1230 3090 dolo
1249 3060 1350 3097 malo;
1368 3057 1443 3090 licet
1461 3068 1525 3089 non
1545 3057 1658 3088 habeat
1675 3053 1811 3085 animum
1829 3059 1953 3084 mutari-

1084 3101 1114 3133 di
1129 3100 1247 3141 judicii.
1272 3099 1317 3132 Sit
1334 3100 1516 3139 exemplum
1534 3097 1644 3138 prioris
1662 3097 1762 3126 casus:
1784 3093 1806 3124 fi
1821 3093 1890 3133 quis
1907 3092 1953 3124 vi-

1083 3145 1177 3179 detis,
1202 3141 1257 3173 sibi
1279 3142 1351 3173 fote
1377 3150 1443 3172 rem
1468 3149 1541 3171 curn
1568 3137 1725 3179 pluribus,
1749 3134 1839 3166 alicui
1858 3134 1952 3165 cedat

1082 3183 1288 3224 poffeffione,
1311 3192 1351 3214 ne
1368 3181 1476 3222 saepius
1493 3181 1606 3212 debeat
1623 3176 1752 3217 litigare.
1777 3175 1846 3207 haec
1862 3184 1952 3206 vere-

1083 3225 1187 3257 cunda
1203 3222 1359 3267 cogitatio
1376 3223 1441 3263 ejus
1461 3221 1515 3262 qui
1532 3220 1604 3255 lites
1620 3223 1801 3258 execratur,
1825 3214 1951 3258 non-est

1872 3262 1953 3290 vul-l!
