2108 3479
534 115 699 163 VITA
754 126 799 163 v.
851 128 888 163 c,
941 127 1244 166 GERARDI
1293 105 1556 171 Noonrz‘

201 194 254 243 Ab
281 206 338 242 illo
361 203 435 238 sane
462 209 618 248 tempore
641 228 651 245 ‚
682 201 719 237 ἅ
745 202 848 238 tribus
874 202 1051 249 postremis
1075 205 1156 241 vitae
1183 206 1278 242 annis
1296 235 1306 249 ,
1349 209 1384 244 in
1418 209 1488 245 dies
1513 211 1619 258 magis
1647 211 1678 247 se
1704 209 1873 248 debilitari
1895 211 1930 249 aa

149 253 424 293 nimadvertebat.
476 250 533 284 Sic
563 252 655 285 enim
681 251 737 285 ille
757 252 797 285 ad
832 264 886 287 me
911 252 995 287 datis
1023 253 1139 288 litteris
1158 281 1167 296 ‚
1202 257 1315 291 mense
1337 258 1478 306 Augusto
1503 260 1595 294 Anni
1625 260 1777 305 vigesimi
1806 263 1926 308 quarti.

147 333 173 351 ‚‚
199 305 259 340 Me
282 300 370 347 quod
394 299 540 342 adtinet,
568 299 801 335 infirmitatem
825 301 1088 347 ingravescentis
1111 302 1287 339 fenea-uris
1317 305 1437 341 sentire
1461 307 1609 353 incipin,
1632 309 1832 356 ingressurus
1852 311 1923 345 bre<

149 381 174 398 „
200 352 234 386 vi
258 360 381 384 annum
414 348 578 383 ostavum
606 347 643 384 ἃ
676 347 967 395 septuagesimum.
1028 350 1153 386 Habeo
1186 361 1300 388 tamen
1322 355 1447 401 gratias
1472 368 1571 403 agere
1602 357 1679 393 Deo
1713 359 1858 404 Optimo
1886 358 1926 396 &

147 427 172 446 „
197 399 374 440 Maximo,
402 397 497 443 cujus
519 395 688 433 beneficio
712 407 810 432 aetate
835 407 902 433 tarn
932 399 1049 445 grandi
1073 398 1168 434 fruor
1193 400 1262 436 fine
1288 404 1431 446 morbo,
1459 404 1528 440 sine
1552 405 1690 449 dolore,
1731 407 1764 442 id
1787 405 1855 450 est,
1883 405 1924 442 fi-

143 464 169 493 „
196 460 238 482 ne
264 446 361 481 causa
385 445 538 492 querelae.
568 457 669 487 nam,
698 455 735 479 ut
761 445 924 489 antehac,
954 447 999 482 ita
1025 458 1116 482 nunc
1145 449 1276 496 semper
1298 449 1395 487 hilari
1418 451 1456 487 ὅ(
1481 452 1561 488 laeto
1586 455 1656 490 sum
1681 455 1813 491 animo:
1850 455 1922 491 five

140 522 168 539 ,‚
196 495 255 531 slm
279 495 380 538 solus,
406 493 477 529 sive
502 506 579 529 cum
604 494 686 529 aliis.
737 494 948 540 Praecipuum
980 497 1107 532 malum
1133 497 1200 541 est,
1229 499 1317 545 quod
1343 500 1392 535 ire
1416 499 1455 536 δι
1477 503 1650 538 ambulare
1666 530 1676 546 ,
1711 514 1748 538 ut
1770 504 1818 539 fui
1849 503 1923 539 soli-

142 571 166 589 „
193 555 260 587 tus,
287 554 353 578 non
380 541 512 589 possum
541 543 618 585 diu,
646 541 885 578 deficientibus
913 544 1051 580 viribus.
1078 545 1181 581 etiam
1206 547 1316 582 minor
1340 547 1474 584 somnus
1495 550 1538 586 de
1560 551 1614 587 die
1636 551 1785 595 amiffas,
1820 551 1923 589 nocte

141 612 166 638 ,‚
193 602 322 638 reparat
351 592 474 627 minus.
532 591 666 626 Idcirco
698 591 836 627 coaetus
865 592 935 627 sum
957 593 1025 628 hoc
1048 605 1137 630 anno
1167 595 1368 632 contrahere
1399 595 1550 634 laborem
1576 596 1720 644 meum,
1757 609 1835 636 curn
1858 611 1921 646 pu-

140 660 168 686 „
191 641 339 683 blicum,
366 651 437 676 tum
462 640 656 687 privatum:
682 639 899 687 fatigantibus
921 652 976 677 me
994 642 1066 689 jam
1094 641 1210 679 studiis
1228 671 1236 686 ,
1268 656 1344 692 quae
1373 655 1451 681 ante
1471 646 1696 685 oblefflmban‘t.
1755 650 1819 685 Sed
1846 649 1921 685 haee

140 713 166 734 ,‚
195 691 266 726 sunt
297 690 494 725 communia
519 687 709 724 senectutis.
761 690 932 726 Adversus
957 702 998 726 ea
1018 690 1172 726 solatium
1198 689 1248 727 est
1266 720 1275 735 ,
1310 695 1398 740 quod
1422 694 1506 730 mihi
1532 695 1603 731 sero
1629 695 1843 741 inciderunt,
1872 696 1921 733 fe-

138 761 166 784 „
192 750 230 774 re
262 738 356 774 finita
379 739 531 784 Operum
559 748 714 773 meorum
740 737 915 774 editione:
950 750 1025 786 quae
1048 739 1182 775 fortass'e
1210 740 1321 777 fuiffet
1343 744 1451 778 minus
1477 752 1655 788 accurata,
1690 744 1714 781 si
1740 746 1829 792 quod
1860 746 1919 781 ali-

137 804 163 833 5,
191 787 349 834 quamdiu
374 787 424 822 fui
450 787 577 822 veritus
594 813 603 829 ,
631 786 830 830 imperfesta
853 798 914 828 ea,
942 798 998 823 me
1022 787 1292 833 deprehendisset
1315 801 1427 833 mors,
1457 802 1490 827 ut
1513 791 1612 839 signis
1627 793 1829 839 quibusdam
1848 804 1916 831 non

136 860 162 881 „
188 837 287 872 valde
307 836 402 872 bonis
427 836 608 871 videbatur
634 835 769 870 minari.
818 836 935 871 Habes
965 835 1128 872 summam
1155 837 1258 881 vitae,
1286 842 1386 885 quam
1412 839 1493 875 scire
1515 841 1716 887 desideras„
1742 842 1814 879 &a
1866 843 1920 880 Ita

136 885 266 921 Noster
287 884 330 920 de
354 884 409 919 suo
433 883 517 919 statu
538 895 594 919 me
621 883 800 919 certiorem
828 883 997 928 faciebat,
1031 890 1134 932 quum
1158 886 1306 922 mitteret
1331 899 1460 923 novam
1486 889 1575 924 illam
1600 891 1756 936 Operum
1780 892 1917 928 suorum

135 934 342 975 editionem,
370 934 465 979 prelo
484 933 556 980 jam
581 942 777 968 exeuntem.
830 933 972 968 Duobus
994 933 1089 977 haec,
1117 933 1226 969 forma
1248 935 1397 971 maxima
1406 948 1419 980 3
1446 937 1690 975 Voluminibus
1722 939 1919 977 constabat:

135 984 191 1018 vel
216 982 283 1017 solo
306 981 430 1017 charcae
454 980 492 1017 ἃ
523 991 686 1027 typorum
708 981 819 1016 nitore
843 982 990 1027 priorem
1015 982 1116 1029 longe
1137 983 1305 1028 superans.
1897 1019 1899 1021 ,

185 1031 272 1080 Quae
296 1042 380 1065 vero
398 1029 494 1076 signa
511 1042 568 1065 non
583 1030 673 1065 valde
694 1031 772 1064 bona
788 1029 917 1065 Noster
937 1033 1148 1066 memorabat
1165 1032 1198 1066 in
1216 1042 1313 1077 parte
1331 1033 1515 1070 litterarum
1544 1035 1641 1082 supra
1666 1035 1850 1085 descripta,
1876 1047 1917 1074 ea

134 1091 227 1115 certe
245 1080 321 1114 talia
337 1077 451 1121 fuiss'e,
480 1079 563 1114 tristi
579 1076 696 1124 postea
714 1079 805 1113 exitu
825 1078 922 1113 nimis
941 1081 1205 1124 comprobatum·
1223 1080 1282 1115 est.
1336 1082 1411 1118 Plus
1432 1083 1531 1119 semel
1556 1086 1647 1120 enirn
1676 1096 1820 1123 tentatus
1842 1086 1916 1122 fue-

133 1140 184 1164 rat
201 1127 443 1165 acceflionibus
463 1126 660 1172 quibusdam
690 1127 916 1172 Apoplexiae,
945 1127 1099 1163 liberatus
1128 1139 1262 1172 tamen,
1289 1130 1366 1165 Deo
1393 1131 1594 1176 auxiliante,
1627 1135 1664 1169 &
1693 1135 1785 1171 fideli
1812 1146 1918 1182 opera

134 1177 352 1213 Celeberrimi
377 1175 507 1211 Medici
531 1175 567 1211 ἃ
599 1174 783 1209 Medicinae
810 1175 1021 1219 Professorss,
1050 1176 1096 1211 V.
1123 1177 1175 1214 Cl.
1198 1177 1371 1214 Hermanni
1396 1181 1566 1217 Boerhave.
1623 1183 1688 1218 Sed
1714 1184 1850 1221 tandem
1871 1185 1918 1221 ita

136 1226 302 1262 recruduit
325 1225 376 1259 vis
394 1223 525 1265 morbi,
554 1233 588 1258 ut
609 1223 725 1258 omnia
741 1224 889 1259 remedia
908 1225 1073 1261 vinceret.
1366 1267 1367 1270 Ἰ
1700 1238 1703 1240 ·

183 1273 290 1309 Feriis
316 1271 435 1307 aestivis
460 1271 550 1307 Anni
577 1271 674 1316 hujus
699 1272 820 1308 Saeculi
849 1272 1003 1320 vigesimi
1026 1274 1157 1320 quinti,
1192 1274 1227 1310 in
1252 1273 1414 1322 praedium
1439 1276 1599 1313 rusticum
1621 1278 1819 1317 dileetiffimi
1849 1282 1915 1317 Ge„

134 1323 205 1358 neri
228 1321 293 1364 sui,
319 1321 469 1355 Harlemo
499 1320 587 1356 haud
616 1321 717 1367 longe
745 1320 869 1356 distans
886 1348 896 1365 ,
930 1322 1104 1358 secefferat
1131 1323 1284 1368 Noster,
1329 1335 1362 1360 ut
1387 1326 1522 1361 solebat.
1574 1327 1640 1363 Die
1663 1330 1801 1377 Augusti
1825 1330 1917 1365 deci-

132 1383 189 1406 ma
213 1371 328 1414 tertia,
363 1371 452 1404 circa
479 1369 596 1404 horam
630 1368 806 1415 septimam
837 1371 1056 1414 matutinam,
1098 1384 1191 1408 nova
1214 1373 1341 1420 ingruit
1364 1374 1567 1421 Apoplexiae
1591 1376 1745 1414 acceffio.
1796 1379 1918 1414 Voluit

134 1420 189 1456 ille
211 1429 292 1454 tunc
311 1418 500 1465 Lugdunum
523 1415 714 1466 transferri:
740 1416 778 1454 <Sc
798 1418 854 1454 sub
878 1420 1050 1456 meridiem
1068 1431 1169 1456 curru
1194 1421 1314 1458 vectus
1331 1449 1342 1465 ,
1376 1422 1411 1458 in
1434 1423 1521 1459 aedes
1546 1424 1617 1460 suas
1646 1426 1763 1470 rediit,
1804 1426 1851 1462 fic
1870 1427 1916 1462 sa-

133 1470 174 1504 tis
194 1468 280 1504 bene
307 1467 338 1503 se
360 1466 497 1502 habens.
549 1467 596 1502 At
625 1478 709 1502 vero
732 1466 824 1503 malo
849 1467 966 1512 postea
990 1468 1246 1505 'recrudescente
1262 1496 1271 1513 ,
1300 1470 1337 1507 &
1362 1472 1470 1518 magis
1491 1483 1531 1508 ac
1555 1474 1662 1521 magis
1678 1474 1916 1523 ingravescen-

131 1527 184 1560 te,
213 1526 358 1551 mortem
384 1515 710 1562 adpropinquantem
735 1514 815 1551 forti
841 1518 1025 1552 admodum
1055 1517 1092 1554 ἃ.
1119 1518 1178 1565 pio
1206 1519 1322 1554 animo
1352 1519 1478 1556 sensit:
1513 1521 1633 1570 dieque
1658 1523 1796 1571 Augusti
1847 1526 1916 1560 eci-

129 1577 188 1602 ma
214 1565 326 1612 quinta
350 1565 498 1600 animam
524 1564 655 1611 placide
677 1562 873 1608 exhalavit,
907 1576 1013 1602 annos
1045 1576 1141 1602 natus
1164 1566 1375 1614 septuaginta
1406 1569 1534 1615 septem
1550 1597 1560 1614 ,
1602 1570 1640 1607 δε
1660 1573 1788 1608 menses
1813 1574 1916 1609 unde-

129 1615 210 1651 cim.
266 1614 419 1649 Cadaver
443 1612 514 1659 ejus
531 1639 541 1655 ,
584 1612 665 1649 navi
687 1612 917 1649 transvectum
941 1615 974 1650 in
1000 1616 1142 1662 patriam
1172 1616 1304 1652 Urbem
1338 1618 1533 1664 Neomagum
1548 1646 1559 1664 ,
1594 1619 1643 1655 ibi
1670 1621 1724 1656 die
1749 1621 1916 1668 vigesima

131 1664 248 1712 quinta
276 1662 429 1709 ejusdem
454 1660 577 1697 meniis
604 1661 787 1708 repositum
817 1662 866 1698 est
889 1662 924 1699 in
949 1663 1102 1709 sepulcro
1122 1673 1266 1711 paterno
1288 1675 1536 1714 maternoque:
1569 1668 1618 1704 ita
1639 1669 1731 1705 enim
1757 1669 1915 1716 suprema

130 1713 308 1749 voluntate
326 1710 462 1758 jusserat
483 1710 682 1753 defunctus,
718 1719 759 1746 ut
780 1710 935 1747 liberaret
955 1712 1059 1749 fidem
1079 1731 1089 1756 ,ς
1123 1725 1223 1761 quam
1252 1714 1322 1760 ipse
1356 1716 1464 1751 Matri
1503 1715 1586 1752 olim
1610 1718 1737 1763 petenti
1761 1718 1912 1756 dederat.

131 1763 186 1797 Ab
209 1760 307 1796 initio
337 1761 459 1803 etiam,
487 1759 520 1795 in
544 1759 694 1806 ejusdem
714 1759 838 1796 Matris
863 1760 1050 1805 honorem,
1075 1761 1114 1798 <Sc
1136 1772 1173 1797 ut
1195 1761 1293 1797 fimul
1312 1763 1345 1798 se
1368 1763 1414 1799 ita
1437 1765 1624 1801 secerneret
1649 1767 1690 1802 ab
1715 1767 1830 1803 alienis
1851 1768 1914 1803 Fa-

129 1809 250 1852 miliis‚
278 1809 402 1842 Noodtii
423 1818 549 1843 nomen
574 1808 767 1854 gerentibus
787 1834 797 1851 ,
832 1809 1042 1855 cogitaverat
1072 1811 1114 1846 de
1154 1811 1293 1846 nomine
1316 1812 1462 1847 Biesman
1493 1813 1557 1848 suis
1579 1813 1782 1850 inferendo:
1823 1816 1915 1863 quod

131 1869 238 1905 quum
265 1853 460 1903 neglexisset
485 1855 517 1889 in
549 1856 648 1890 titulo
673 1855 774 1900 primi
800 1856 923 1901 Operis
939 1883 948 1899 ,
987 1856 1162 1892 confilium
1192 1859 1272 1893 illud
1297 1857 1416 1902 postea
1439 1859 1573 1904 abjecit.
1624 1862 1782 1898 Ceterum
1809 1876 1829 1899 e
1857 1865 1915 1900 Li-

130 1908 240 1949 beris,
268 1915 351 1951 quos
378 1903 408 1938 ei
442 1903 542 1937 Uxor
565 1907 761 1948 pepererat,
800 1903 953 1945 unicam,
987 1903 1092 1938 etiam
1122 1905 1187 1938 hac
1218 1905 1387 1940 moriente
1415 1906 1625 1953 superstitem
1642 1936 1652 1952 ‚
1688 1910 1807 1946 Filiam
1835 1912 1912 1949 reli-

131 1956 224 2000 quit,
250 1952 417 1988 SARAM
445 1951 734 1992 ADR1ANAM‚
761 1959 900 1996 nuptam
924 1950 975 1994 ei,
1011 1951 1053 1986 de
1080 1963 1148 1998 quo
1167 1952 1239 1997 jam
1269 1952 1359 1996 dixi,
1392 1953 1641 1993 Consultiffimo
1675 1957 1765 1993 Viro
1790 1960 1914 2005 Joanm·

127 2005 214 2039 Ham
237 2014 299 2038 van
321 2002 378 2036 den
398 2000 486 2036 Ende
500 2026 510 2042 ,
537 1999 620 2034 Filio
643 1998 810 2034 Abrahami
825 2010 887 2034 van
906 1999 962 2035 den
980 2000 1089 2044 Ende,
1117 1999 1334 2038 Celeberrimi
1352 2003 1522 2049 quondam
1540 2005 1626 2042 inter
1650 2006 1913 2055 Amstelodamen-

119 2052 173 2101 fis
190 2050 373 2086 Advocati.
763 2090 766 2093 .
1026 2081 1028 2083 ,
1055 2079 1060 2083 ,

177 2100 262 2135 l'l'A
287 2099 396 2142 vixit,
422 2098 467 2134 ita
492 2105 644 2135 mortuus
666 2097 715 2135 est
734 2098 800 2135 Vir
818 2110 970 2148 magnus.
1020 2099 1150 2137 Manca
1165 2106 1278 2137 tamen
1304 2108 1402 2148 atque
1416 2099 1618 2149 imperfeRa
1645 2102 1718 2139 haec
1735 2104 1816 2141 ess'et
1835 2117 1911 2142 nar-

128 2150 230 2191 ratio,
258 2147 318 2183 nifi
334 2148 407 2183 rudi
432 2149 545 2183 saltem
566 2149 724 2194 penicillo
740 2160 814 2195 quae
839 2148 965 2197 fingula
984 2152 1154 2197 pertinent
1173 2151 1214 2186 ad
1240 2151 1410 2195 animum,
1438 2151 1633 2199 ingenium,
1659 2164 1808 2200 corpuS,
1836 2165 1908 2192 m0=

129 2210 182 2234 res
199 2198 336 2239 Nooa'cii,
363 2197 533 2233 delineare
555 2197 665 2232 adhuc
682 2208 834 2233 conarer.
1090 2229 1093 2231 ,

175 2246 331 2292 Eleganti
355 2243 418 2282 fuit
442 2246 551 2291 specie
570 2273 580 2288 ,
623 2245 746 2280 statura
768 2247 951 2289 eminenti,
983 2247 1169 2284 firmiffima
1202 2249 1357 2295 corporis
1395 2247 1665 2286 constitutione:
1705 2261 1740 2287 ut
1773 2255 1834 2299 per
1858 2262 1908 2289 to·-

129 2304 199 2330 tam
225 2295 359 2336 vitam,
394 2293 416 2328 fi
441 2306 569 2339 paucos
597 2305 638 2329 ex
667 2294 846 2339 postremis
875 2295 969 2331 annis
991 2297 1128 2338 demas,
1166 2298 1360 2333 valetudine
1401 2297 1473 2332 usus
1498 2297 1601 2334 fuerit
1633 2300 1789 2344 optima,
1825 2301 1907 2337 virin

128 2344 192 2378 bus
216 2342 318 2378 animi
348 2343 430 2387 pari.
491 2343 584 2378 Felix
610 2344 710 2378 index
737 2343 863 2386 faciei,
904 2344 1000 2380 frons
1024 2346 1199 2392 tranquilla
1228 2345 1265 2382 ὃς
1299 2346 1412 2382 serena
1431 2373 1440 2389 ,
1483 2347 1596 2382 vultus
1622 2349 1732 2383 comis
1749 2376 1760 2392 ,
1793 2351 1906 2386 candi-

128 2393 207 2434 dus,
235 2392 408 2437 benignus.
461 2392 582 2427 Sermo
606 2391 739 2436 hilaris,
774 2403 942 2430 amoenus:
980 2395 1148 2430 urbanitas
1173 2395 1314 2438 nativa,
1349 2395 1391 2431 ab
1424 2396 1517 2431 omni
1540 2394 1622 2431 fuco
1646 2395 1683 2432 ἃ
1710 2397 1906 2445 scrupulosi-2

129 2450 199 2476 tite
217 2441 332 2475 aliena.
1428 2474 1431 2476 .
1502 2457 1507 2461 ·

179 2489 316 2524 Sincera
339 2487 376 2525 δι
398 2489 542 2525 mascula
566 2489 702 2537 religio,
729 2491 835 2537 pietas
859 2503 901 2526 ex
923 2491 996 2526 veri
1020 2491 1094 2527 luce
1121 2500 1219 2535 nata,
1254 2501 1348 2527 extra
1375 2490 1517 2535 fastum,
1554 2492 1842 2539 superstitionem,
1866 2494 1904 2532 δε

128 2537 373 2573 simulationem
401 2537 515 2584 posita.
576 2539 668 2574 Vitae
692 2539 844 2575 sanctitas
867 2538 1023 2575 summa:
1060 2542 1224 2587 aequitas‚
1259 2540 1461 2588 integritas,
1503 2541 1610 2584 fides,
1653 2541 1745 2578 flecti
1772 2544 1902 2580 nesciae.

128 2586 232 2621 Nulla
257 2585 404 2627 invidia,
424 2587 532 2621 nullus
553 2587 662 2629 livor,
691 2589 780 2623 nulla
805 2588 901 2631 odia,
929 2588 1018 2623 nulla
1037 2588 1196 2623 simultas.
1249 2588 1344 2625 Nulli
1365 2589 1514 2633 inimici,
1549 2590 1607 2637 qui
1629 2602 1746 2637 aperte
1769 2592 1850 2628 tales
1871 2594 1903 2629 se

129 2634 278 2681 profiteri
304 2635 472 2670 auderent.
524 2635 626 2670 Fidus
650 2635 687 2672 &
712 2636 871 2672 studiosus
895 2637 1046 2672 amicus:
1088 2649 1168 2684 erga
1194 2637 1332 2684 quosvis
1360 2637 1528 2674 officiosus
1545 2666 1554 2682 ,
1597 2649 1631 2675 ut
1659 2640 1715 2687 qui
1747 2641 1787 2676 ad
1815 2641 1902 2677 benc

130 2683 324 2718 merendum
353 2683 395 2719 de
418 2695 541 2730 genere
569 2684 735 2726 humano,
762 2695 922 2732 quantum
951 2684 1073 2732 posset,
1102 2697 1216 2721 natum
1239 2686 1270 2722 se
1301 2696 1442 2732 putaret.
1492 2687 1589 2723 Pacis
1619 2687 1655 2724 ἃ
1687 2690 1900 2736 tranquillita—

131 2731 171 2767 tis
195 2731 448 2774 amantissimus,
484 2744 623 2767 omnem
649 2731 795 2769 cauffam
818 2735 964 2768 rixarum
982 2734 1018 2769 <Sc
1041 2734 1248 2769 diffidiorum
1266 2734 1395 2771 summa
1418 2747 1498 2772 cura
1514 2736 1676 2784 fugiebat.
1714 2738 1900 2773 Acerrimas

133 2779 305 2824 aliquando
331 2781 364 2815 in
387 2781 580 2817 Academiis
606 2782 707 2816 variis
724 2809 733 2824 ,
762 2793 901 2828 quarum
924 2794 999 2828 pars
1022 2783 1102 2825 fuit,
1146 2785 1380 2819 contentiones
1402 2787 1486 2819 ortae
1514 2785 1610 2820 sunt:
1653 2785 1694 2821 iis
1715 2797 1900 2833 numquam

132 2825 196 2860 sese
216 2827 413 2871 immiscuit;
438 2829 494 2871 ἃ,
521 2830 613 2875 quod
637 2829 895 2874 difficillimum,
921 2841 1047 2866 certam
1071 2832 1163 2867 viam
1190 2833 1424 2879 rationemque
1447 2833 1600 2878 invenit,
1626 2845 1705 2869 curn
1723 2835 1897 2878 omnibus,

130 2886 149 2908 a
176 2885 382 2923 quacumque
409 2889 502 2924 parte
527 2878 670 2921 starent,
698 2880 914 2915 concorditer
940 2889 1054 2915 tamen
1079 2881 1228 2916 vivendi.
1280 2883 1311 2916 A
1337 2881 1447 2916 litibus
1469 2882 1635 2927 imprimis
1667 2883 1831 2918 litterariis
1860 2882 1898 2918 fi-

128 2923 161 2957 bi
185 2922 300 2963 cavit,
333 2936 472 2969 quarum
504 2926 639 2962 occasio
676 2928 707 2963 ei
734 2939 803 2963 non
840 2927 998 2964 defutura
1026 2927 1121 2973 fuit,
1159 2930 1183 2964 fi
1217 2929 1348 2965 animus
1379 2930 1543 2966 tantillum
1573 2930 1699 2966 tulisset.
1751 2932 1899 2969 Memini

125 2970 253 3015 ipsum,
282 2971 425 3011 triennio
444 2975 576 3010 circiter
603 2986 679 3011 ante
709 2987 871 3017 mortem,
909 2977 1003 3012 suum
1030 2977 1119 3013 hunc
1149 2978 1320 3014 adfestum
1353 2977 1563 3015 familiariter
1593 2979 1629 3015 &
1654 2978 1820 3022 candide,
1863 2981 1898 3016 in

122 3019 238 3054 litteris
259 3019 300 3054 ad
324 3028 380 3054 me
405 3021 505 3063 datis,
533 3023 740 3070 significasse.
776 3026 862 3063 ,Non
888 3027 979 3060 habeo
1004 3027 1098 3062 dicere
1123 3035 1169 3062 me
1194 3028 1329 3062 eruditas
1356 3029 1504 3074 ejusmodi
1526 3030 1594 3063 lites
1619 3039 1781 3072 numquam
1796 3040 1899 3064 amas-

115 3067 170 3115 se:
187 3067 272 3112 scis,
308 3079 356 3103 me
380 3069 501 3115 evitaffi„²
521 3082 571 3104 eas
584 3071 714 3119 semper.
768 3074 886 3108 Verba
914 3074 985 3110 sunt
1004 3102 1013 3118 ,
1058 3076 1177 3121 quibus
1208 3076 1372 3111 utebatur.
1440 3077 1486 3111 Ut
1513 3075 1623 3111 mirari
1647 3087 1714 3122 ego
1741 3076 1815 3112 satis
1842 3089 1900 3113 ne-

119 3127 254 3161 queam,
282 3115 346 3151 effe
373 3119 430 3163 qui
459 3119 558 3153 talem
592 3122 692 3157 animi
723 3123 1013 3158 mansuetudinem
1042 3125 1130 3159 vitio
1166 3124 1236 3159 fere
1261 3125 1291 3160 ei
1319 3133 1466 3160 vertant.
1534 3122 1636 3172 Quasi
1663 3124 1787 3161 scilicet
1820 3126 1899 3162 Viri

120 3164 248 3199 Eruditi
279 3166 317 3199 ad
340 3166 423 3201 bella
450 3167 485 3201 &a
511 3178 637 3213 pugnas
662 3171 726 3206 nati
748 3170 866 3206 ellent:
896 3182 952 3206 aut
978 3184 1079 3207 nemo
1105 3174 1269 3219 patienter
1297 3171 1387 3207 ferre
1412 3180 1535 3217 queat,
1560 3172 1736 3218 opiniones
1760 3173 1831 3209 suas
1857 3176 1900 3210 ab

121 3213 201 3297 alii}
215 3214 408 3298 imp-{ignari
424 3242 434 3260 ,
472 3215 508 3252 ni
530 3217 612 3254 velit
634 3217 669 3254 in
694 3219 916 3267 suspicionem
942 3221 1116 3258 incurrere
1146 3221 1351 3289 pervicaciae
1369 3247 1377 3262 ,
1417 3230 1474 3257 aut
1503 3220 1715 3259 CCsssciesstiae
1737 3222 1898 3275 defiCJPn·

196 3273 254 3300 om.
306 3289 313 3297 .
1331 3271 1351 3293 ἢ*
1378 3279 1397 3304 2
1821 3280 1903 3306 tium
