2036 3495
146 117 216 157 ,μδ

748 103 1059 138 GERARnt
1108 99 1342 135 Noonr

890 211 1104 247 CAPUT
1161 210 1206 245 X.

829 287 881 322 De
897 287 986 321 nudis
1005 286 1260 322 conventionibus.

213 394 323 437 xposui
341 391 576 425 conventiones
599 390 713 431 quibus
732 389 835 422 subest
850 389 937 422 causa
954 390 1028 430 Jure

154 401 204 472 E
227 436 322 470 Civili
340 434 534 476 approbata,
559 442 628 473 quae
645 433 882 463 conventiones
902 440 1028 463 contra-

152 481 219 511 Ctus
237 477 445 518 appellantur.
485 474 662 515 Sequentes
681 473 760 505 stant
775 474 805 505 in
828 473 881 505 suo
898 474 1029 505 nomine

152 522 171 552 i.
190 531 218 561 7.
236 520 265 562 §.
287 529 311 550 1.
332 517 374 549 D.
391 518 424 548 de
435 515 547 556 patus,
571 515 601 547 &
619 515 725 555 placiti
742 514 807 546 fine
823 515 843 546 l.
861 525 909 555 27.
935 515 968 546 C.
996 516 1029 546 de

152 563 240 593 locato
258 560 294 595 ὅ)
309 558 455 590 condutio.
483 558 529 589 hae
546 557 696 588 dicuntur
710 557 800 588 nudae
818 556 981 596 paffiones
999 557 1029 588 d.

151 604 170 634 l.
188 613 217 644 7.
236 603 265 644 ᾗ.
284 612 322 642 4;
348 601 376 632 &
403 600 493 631 nudae
518 599 753 630 conventiones
769 597 788 630 l.
812 607 858 629 10.
880 598 912 628 C.
931 599 963 628 de
974 605 1029 638 pa—

155 645 225 680 &in
244 645 272 676 ἃ
289 642 378 684 pasta
396 643 479 673 nuda
494 642 523 672 cl.
540 640 560 671 l.
579 649 637 680 273
655 640 684 671 &
702 639 791 680 paCta
809 638 871 670 sola
887 639 906 670 l.
926 649 975 679 23.
996 639 1029 670 C.

154 688 189 718 de
203 686 391 727 pignoribus,
406 683 425 714 l.
442 692 507 713 122.
521 681 563 712 D.
579 682 612 712 cie
628 682 776 712 verborum
791 681 1030 722 obligationibus,-

155 729 185 759 ἂ
205 727 277 760 solae
297 725 532 757 conventiones
551 723 571 754 l.
593 731 639 763 15.
659 722 692 754 C.
712 723 745 753 de
764 721 1031 753 transnstionibns:

157 779 222 810 quo
248 768 347 800 modo
373 765 489 797 dicitur
512 763 576 796 sola
593 763 772 803 proprietas
788 764 807 795 l.
827 767 875 804 36.
894 763 922 805 §.
944 773 967 794 1.
988 762 1031 794 D.

155 813 189 842 de
206 808 382 849 usufrustn,
406 817 423 837 a
439 815 500 847 qua
518 804 605 837 abest
621 804 832 844 ususfruClus3
855 806 933 836 item
952 805 1035 837 nuda

155 853 286 884 traditio
302 851 320 881 l.
331 858 380 891 31·
394 847 436 879 D.
451 849 485 879 de
500 848 677 889 adquirendo
693 856 789 878 rerum
806 848 927 877 dominio
938 870 947 886 ,
963 856 1034 888 quae

156 894 202 925 est
220 893 282 925 fine
299 890 390 923 causa
407 899 447 921 ex
464 899 525 930 qua
541 889 606 921 liat.
651 887 750 920 Tales
775 889 1032 927 conventiones,

157 936 230 976 quia
247 940 396 975 putantur
412 941 520 962 carere
536 930 622 962 civili
637 929 745 968 causa,
761 929 834 976 jure
854 929 948 961 Civili
967 939 1033 962 non

158 977 319 1008 habentui·
337 973 589 1005 conventiones:
607 980 713 1011 eoque
733 971 909 1009 destitutae,
928 980 1033 1012 neque

157 1019 283 1059 pariunt
300 1016 479 1053 astionem,
496 1023 602 1053 neque
620 1013 756 1045 tollunt:
779 1012 831 1044 sed
849 1022 889 1043 ex
909 1012 971 1043 hoc
991 1012 1034 1044 E-

158 1060 246 1092 dicto
262 1068 317 1090 reo
333 1056 507 1098 proficiunt
522 1056 560 1087 ad
577 1055 817 1094 exceptionem.
858 1053 1032 1094 Ulpianum

158 1101 231 1132 audi
248 1100 267 1131 l.
279 1099 346 1141 7.§.
360 1108 389 1138 4.
402 1097 443 1129 D.
459 1098 492 1128 ile
503 1096 607 1138 postis.
633 1096 694 1128 ait:
719 1096 774 1127 Sed
789 1105 854 1126 cum
872 1095 954 1126 nullu
969 1097 1034 1134 sub-

158 1140 197 1183 eJl
219 1147 305 1181 causa
316 1164 325 1180 ‚
342 1145 458 1181 propter
475 1139 691 1169 conventionem
707 1137 752 1168 hic
767 1135 876 1178 constat
892 1147 949 1168 non
961 1136 1036 1178 poffe

160 1182 297 1223 conllitui
307 1182 512 1222 obligationem.
530 1181 624 1221 igitur
637 1180 717 1210 nuda
727 1178 823 1219 pattio
838 1178 1036 1220 obligationem

160 1235 217 1257 non
230 1225 332 1265 parit,
347 1223 401 1263 secl
416 1224 499 1262 parit
522 1222 723 1261 exceptionem.
766 1221 817 1251 Sic
836 1220 1036 1261 interpunxit

157 1266 348 1298 Taurellius.
380 1262 482 1295 sensus
508 1261 656 1302 Ulpiani,
680 1262 911 1302 obligationem
929 1284 938 1299 ,
965 1271 1036 1303 pro-

159 1316 231 1348 pter
246 1307 361 1338 nudam
377 1304 647 1342 conventionem,
665 1302 728 1334 sive
745 1312 878 1344 propter
894 1312 1036 1334 conven-

160 1350 283 1381 tionem
300 1357 370 1388 quae
387 1346 444 1377 stat
459 1346 490 1377 in
508 1345 561 1376 suo
578 1346 728 1381 nomine,
745 1343 809 1376 five
827 1354 895 1384 quae
914 1352 1037 1375 tantum

163 1390 208 1422 est
223 1388 420 1426 conventiO,
445 1396 510 1418 non
528 1385 616 1427 poffe
635 1385 802 1417 constitui:
820 1395 860 1416 eo
878 1386 983 1424 quod,
1002 1393 1037 1416 ut

160 1432 277 1464 Sextus
299 1429 447 1462 Caecilius
470 1429 554 1466 apud
578 1428 616 1458 A.
642 1426 785 1458 Gellium
810 1426 857 1458 lib.
876 1436 926 1458 20.
947 1426 1036 1458 Noti.

159 1474 253 1506 Attic.
272 1482 295 1504 c.
318 1481 343 1503 1.
368 1471 430 1507 ait,
455 1468 552 1499 Fidem
567 1469 688 1508 majores
704 1466 794 1508 nostri
810 1469 842 1498 in
858 1469 1037 1509 negotiorum

160 1512 536 1549 contratinzissanxerunt.
553 1507 729 1549 significans
741 1532 751 1548 ,
768 1507 929 1540 Romanos
940 1507 1037 1540 fidem

156 1565 224 1588 non
241 1551 411 1584 sanxissein
428 1550 701 1582 conventionibus
717 1550 862 1590 qualibus
872 1550 1036 1591 qualibus„

157 1595 214 1628 sed
235 1596 266 1626 in
289 1591 564 1625 conventionibus
592 1591 632 1622 ad
655 1591 728 1622 vitae
750 1591 836 1623 usum
851 1592 925 1632 Jure
941 1591 1037 1624 Civili

158 1636 360 1678 approbatis:
377 1642 494 1673 easque
504 1632 741 1665 conventiones
752 1634 882 1675 negotia
892 1634 942 1665 vel
959 1642 1035 1665 con-

158 1678 275 1710 trattus
292 1675 472 1718 appellaffe.
516 1673 590 1706 Nec
607 1681 715 1706 tamen
734 1674 775 1706 sic
793 1674 891 1707 visum
913 1674 1039 1706 Veteri-

159 1721 237 1752 bus:
261 1719 351 1759 quod
374 1717 517 1757 iniquum
541 1723 709 1757 putarent,
730 1716 828 1748 etiam
843 1717 917 1749 alias
934 1716 1037 1748 custo-

159 1760 316 1802 dirirpat'li
332 1759 447 1791 fidem:
465 1757 517 1790 sed
535 1758 623 1798 quod
639 1757 844 1799 respicientes
859 1758 898 1789 ad
912 1757 1037 1789 suorum

159 1797 279 1835 civium
301 1801 545 1838 conditionem,
568 1799 693 1831 nollent
716 1799 818 1830 videri
835 1800 946 1840 paCla,
971 1801 1039 1839 qui-

158 1846 219 1877 bus
245 1853 309 1876 non
335 1841 471 1874 subesset
488 1841 654 1882 negotium
671 1841 711 1872 ad
727 1842 800 1872 vitae
819 1841 1037 1873 necessitatem

160 1887 291 1929 publice
306 1891 485 1925 receptum.
505 1892 602 1923 quare
619 1883 681 1913 huc
697 1882 875 1914 devenere:
892 1890 927 1914 ut
943 1882 1038 1914 intet-

160 1934 381 1969 pretarentur‚
406 1933 548 1957 naturam
568 1923 698 1963 jubere,
723 1923 836 1955 servari
862 1924 951 1964 patta
972 1933 1037 1956 non

164 1970 269 2011 qualia
286 1968 407 2009 qualia,
424 1967 475 1998 sed
494 1966 582 1997 utilia
598 1972 651 1996 aut
667 1964 847 1996 neceffaria.
873 1966 945 1996 talia
961 1975 1039 1997 vero

165 2021 230 2043 non
246 2010 342 2050 ipsam
358 2008 511 2046 definire,
529 2007 581 2038 sed
597 2006 780 2046 reipublicae
797 2005 978 2038 definienda
994 2017 1041 2038 re-

167 2053 319 2092 linquere.
344 2051 418 2081 huic
435 2058 532 2090 porro
551 2057 616 2079 non
632 2049 827 2080 convenire:
845 2055 879 2079 ut
896 2048 1042 2080 homines

165 2095 308 2135 egregrie
335 2093 424 2124 leves
450 2098 503 2122 aut
527 2090 619 2122 nimis
649 2088 760 2121 faciles
783 2090 1039 2135 quibuscumque

166 2134 423 2175 promistionibus
441 2141 562 2164 temere
580 2139 794 2172 caperentur;
810 2140 882 2162 cum
900 2132 931 2163 id
948 2132 1041 2162 mini-

165 2186 216 2208 me
235 2176 355 2206 vellent
369 2185 378 2214 ;
394 2183 482 2205 certe
498 2182 630 2214 quarum
645 2181 722 2204 mox
737 2173 927 2213 poenitentia
943 2173 1039 2204 duce-

166 2225 294 2250 rentur:
318 2215 470 2255 exemplo
490 2214 647 2255 Apollinis
665 2216 749 2255 apud
767 2212 922 2245 Ovidium
942 2214 990 2245 lib.
1009 2224 1037 2246 2.

169 2258 365 2298 metamorph.
397 2256 496 2297 igitur
513 2255 589 2295 quid
608 2254 679 2287 est?
703 2255 828 2296 pafitum
847 2256 967 2288 nudum
985 2254 1041 2287 etfi

167 2299 363 2341 paciscentes
373 2305 482 2329 teneat
497 2297 701 2337 naturaliter,
718 2298 790 2338 quia
805 2297 890 2328 civili
904 2297 971 2338 jure
988 2306 1040 2328 ne-

191 2342 316 2382 ligitur,
339 2339 498 2371 actionem
514 2348 578 2370 non
595 2339 685 2379 parit.
702 2339 799 2379 idque
816 2337 1041 2370 Diocletianus

168 2353 201 2415 {a
221 2381 434 2414 Maximianus
454 2380 593 2421 probant
608 2380 627 2411 l.
647 2390 698 2416 27·
717 2380 750 2412 C.
773 2382 806 2411 de
821 2380 909 2412 locato
928 2380 964 2415 δ’)
979 2389 1042 2413 con-

171 2423 255 2455 clusio
266 2448 274 2461 ‚
292 2424 319 2455 δι
335 2430 408 2454 ante
425 2432 481 2454 eos
495 2421 676 2453 Alexander
691 2422 711 2453 l.
727 2431 774 2454 10.
792 2421 825 2453 C.
841 2423 873 2452 de
885 2422 997 2461 pastis,
1013 2431 1044 2452 e-

172 2468 246 2497 tiam
265 2465 375 2496 Paulus
391 2464 438 2495 lib.
457 2473 484 2494 2.
503 2463 631 2495 Sentent.
649 2463 695 2494 tit.
717 2473 762 2504 14.
780 2462 808 2504 ἓ.
830 2472 853 2494 1.
874 2463 977 2495 Mitto
993 2464 1047 2495 Se·

171 2516 281 2539 necam
306 2506 351 2536 De
365 2504 506 2543 beneficiis
520 2505 569 2536 lib.
585 2516 615 2545 5.
633 2515 660 2536 c.
675 2514 726 2537 21.
773 2504 879 2536 Verba
903 2505 1044 2537 Senecae.

174 2547 277 2579 Multa
293 2547 380 2587 legem
398 2556 454 2577 non
471 2547 592 2584 habent,
608 2556 659 2577 nec
675 2546 835 2578 unionem.-
850 2548 887 2577 αα
903 2557 965 2588 quae
981 2556 1046 2578 con-

164 2590 288 2631 suetudo
306 2590 373 2618 vitae
391 2590 540 2626 humanae,
563 2588 622 2629 lege
639 2590 715 2619 omni
731 2588 895 2626 volentior,
915 2591 965 2620 dat
981 2589 1044 2620 ncli-

175 2637 246 2662 tum.
272 2629 366 2660 Nulla
383 2629 429 2660 lex
440 2630 541 2671 jubet,
557 2630 716 2661 clinicorum
732 2630 839 2665 socreta
857 2639 914 2661 non
932 2630 1041 2671 eloqui,

172 2672 254 2704 nullu
272 2669 415 2708 lexfidem
429 2672 514 2701 eiiam
529 2672 642 2702 inimico
655 2669 799 2712 praestare.
844 2670 919 2715 Quae
943 2671 988 2702 lex
1006 2672 1044 2702 ad

172 2716 203 2746 icl
216 2710 410 2754 praeftandum
426 2721 474 2742 nos
491 2713 564 2752 quod
587 2712 678 2743 alicui
690 2711 891 2753 promisimus,
914 2712 1044 2755 alligat?

211 2763 293 2786 ueror
316 2758 411 2783 tamen
435 2762 498 2783 cuin
521 2763 548 2783 eo
573 2756 624 2794 qui
644 2764 786 2786 arcanum
806 2757 965 2794 sermonem
987 2763 1044 2784 non

175 2795 368 2832 continuerit,
385 2792 420 2827 &²
431 2792 518 2832 fidem
534 2795 630 2826 clatum
642 2819 651 2834 ,
667 2805 717 2826 nec
733 2795 894 2834 servatam,
912 2797 1045 2836 indigna-

156 2842 232 2870 Ἴων.
283 2836 404 2867 Seneca
422 2833 582 2874 distinguit
599 2837 687 2876 quod
704 2837 836 2877 estjuris
855 2837 957 2868 civilis
973 2861 982 2875 ‚
1003 2838 1043 2868 ab

175 2890 216 2912 eo
234 2877 322 2919 quod
342 2875 387 2907 est
403 2877 568 2907 naturalis:
590 2878 688 2917 dicit,
705 2879 838 2910 alterum
854 2878 915 2910 eii'e
933 2888 1043 2910 neces·

174 2922 291 2955 iitatis,
316 2919 449 2949 alterum
475 2916 666 2950 honestatis:
689 2929 730 2951 ex
756 2920 820 2950 hoc
843 2930 961 2960 genere
983 2920 1045 2952 ess'e

176 2960 415 3006 promissionem
431 2959 563 2989 nudam:
581 2967 649 2990 eam
666 2961 770 2992 valere
787 2965 870 3001 apud
886 2962 989 2993 bonos
1001 2962 1045 2993 vi-

176 3015 249 3038 ros:
268 3011 299 3034 at
316 3003 347 3033 in
362 3001 428 3041 jure
446 3000 611 3038 improbos
629 3009 693 3031 non
711 3002 903 3043 adstringere
919 3003 1047 3034 neceffi-

177 3056 254 3079 tate.
280 3044 378 3085 igitur
397 3051 436 3073 ex
453 3041 540 3072 nudo
561 3040 655 3086 patto
673 3041 744 3079 Jure
757 3043 849 3075 Civili
869 3054 933 3076 non
952 3045 1047 3076 nasci-

177 3098 228 3120 tur
245 3082 344 3118 affio:
369 3093 429 3115 nec
447 3082 585 3114 tollitur:
602 3082 632 3112 &
649 3083 721 3112 ideo
740 3082 760 3113 si
778 3093 839 3123 ego
859 3086 993 3118 debeam
1012 3087 1048 3117 ti·

176 3130 208 3161 bi
222 3140 261 3161 ex
280 3126 448 3165 stipulatu,
468 3124 557 3154 verbi
576 3124 693 3164 gratia3
712 3123 742 3155 ἃ,
759 3124 874 3156 deinde
891 3129 1047 3165 paciscar,

177 3181 218 3202 ne
243 3177 351 3206 petas,
374 3166 582 3198 nihilominus
607 3165 728 3205 poteris
752 3165 897 3196 adversus
916 3177 965 3198 me
981 3169 1048 3207 jure

178 3212 264 3245 civili
287 3209 435 3250 experiri.
469 3207 609 3246 scilicet,
633 3207 705 3248 quia
731 3205 761 3238 id
780 3206 906 3247 pactum
924 3218 963 3239 eo
980 3211 1048 3248 jure

1072 388 1186 421 nullius
1196 389 1352 420 momenti
1369 388 1521 421 habetur:
1545 396 1650 430 neque
1662 388 1758 430 magis
1769 389 1813 422 est
1828 393 1940 425 modus

1070 429 1238 469 finiendae,
1261 440 1356 471 quam
1371 429 1602 462 constituendae
1621 429 1838 470 obligationis.
1861 433 1943 466 inte-

1071 472 1130 503 rim
1146 470 1268 503 Praetor
1282 472 1481 513 indignatus,
1499 471 1558 502 liae
1573 471 1605 503 in
1622 470 1727 512 specie
1742 471 1808 505 falli
1824 472 1940 515 fidem,

1072 521 1169 552 quam
1187 513 1299 545 servari
1318 513 1348 544 &
1367 520 1477 545 natura
1493 512 1619 552 suadet,
1638 513 1667 544 <it
1684 514 1811 553 publica
1826 516 1942 548 utilitas

1073 554 1208 585 tollendi
1227 555 1315 585 omni
1328 555 1427 586 modo
1444 555 1533 586 lites:
1553 554 1616 586 hoc
1633 553 1750 586 Editio
1768 557 1942 597 promittit,

1074 595 1197 626 servare
1215 595 1306 634 patra
1323 596 1437 636 quibus
1455 597 1666 633 convenitur,
1682 605 1723 627 ne
1740 605 1885 637 petatur3
1901 608 1945 629 et-

1074 636 1094 668 fi
1112 635 1185 676 Jure
1201 637 1289 668 civili
1302 636 1361 668 fint
1375 638 1507 669 inutilia.
1539 638 1582 669 At
1599 647 1663 669 non
1681 638 1767 670 idem
1785 640 1885 671 edixit
1897 663 1906 677 ‚
1921 639 1942 671 fi

1074 685 1110 709 ut
1129 678 1239 715 detur,
1264 678 1315 709 vel
1331 677 1402 717 fiat,
1427 679 1553 719 pastum
1570 687 1769 711 conventum
1786 679 1832 711 sit.
1856 681 1946 712 nimi-

1075 728 1164 757 rum,
1190 719 1263 758 quia
1286 728 1351 751 non
1376 720 1454 752 ficut
1479 721 1741 761 liberationibus,
1766 722 1808 752 ita
1825 722 1947 763 obliga-

1078 760 1220 791 tionibus
1238 760 1346 793 favet:
1369 762 1536 793 arbitratus
1550 786 1559 801 ,
1582 762 1715 794 alterum
1733 763 1872 804 publicae
1890 765 1947 795 uti·

1077 801 1157 833 litati
1182 803 1359 833 convenire
1374 826 1384 842 ‚
1408 803 1541 834 alterum
1565 802 1720 841 refillere3
1745 812 1779 835 ut
1802 804 1892 845 supra
1914 814 1948 836 o-

1076 842 1187 875 stendi.
1214 843 1369 875 veriffime
1389 845 1483 886 igitur
1499 844 1671 885 Ulpianus,
1688 844 1815 877 Nudam
1832 846 1950 885 pactio-

1076 894 1150 916 nem
1165 893 1229 915 non
1247 893 1357 925 parere
1372 886 1603 927 obligationem
1616 909 1624 924 ‚
1641 886 1694 918 sed
1708 888 1948 928 exceptionem.

1076 935 1137 957 nec
1154 924 1197 956 sat
1216 924 1300 965 scio,
1317 936 1355 958 an
1374 927 1413 959 ad
1432 928 1496 958 hoc
1514 935 1567 958 aut
1584 926 1682 960 fimile
1698 928 1844 970 respiciat
1859 928 1949 961 Plau-

1077 975 1145 1005 tus,
1172 966 1333 999 Aulularia
1350 979 1378 1000 2.
1397 978 1425 1000 2.
1442 970 1518 1008 veis.
1536 973 1585 1003 81.

1115 1026 1168 1032 -—
1182 1026 1235 1032 --
1250 1008 1296 1040 At
1304 1010 1381 1049 scio,
1391 1019 1445 1051 quo
1460 1020 1511 1041 vos
1522 1009 1605 1050 ραὲἶο
1612 1010 1732 1048 fiileotis
1741 1012 1949 1053 perplexarier.

1114 1049 1240 1082 Pastum
1263 1061 1321 1082 non
1339 1051 1460 1091 pubium
1480 1049 1538 1092 cst,
1560 1061 1617 1083 non
1627 1052 1747 1093 patiam
1759 1053 1880 1095 pubium
1895 1052 1950 1095 cst,

1158 1093 1234 1133 quocl
1249 1094 1329 1124 vohis
1345 1093 1429 1125 lubet.

1078 1131 1141 1164 Res
1158 1133 1251 1165 clara.

1118 1173 1185 1206 Nili
1203 1176 1351 1209 tenebras
1368 1175 1540 1208 offundunt
1560 1176 1660 1217 impp.
1679 1176 1902 1210 Diocletianus
1921 1177 1952 1210 δε

1078 1214 1291 1248 Maximianus
1315 1218 1335 1248 l.
1363 1229 1392 1257 5.
1419 1218 1452 1250 C.
1476 1220 1508 1248 de
1535 1219 1729 1250 contrahenda
1744 1218 1952 1260 stipulatione,

1078 1257 1183 1289 verbis
1202 1257 1418 1298 sequentibus.
1464 1260 1559 1290 Nuda
1572 1261 1778 1300 pollicitatione
1788 1261 1953 1301 secundum

1078 1307 1111 1328 ea
1135 1308 1197 1339 quae
1209 1299 1285 1340 saepe
1307 1298 1461 1339 constituta
1484 1304 1573 1341 sunt,
1597 1303 1634 1332 nd
1654 1299 1817 1343 praeslanda
1840 1313 1872 1333 ea
1892 1311 1956 1343 quoe

1077 1341 1266 1380 promiserat,
1289 1342 1388 1383 urgeri
1414 1352 1586 1383 quemquam
1600 1353 1659 1374 non
1676 1346 1788 1384 semper
1805 1344 1879 1384 jura
1890 1351 1956 1383 per-

1082 1380 1214 1413 mittunt.
1242 1382 1353 1414 Vnum
1369 1385 1503 1425 quoniam
1515 1390 1649 1424 proeterecz
1660 1407 1668 1422 ‚
1679 1383 1708 1423 fi
1723 1391 1823 1416 contra
1835 1385 1957 1426 paetum

1072 1421 1198 1461 fecerit,
1221 1425 1326 1463 quanti
1342 1434 1373 1455 ea
1392 1434 1435 1455 res
1452 1423 1490 1465 esi
1502 1448 1511 1463 ,
1536 1427 1602 1457 dari
1618 1427 1670 1456 ziln‘
1678 1424 1837 1467 stipulanti
1853 1428 1958 1458 adver-

1072 1464 1188 1502 sarium
1217 1470 1300 1495 tuum
1321 1465 1475 1506 prcnnfiffe
1492 1473 1655 1507 proponam
1681 1468 1846 1509 hujusmodi
1869 1469 1957 1498 etium

1080 1503 1261 1545 obligationis
1273 1505 1335 1547 post
1348 1514 1453 1538 motam
1467 1508 1544 1539 litem
1558 1507 1680 1548 extitzffe
1694 1510 1900 1547 conditionem,
1916 1507 1955 1543 δέ*

1080 1545 1143 1585 ejus
1158 1548 1280 1586 summae
1307 1558 1368 1589 quae
1384 1549 1416 1578 in
1433 1549 1486 1579 hnc
1502 1558 1613 1590 quoque
1623 1550 1813 1590 stipulatione
1830 1551 1958 1581 contine-

1081 1592 1149 1625 tur,
1169 1589 1302 1628 petitioni
1318 1589 1535 1629 locumfabtum
1556 1590 1607 1631 effe
1625 1592 1767 1623 convenit.
1814 1592 1866 1623 Sic
1889 1591 1956 1631 illi,

1080 1628 1339 1668 atqueobscure.
1367 1630 1419 1662 sed
1435 1630 1548 1663 faciam
1565 1634 1668 1665 lucem
1686 1642 1778 1673 quam
1795 1642 1861 1665 non
1880 1633 1958 1664 dant

1081 1668 1167 1700 inter
1193 1677 1276 1702 retes
1292 1672 1396 1713 magni
1413 1679 1509 1712 atque
1526 1675 1661 1713 eruditi,
1677 1683 1741 1706 non
1757 1675 1956 1706 animadver-

1081 1710 1110 1741 sa
1127 1710 1177 1742 fat
1195 1712 1202 1742 i
1222 1711 1344 1753 specie:
1367 1712 1493 1755 fingunt
1509 1721 1599 1745 certe
1616 1716 1725 1754 aliam,
1742 1724 1836 1756 quam
1854 1715 1958 1757 impe-

1081 1752 1240 1784 ratoribus
1260 1754 1464 1795 propositam.
1497 1758 1645 1795 ponenda
1665 1757 1760 1798 igitur
1776 1758 1836 1789 erit
1852 1766 1958 1796 nova,

1081 1800 1135 1824 aut
1161 1794 1269 1833 potius
1296 1803 1405 1834 vetus,
1429 1805 1498 1837 qum
1526 1796 1571 1828 est
1596 1797 1688 1838 ipsius
1709 1798 1799 1839 legis.
1829 1808 1898 1831 eam
1915 1798 1958 1830 fic

1081 1836 1233 1876 concipio
1249 1846 1343 1877 quam
1360 1837 1591 1878 fimpliciffime.
1626 1840 1776 1872 Creditor
1793 1840 1843 1872 cui
1861 1839 1958 1872 debe-

1080 1877 1173 1908 batur
1191 1886 1231 1908 ex
1248 1886 1362 1910 mutuo
1379 1887 1431 1910 aut
1457 1889 1498 1912 ex
1516 1880 1681 1921 stipulatu,
1705 1889 1759 1913 aut
1784 1891 1824 1913 ex
1842 1882 1905 1914 alio
1921 1880 1956 1913 fi-

1081 1918 1147 1950 mili
1163 1920 1330 1952 contractu
1347 1930 1385 1952 ex
1400 1930 1464 1959 quo
1483 1930 1609 1961 poterat
1624 1923 1707 1955 aCtio
1720 1924 1788 1963 jure
1803 1923 1890 1955 civili
1906 1931 1958 1954 na·

1083 1959 1143 1998 sci,
1167 1961 1276 2001 pactus
1302 1961 1363 2001 est,
1389 1962 1440 1994 Ne
1465 1970 1572 2004 petat:
1597 1964 1625 1995 ὃ(
1648 1964 1669 1996 fi
1695 1973 1807 1997 contra
1830 1964 1958 2005 pastum

1084 2000 1201 2041 faciat,
1228 2004 1259 2034 id
1278 2003 1342 2042 est,
1367 2003 1387 2035 si
1407 2012 1515 2045 petat,
1540 2005 1648 2045 quanti
1667 2015 1702 2037 ea
1722 2015 1771 2037 res
1791 2007 1870 2044 erit,
1895 2014 1961 2038 tan-

1085 2051 1153 2073 tum
1173 2043 1310 2076 debitori
1328 2046 1401 2076 dare
1419 2045 1561 2085 promisit
1579 2047 1666 2077 nudo
1684 2047 1788 2087 pafto.
1815 2048 1889 2078 huic
1906 2056 1961 2087 pa·

1084 2085 1136 2115 Cio
1155 2082 1290 2125 subJ'etta
1306 2085 1351 2117 est
1369 2086 1539 2126 stipulatio.
1570 2087 1733 2126 quaefitum
1756 2087 1836 2127 fuit,
1859 2098 1897 2119 an
1915 2088 1961 2119 fa-

1083 2127 1191 2157 ciente
1219 2127 1365 2165 adversus
1393 2127 1517 2168 paCtum
1542 2130 1723 2168 creditore,
1746 2130 1886 2162 debitori
1906 2130 1960 2161 ad-

1083 2165 1191 2199 versus
1207 2176 1279 2200 eum
1295 2168 1376 2200 actio
1393 2170 1458 2201 dari
1475 2170 1600 2201 debeat.
1618 2171 1878 2211 quaerendicausa
1893 2171 1959 2211 est,

1084 2209 1157 2249 quia
1172 2208 1299 2250 pastum
1316 2211 1403 2250 quod
1424 2211 1646 2252 interpositum
1664 2211 1726 2243 esse
1743 2213 1880 2250 dicitur,
1904 2222 1960 2244 nu-

1085 2252 1159 2282 dum
1177 2249 1242 2289 est3
1258 2261 1299 2283 ex
1315 2253 1402 2283 nudo
1416 2260 1522 2284 autem
1539 2253 1634 2294 paCto
1651 2254 1734 2286 attio
1753 2263 1817 2286 non
1835 2253 1956 2295 semper

1085 2292 1175 2324 datur
1201 2293 1288 2324 civili
1309 2294 1398 2334 jure:
1421 2293 1476 2326 etsi
1497 2295 1560 2335 jam
1585 2296 1757 2336 aliquando
1776 2296 1904 2327 daretur
1918 2304 1957 2327 eo

1087 2340 1249 2374 tempore:
1273 2343 1309 2365 ut
1334 2335 1364 2366 ὅτι
1388 2334 1602 2377 Imperatores
1619 2337 1703 2368 bene
1718 2337 1906 2376 observant,
1929 2336 1959 2368 &

1086 2375 1152 2415 ipse
1168 2376 1242 2407 alibi
1261 2375 1435 2409 ostendam.
1466 2378 1528 2409 Sed
1544 2378 1768 2419 rescripserunt
1784 2378 1959 2418 Imperato-

1089 2426 1159 2455 res,
1183 2418 1317 2450 dandam
1346 2419 1484 2450 debitori
1502 2419 1564 2451 ess'e
1583 2430 1624 2452 ex
1640 2419 1787 2461 stipulatu
1803 2420 1960 2452 aditionem

1088 2459 1127 2490 ad
1143 2459 1206 2490 hoc
1222 2462 1311 2499 quod
1327 2468 1393 2492 non
1406 2462 1505 2492 modo
1521 2463 1761 2501 conventione,
1773 2461 1824 2494 sed
1841 2461 1961 2503 stipula-

1091 2501 1181 2532 tione
1198 2509 1327 2541 quoque
1338 2502 1602 2543 comprehensum
1614 2502 1668 2535 est.
1687 2504 1784 2544 idque
1800 2501 1958 2542 est,quod

1090 2542 1207 2573 dicitur
1218 2565 1227 2581 ,
1244 2542 1284 2573 Et
1300 2544 1486 2585 ejus-summio
1501 2554 1562 2585 quae
1576 2546 1608 2575 in
1621 2545 1674 2576 bac
1688 2543 1960 2586 quoqueftipulatio·

1088 2593 1123 2614 ne
1138 2585 1310 2616 continetur.
1337 2584 1410 2626 Qua
1425 2585 1574 2617 ratione?
1598 2587 1670 2626 quia
1687 2587 1739 2618 hie
1757 2596 1822 2619 non
1840 2593 1960 2617 tantum

1087 2626 1207 2657 nudum
1224 2626 1350 2666 paCtum
1364 2628 1553 2666 intervenit,
1572 2627 1622 2659 sed
1639 2627 1797 2669 stipulatio
1813 2636 1959 2669 quoque,

1088 2669 1197 2708 quanti
1215 2677 1251 2698 ea
1268 2669 1403 2700 res'erit.
1428 2667 1503 2700 Hoc
1523 2669 1660 2709 primum
1677 2669 1850 2710 quaeiitum.
1875 2668 1958 2712 Quid

1089 2709 1231 2741 deinde?
1255 2710 1382 2749 quando
1405 2711 1549 2742 videatur
1566 2712 1709 2743 creditor
1725 2710 1834 2743 fecisse
1852 2713 1960 2755 adver-

1089 2750 1136 2781 sus
1161 2751 1310 2790 paetum:
1340 2758 1445 2782 utrum
1471 2754 1701 2791 cumpvocavit
1726 2753 1905 2785 debitorem
1928 2759 1959 2782 m

1085 2793 1154 2833 jus,
1169 2801 1207 2823 an
1227 2792 1297 2832 post
1315 2801 1435 2823 motam
1453 2793 1561 2825 litem:
1577 2795 1608 2826 id
1626 2794 1688 2833 est,
1711 2795 1765 2826 ubi
1783 2795 1870 2826 litem
1886 2800 1958 2824 cum

1088 2843 1128 2865 eo
1145 2833 1343 2865 contestatus
1363 2833 1433 2866 est?
1456 2834 1643 2876 rescriptum
1660 2845 1759 2875 vero,
1785 2836 1867 2877 patu
1883 2843 1960 2865 con-

1089 2875 1244 2907 ditionem
1268 2875 1338 2915 post
1363 2875 1449 2908 litem
1474 2884 1611 2916 motam,
1636 2878 1668 2909 id
1691 2877 1755 2916 est,
1778 2876 1848 2918 post
1872 2876 1959 2907 litem

1090 2916 1301 2948 contestatam
1320 2917 1467 2949 extitiffe.
1492 2919 1592 2957 clara,
1615 2919 1668 2950 nili
1689 2919 1801 2956 fallor,
1825 2917 1960 2949 ratione.

1091 2967 1163 2990 nam
1181 2960 1232 2998 qui
1251 2959 1343 2997 injus
1362 2968 1476 2998 vocat,
1501 2969 1566 2991 non
1582 2961 1664 3001 agit,
1690 2959 1741 2991 sed
1758 2968 1852 3000 agere
1868 2958 1958 2995 vult,

1090 3000 1110 3031 l.
1131 3009 1176 3040 ¹5·
1196 2999 1236 3030 D.
1262 2999 1371 3031 Rotam
1387 3010 1445 3032 rem
1460 3002 1573 3041 baberi,
1590 3003 1609 3032 l.
1628 3003 1706 3033 unic.
1724 3001 1756 3031 C.
1775 3002 1807 3029 de
1823 2999 1883 3028 litis
1894 3007 1959 3028 con-

1091 3039 1255 3082 testatione:
1279 3051 1338 3073 nec
1364 3042 1510 3074 adversus
1526 3043 1650 3083 pafitum
1665 3041 1758 3078 facit,
1782 3039 1833 3070 sed
1849 3038 1958 3070 facere

1091 3084 1171 3115 vult.
1202 3091 1234 3114 at
1256 3084 1309 3124 qui
1335 3084 1423 3115 litem
1448 3093 1575 3122 movet,
1599 3085 1628 3115 δε
1647 3084 1726 3113 hanc
1741 3080 1958 3126 contestatur,

1090 3134 1165 3156 vere
1183 3126 1283 3165 petit,
1309 3125 1338 3156 &
1356 3126 1501 3156 adversus
1522 3125 1644 3166 pactum
1661 3123 1746 3154 facit.
1792 3119 1856 3151 Hic
1881 3121 1959 3152 mihi

1093 3167 1219 3197 videtur
1243 3165 1345 3197 sensus
1367 3168 1395 3197 d.
1419 3168 1438 3198 l.
1455 3179 1485 3207 5.
1511 3167 1611 3198 clarus
1627 3165 1655 3195 ὅ(
1672 3165 1792 3194 bonus:
1816 3164 1854 3192 ad
1873 3171 1959 3208 ‘³qu

1093 3216 1156 3248 que
1182 3209 1312 3239 modum
1336 3208 1459 3249 accipio
1485 3209 1579 3240 etiam
1604 3205 1785 3245 sequentem
1806 3202 1960 3274 Gordia?
