<?xml version="1.0" encoding="UTF-8"?>
<!DOCTYPE html PUBLIC "-//W3C//DTD XHTML 1.0 Transitional//EN"
    "http://www.w3.org/TR/xhtml1/DTD/xhtml1-transitional.dtd">
<html xmlns="http://www.w3.org/1999/xhtml" xml:lang="en" lang="en">
 <head>
  <title>
</title>
<meta http-equiv="Content-Type" content="text/html;charset=utf-8" />
  <meta name='ocr-system' content='tesseract 3.04.00' />
  <meta name='ocr-capabilities' content='ocr_page ocr_carea ocr_par ocr_line ocrx_word'/>
</head>
<body>
  <div class='ocr_page' id='page_1' title='image "./gerardinoodtnovi00nood_0388.png"; bbox 0 0 2036 3495; ppageno 0'>
   <div class='ocr_carea' id='block_1_1' title="bbox 184 98 253 142">
    <p class='ocr_par' dir='ltr' id='par_1_1' title="bbox 184 98 253 142">
     <span class='ocr_line' id='line_1_1' title="bbox 184 98 253 142; baseline -0.014 0"><span class='ocrx_word' id='word_1_1' title='bbox 184 98 253 142; x_wconf 74' lang='lat'><em>362</em></span> 
     </span>
    </p>
   </div>
   <div class='ocr_carea' id='block_1_2' title="bbox 180 175 1070 2490">
    <p class='ocr_par' dir='ltr' id='par_1_2' title="bbox 180 175 1070 2490">
     <span class='ocr_line' id='line_1_2' title="bbox 191 175 1061 223; baseline -0.014 -6"><span class='ocrx_word' id='word_1_2' title='bbox 191 194 258 217; x_wconf 89' lang='lat' dir='ltr'><em>non</em></span> <span class='ocrx_word' id='word_1_3' title='bbox 281 180 493 223; x_wconf 81' lang='lat' dir='ltr'><em>impoffibilis,</em></span> <span class='ocrx_word' id='word_1_4' title='bbox 516 178 571 211; x_wconf 85' lang='lat' dir='ltr'><em>etsi</em></span> <span class='ocrx_word' id='word_1_5' title='bbox 596 178 632 210; x_wconf 85' lang='lat' dir='ltr'><em>fit</em></span> <span class='ocrx_word' id='word_1_6' title='bbox 648 186 731 219; x_wconf 89' lang='lat' dir='ltr'><em>pene</em></span> <span class='ocrx_word' id='word_1_7' title='bbox 745 175 953 217; x_wconf 78' lang='lat' dir='ltr'><em>impoffibiiis.</em></span> <span class='ocrx_word' id='word_1_8' title='bbox 978 176 1061 207; x_wconf 89' lang='lat' dir='ltr'><em>inter</em></span> 
     </span>
     <span class='ocr_line' id='line_1_3' title="bbox 189 216 1062 266; baseline -0.013 -9"><span class='ocrx_word' id='word_1_9' title='bbox 189 235 261 266; x_wconf 84' lang='lat' dir='ltr'><em>quae</em></span> <span class='ocrx_word' id='word_1_10' title='bbox 285 222 495 256; x_wconf 86' lang='lat' dir='ltr'><em>differentiam</em></span> <span class='ocrx_word' id='word_1_11' title='bbox 522 219 607 259; x_wconf 77' lang='lat' dir='ltr'><em>ess&#39;e,</em></span> <span class='ocrx_word' id='word_1_12' title='bbox 630 219 725 250; x_wconf 87' lang='lat' dir='ltr'><em>etiarn</em></span> <span class='ocrx_word' id='word_1_13' title='bbox 742 216 897 258; x_wconf 83' lang='lat' dir='ltr'>Ulpianus</span> <span class='ocrx_word' id='word_1_14' title='bbox 912 216 1062 248; x_wconf 84' lang='lat' dir='ltr'><em>observat</em></span> 
     </span>
     <span class='ocr_line' id='line_1_4' title="bbox 189 257 1061 306; baseline -0.011 -8"><span class='ocrx_word' id='word_1_15' title='bbox 189 267 209 298; x_wconf 87' lang='lat' dir='ltr'><em>l.</em></span> <span class='ocrx_word' id='word_1_16' title='bbox 225 277 274 306; x_wconf 83' lang='lat'><em>55.</em></span> <span class='ocrx_word' id='word_1_17' title='bbox 295 265 336 295; x_wconf 88' lang='lat' dir='ltr'><em>D.</em></span> <span class='ocrx_word' id='word_1_18' title='bbox 361 261 487 293; x_wconf 83' lang='lat' dir='ltr'><em>Familiae</em></span> <span class='ocrx_word' id='word_1_19' title='bbox 500 261 688 301; x_wconf 71' lang='lat' dir='ltr'><em>erciscundae,</em></span> <span class='ocrx_word' id='word_1_20' title='bbox 713 258 896 299; x_wconf 78' lang='lat' dir='ltr'><em>&amp;jacobus</em></span> <span class='ocrx_word' id='word_1_21' title='bbox 915 257 1061 297; x_wconf 83' lang='lat' dir='ltr'><em>Cujacius</em></span> 
     </span>
     <span class='ocr_line' id='line_1_5' title="bbox 188 298 1060 343; baseline -0.009 -6"><span class='ocrx_word' id='word_1_22' title='bbox 188 308 236 338; x_wconf 85' lang='lat' dir='ltr'><em>lib.</em></span> <span class='ocrx_word' id='word_1_23' title='bbox 262 314 309 336; x_wconf 86' lang='lat'><em>21.</em></span> <span class='ocrx_word' id='word_1_24' title='bbox 332 303 454 341; x_wconf 84' lang='lat' dir='ltr'><em>Observ.</em></span> <span class='ocrx_word' id='word_1_25' title='bbox 478 313 502 333; x_wconf 90' lang='lat' dir='ltr'><em>c.</em></span> <span class='ocrx_word' id='word_1_26' title='bbox 526 311 577 343; x_wconf 81' lang='lat'><em>39.</em></span> <span class='ocrx_word' id='word_1_27' title='bbox 595 301 731 343; x_wconf 84' lang='lat' dir='ltr'>proinde</span> <span class='ocrx_word' id='word_1_28' title='bbox 745 308 781 332; x_wconf 92' lang='lat' dir='ltr'><em>ut</em></span> <span class='ocrx_word' id='word_1_29' title='bbox 796 300 839 332; x_wconf 90' lang='lat' dir='ltr'><em>nil</em></span> <span class='ocrx_word' id='word_1_30' title='bbox 857 298 982 333; x_wconf 88' lang='lat' dir='ltr'><em>necesse</em></span> <span class='ocrx_word' id='word_1_31' title='bbox 1005 298 1060 337; x_wconf 81' lang='lat' dir='ltr'><em>iit,</em></span> 
     </span>
     <span class='ocr_line' id='line_1_6' title="bbox 187 339 1061 387; baseline -0.01 -8"><span class='ocrx_word' id='word_1_32' title='bbox 187 345 408 387; x_wconf 84' lang='lat' dir='ltr'><em>impossibilem</em></span> <span class='ocrx_word' id='word_1_33' title='bbox 427 344 551 384; x_wconf 87' lang='lat' dir='ltr'><em>impleri</em></span> <span class='ocrx_word' id='word_1_34' title='bbox 566 343 807 380; x_wconf 88' lang='lat' dir='ltr'><em>conditionem,</em></span> <span class='ocrx_word' id='word_1_35' title='bbox 824 348 930 373; x_wconf 88' lang='lat' dir='ltr'><em>tamen</em></span> <span class='ocrx_word' id='word_1_36' title='bbox 948 339 1061 372; x_wconf 89' lang='lat' dir='ltr'><em>diffici-</em></span> 
     </span>
     <span class='ocr_line' id='line_1_7' title="bbox 187 380 1061 426; baseline -0.007 -8"><span class='ocrx_word' id='word_1_37' title='bbox 187 388 252 419; x_wconf 86' lang='lat' dir='ltr'><em>lem</em></span> <span class='ocrx_word' id='word_1_38' title='bbox 276 386 306 417; x_wconf 85' lang='lat'>&amp;</span> <span class='ocrx_word' id='word_1_39' title='bbox 330 394 412 426; x_wconf 90' lang='lat' dir='ltr'><em>pene</em></span> <span class='ocrx_word' id='word_1_40' title='bbox 434 384 657 426; x_wconf 87' lang='lat' dir='ltr'><em>irnpoffibilem</em></span> <span class='ocrx_word' id='word_1_41' title='bbox 680 383 824 424; x_wconf 90' lang='lat' dir='ltr'><em>impleri,</em></span> <span class='ocrx_word' id='word_1_42' title='bbox 847 382 925 424; x_wconf 87' lang='lat' dir='ltr'><em>quid</em></span> <span class='ocrx_word' id='word_1_43' title='bbox 947 380 1061 413; x_wconf 73' lang='lat' dir='ltr'><em>vetat?</em></span> 
     </span>
     <span class='ocr_line' id='line_1_8' title="bbox 188 422 1060 460; baseline -0.007 0"><span class='ocrx_word' id='word_1_44' title='bbox 188 427 262 460; x_wconf 87' lang='lat' dir='ltr'><em>Hac</em></span> <span class='ocrx_word' id='word_1_45' title='bbox 289 427 413 458; x_wconf 88' lang='lat' dir='ltr'><em>ratione</em></span> <span class='ocrx_word' id='word_1_46' title='bbox 436 426 528 458; x_wconf 84' lang='lat' dir='ltr'><em>datur</em></span> <span class='ocrx_word' id='word_1_47' title='bbox 550 425 724 457; x_wconf 72' lang='lat' dir='ltr'><em>fructuario</em></span> <span class='ocrx_word' id='word_1_48' title='bbox 742 434 760 456; x_wconf 87' lang='lat' dir='ltr'><em>a</em></span> <span class='ocrx_word' id='word_1_49' title='bbox 776 424 920 456; x_wconf 83' lang='lat' dir='ltr'><em>Praetore</em></span> <span class='ocrx_word' id='word_1_50' title='bbox 935 423 976 455; x_wconf 90' lang='lat' dir='ltr'><em>de</em></span> <span class='ocrx_word' id='word_1_51' title='bbox 992 422 1060 454; x_wconf 86' lang='lat' dir='ltr'><em>usu-</em></span> 
     </span>
     <span class='ocr_line' id='line_1_9' title="bbox 188 464 1059 508; baseline -0.007 -8"><span class='ocrx_word' id='word_1_52' title='bbox 188 468 293 500; x_wconf 66' lang='lat' dir='ltr'><em>fructu</em></span> <span class='ocrx_word' id='word_1_53' title='bbox 310 467 413 506; x_wconf 79' lang='lat' dir='ltr'><em>acrio,</em></span> <span class='ocrx_word' id='word_1_54' title='bbox 428 467 449 499; x_wconf 87' lang='lat' dir='ltr'><strong>fi</strong></span> <span class='ocrx_word' id='word_1_55' title='bbox 465 467 677 508; x_wconf 89' lang='lat' dir='ltr'><em>proprietario</em></span> <span class='ocrx_word' id='word_1_56' title='bbox 693 466 833 497; x_wconf 88' lang='lat' dir='ltr'><em>satisdet.</em></span> <span class='ocrx_word' id='word_1_57' title='bbox 854 465 942 505; x_wconf 91' lang='lat' dir='ltr'><em>quod</em></span> <span class='ocrx_word' id='word_1_58' title='bbox 958 464 978 496; x_wconf 86' lang='lat' dir='ltr'>fi</span> <span class='ocrx_word' id='word_1_59' title='bbox 994 472 1059 495; x_wconf 86' lang='lat' dir='ltr'><em>non</em></span> 
     </span>
     <span class='ocr_line' id='line_1_10' title="bbox 186 505 1060 550; baseline -0.006 -9"><span class='ocrx_word' id='word_1_60' title='bbox 186 509 284 548; x_wconf 89' lang='lat' dir='ltr'><em>facit,</em></span> <span class='ocrx_word' id='word_1_61' title='bbox 307 518 381 541; x_wconf 90' lang='lat' dir='ltr'><em>cum</em></span> <span class='ocrx_word' id='word_1_62' title='bbox 404 508 510 550; x_wconf 89' lang='lat' dir='ltr'><em>potest</em></span> <span class='ocrx_word' id='word_1_63' title='bbox 524 509 650 547; x_wconf 88' lang='lat' dir='ltr'><em>facere,</em></span> <span class='ocrx_word' id='word_1_64' title='bbox 674 506 730 538; x_wconf 80' lang='lat' dir='ltr'><em>etsi</em></span> <span class='ocrx_word' id='word_1_65' title='bbox 747 506 934 538; x_wconf 88' lang='lat' dir='ltr'><em>difficulter:</em></span> <span class='ocrx_word' id='word_1_66' title='bbox 960 505 989 536; x_wconf 87' lang='lat' dir='ltr'><em>ei</em></span> <span class='ocrx_word' id='word_1_67' title='bbox 1006 505 1060 536; x_wconf 90' lang='lat' dir='ltr'><em>de-</em></span> 
     </span>
     <span class='ocr_line' id='line_1_11' title="bbox 187 547 1060 592; baseline -0.007 -9"><span class='ocrx_word' id='word_1_68' title='bbox 187 558 320 592; x_wconf 85' lang='lat' dir='ltr'><em>negatur</em></span> <span class='ocrx_word' id='word_1_69' title='bbox 336 560 353 582; x_wconf 89' lang='lat' dir='ltr'><em>a</em></span> <span class='ocrx_word' id='word_1_70' title='bbox 368 550 509 583; x_wconf 90' lang='lat' dir='ltr'><em>Praetore</em></span> <span class='ocrx_word' id='word_1_71' title='bbox 524 550 619 582; x_wconf 72' lang='lat' dir='ltr'><em>actio.</em></span> <span class='ocrx_word' id='word_1_72' title='bbox 665 547 765 580; x_wconf 90' lang='lat' dir='ltr'><em>Volui</em></span> <span class='ocrx_word' id='word_1_73' title='bbox 784 548 836 578; x_wconf 87' lang='lat' dir='ltr'><em>bic</em></span> <span class='ocrx_word' id='word_1_74' title='bbox 852 548 1003 579; x_wconf 85' lang='lat' dir='ltr'>recedere</span> <span class='ocrx_word' id='word_1_75' title='bbox 1020 547 1060 577; x_wconf 90' lang='lat' dir='ltr'><em>ab</em></span> 
     </span>
     <span class='ocr_line' id='line_1_12' title="bbox 189 586 1061 633; baseline -0.006 -10"><span class='ocrx_word' id='word_1_76' title='bbox 189 592 250 623; x_wconf 87' lang='lat' dir='ltr'><em>hac</em></span> <span class='ocrx_word' id='word_1_77' title='bbox 267 599 367 633; x_wconf 88' lang='lat' dir='ltr'><em>parte.</em></span> <span class='ocrx_word' id='word_1_78' title='bbox 397 592 451 624; x_wconf 90' lang='lat' dir='ltr'><em>sed</em></span> <span class='ocrx_word' id='word_1_79' title='bbox 474 599 617 624; x_wconf 86' lang='lat' dir='ltr'><em>moratur</em></span> <span class='ocrx_word' id='word_1_80' title='bbox 644 598 697 621; x_wconf 88' lang='lat' dir='ltr'><em>me</em></span> <span class='ocrx_word' id='word_1_81' title='bbox 722 588 916 621; x_wconf 87' lang='lat' dir='ltr'><em>Callistratus</em></span> <span class='ocrx_word' id='word_1_82' title='bbox 931 588 950 618; x_wconf 93' lang='lat' dir='ltr'><em>l.</em></span> <span class='ocrx_word' id='word_1_83' title='bbox 966 591 996 618; x_wconf 92' lang='lat'><em>6.</em></span> <span class='ocrx_word' id='word_1_84' title='bbox 1016 586 1061 619; x_wconf 87' lang='lat' dir='ltr'><em>D.</em></span> 
     </span>
     <span class='ocr_line' id='line_1_13' title="bbox 188 629 1057 675; baseline -0.008 -10"><span class='ocrx_word' id='word_1_85' title='bbox 188 633 222 665; x_wconf 88' lang='lat' dir='ltr'><em>Si</em></span> <span class='ocrx_word' id='word_1_86' title='bbox 248 634 297 664; x_wconf 85' lang='lat' dir='ltr'><em>cui</em></span> <span class='ocrx_word' id='word_1_87' title='bbox 314 634 403 674; x_wconf 86' lang='lat' dir='ltr'><em>plus,</em></span> <span class='ocrx_word' id='word_1_88' title='bbox 425 643 513 675; x_wconf 83' lang='lat' dir='ltr'><em>quam</em></span> <span class='ocrx_word' id='word_1_89' title='bbox 534 639 586 673; x_wconf 86' lang='lat' dir='ltr'><em>per</em></span> <span class='ocrx_word' id='word_1_90' title='bbox 611 631 717 673; x_wconf 86' lang='lat' dir='ltr'>Legem</span> <span class='ocrx_word' id='word_1_91' title='bbox 739 629 899 662; x_wconf 85' lang='lat' dir='ltr'><em>Falcidiam</em></span> <span class='ocrx_word' id='word_1_92' title='bbox 924 629 1057 667; x_wconf 74' lang='lat' dir='ltr'><em>licuerit,</em></span> 
     </span>
     <span class='ocr_line' id='line_1_14' title="bbox 185 670 1059 716; baseline -0.006 -10"><span class='ocrx_word' id='word_1_93' title='bbox 185 683 281 715; x_wconf 88' lang='lat' dir='ltr'><em>quam</em></span> <span class='ocrx_word' id='word_1_94' title='bbox 296 673 385 716; x_wconf 88' lang='lat' dir='ltr'><em>supra</em></span> <span class='ocrx_word' id='word_1_95' title='bbox 401 684 458 715; x_wconf 90' lang='lat' dir='ltr'><em>pro</em></span> <span class='ocrx_word' id='word_1_96' title='bbox 476 673 634 705; x_wconf 87' lang='lat' dir='ltr'><em>contraria</em></span> <span class='ocrx_word' id='word_1_97' title='bbox 651 671 742 703; x_wconf 83' lang='lat' dir='ltr'><em>attuli</em></span> <span class='ocrx_word' id='word_1_98' title='bbox 758 678 857 711; x_wconf 84' lang='lat' dir='ltr'><em>parte.</em></span> <span class='ocrx_word' id='word_1_99' title='bbox 883 670 979 702; x_wconf 90' lang='lat' dir='ltr'><em>verba</em></span> <span class='ocrx_word' id='word_1_100' title='bbox 994 670 1059 710; x_wconf 73' lang='lat' dir='ltr'><em>eius</em></span> 
     </span>
     <span class='ocr_line' id='line_1_15' title="bbox 188 711 1059 754; baseline -0.007 -6"><span class='ocrx_word' id='word_1_101' title='bbox 188 715 260 748; x_wconf 87' lang='lat' dir='ltr'><em>haec</em></span> <span class='ocrx_word' id='word_1_102' title='bbox 277 714 346 748; x_wconf 91' lang='lat' dir='ltr'><em>sunt</em></span> <span class='ocrx_word' id='word_1_103' title='bbox 363 726 403 748; x_wconf 81' lang='lat' dir='ltr'><em>ex</em></span> <span class='ocrx_word' id='word_1_104' title='bbox 421 716 471 747; x_wconf 86' lang='lat' dir='ltr'><em>lib.</em></span> <span class='ocrx_word' id='word_1_105' title='bbox 489 726 517 753; x_wconf 83' lang='lat'><em>4.</em></span> <span class='ocrx_word' id='word_1_106' title='bbox 544 713 592 745; x_wconf 89' lang='lat' dir='ltr'><em>De</em></span> <span class='ocrx_word' id='word_1_107' title='bbox 607 713 834 754; x_wconf 77' lang='lat' dir='ltr'><em>cognitionibus,</em></span> <span class='ocrx_word' id='word_1_108' title='bbox 851 711 925 743; x_wconf 87' lang='lat' dir='ltr'><em>Cum</em></span> <span class='ocrx_word' id='word_1_109' title='bbox 941 720 998 742; x_wconf 81' lang='lat' dir='ltr'><em>non</em></span> <span class='ocrx_word' id='word_1_110' title='bbox 1014 712 1059 746; x_wconf 79' lang='lat' dir='ltr'><em>fa·</em></span> 
     </span>
     <span class='ocr_line' id='line_1_16' title="bbox 186 751 1060 798; baseline -0.007 -9"><span class='ocrx_word' id='word_1_111' title='bbox 186 758 239 789; x_wconf 85' lang='lat' dir='ltr'><em>cile</em></span> <span class='ocrx_word' id='word_1_112' title='bbox 249 757 465 796; x_wconf 81' lang='lat' dir='ltr'><em>satisdationem</em></span> <span class='ocrx_word' id='word_1_113' title='bbox 481 755 582 798; x_wconf 90' lang='lat' dir='ltr'><em>offerre</em></span> <span class='ocrx_word' id='word_1_114' title='bbox 599 755 757 797; x_wconf 85' lang='lat' dir='ltr'><em>legatarius</em></span> <span class='ocrx_word' id='word_1_115' title='bbox 772 753 820 785; x_wconf 84' lang='lat' dir='ltr'><em>vel</em></span> <span class='ocrx_word' id='word_1_116' title='bbox 831 751 1060 793; x_wconf 64' lang='lat' dir='ltr'><em>fideicommissa-</em></span> 
     </span>
     <span class='ocr_line' id='line_1_17' title="bbox 185 795 1061 840; baseline -0.007 -10"><span class='ocrx_word' id='word_1_117' title='bbox 185 800 247 830; x_wconf 82' lang='lat' dir='ltr'><em>rius</em></span> <span class='ocrx_word' id='word_1_118' title='bbox 259 797 358 840; x_wconf 86' lang='lat' dir='ltr'><em>poffit;</em></span> <span class='ocrx_word' id='word_1_119' title='bbox 375 797 565 838; x_wconf 73' lang='lat' dir='ltr'><em>&amp;futurum</em></span> <span class='ocrx_word' id='word_1_120' title='bbox 574 795 635 835; x_wconf 87' lang='lat' dir='ltr'><em>fit,</em></span> <span class='ocrx_word' id='word_1_121' title='bbox 656 801 691 827; x_wconf 83' lang='lat' dir='ltr'><em>ut</em></span> <span class='ocrx_word' id='word_1_122' title='bbox 702 801 815 837; x_wconf 74' lang='lat' dir='ltr'><em>propter</em></span> <span class='ocrx_word' id='word_1_123' title='bbox 829 795 878 827; x_wconf 87' lang='lat' dir='ltr'><em>boc</em></span> <span class='ocrx_word' id='word_1_124' title='bbox 894 805 912 826; x_wconf 87' lang='lat' dir='ltr'><em>a</em></span> <span class='ocrx_word' id='word_1_125' title='bbox 923 796 1061 835; x_wconf 84' lang='lat' dir='ltr'><em>petitione</em></span> 
     </span>
     <span class='ocr_line' id='line_1_18' title="bbox 185 836 1061 880; baseline -0.007 -9"><span class='ocrx_word' id='word_1_126' title='bbox 185 839 367 872; x_wconf 73' lang='lat' dir='ltr'><em>liberalitatis</em></span> <span class='ocrx_word' id='word_1_127' title='bbox 381 849 416 871; x_wconf 89' lang='lat' dir='ltr'><em>ex</em></span> <span class='ocrx_word' id='word_1_128' title='bbox 428 836 590 880; x_wconf 78' lang='lat' dir='ltr'><em>testamento</em></span> <span class='ocrx_word' id='word_1_129' title='bbox 599 838 825 878; x_wconf 80' lang='lat' dir='ltr'><em>submoveatur:</em></span> <span class='ocrx_word' id='word_1_130' title='bbox 835 837 976 876; x_wconf 80' lang='lat' dir='ltr'><em>numquid</em></span> <span class='ocrx_word' id='word_1_131' title='bbox 990 844 1061 866; x_wconf 85' lang='lat' dir='ltr'><em>onus</em></span> 
     </span>
     <span class='ocr_line' id='line_1_19' title="bbox 180 877 1063 922; baseline -0.007 -10"><span class='ocrx_word' id='word_1_132' title='bbox 180 881 386 922; x_wconf 80' lang='lat' dir='ltr'><em>satisdationis</em></span> <span class='ocrx_word' id='word_1_133' title='bbox 403 882 443 911; x_wconf 82' lang='lat' dir='ltr'><em>eis</em></span> <span class='ocrx_word' id='word_1_134' title='bbox 466 880 669 912; x_wconf 78' lang='lat' dir='ltr'><em>remittendum</em></span> <span class='ocrx_word' id='word_1_135' title='bbox 690 878 769 910; x_wconf 78' lang='lat' dir='ltr'><em>erit?</em></span> <span class='ocrx_word' id='word_1_136' title='bbox 790 878 864 919; x_wconf 82' lang='lat' dir='ltr'><em>quod</em></span> <span class='ocrx_word' id='word_1_137' title='bbox 882 879 999 908; x_wconf 83' lang='lat' dir='ltr'><em>videtur</em></span> <span class='ocrx_word' id='word_1_138' title='bbox 1014 877 1063 907; x_wconf 88' lang='lat' dir='ltr'><em>ad-</em></span> 
     </span>
     <span class='ocr_line' id='line_1_20' title="bbox 182 918 1063 963; baseline -0.006 -10"><span class='ocrx_word' id='word_1_139' title='bbox 182 923 288 963; x_wconf 83' lang='lat' dir='ltr'><em>juvari</em></span> <span class='ocrx_word' id='word_1_140' title='bbox 308 922 455 963; x_wconf 85' lang='lat' dir='ltr'><em>Rescripto</em></span> <span class='ocrx_word' id='word_1_141' title='bbox 472 921 550 953; x_wconf 84' lang='lat' dir='ltr'><em>Divi</em></span> <span class='ocrx_word' id='word_1_142' title='bbox 566 920 710 952; x_wconf 83' lang='lat' dir='ltr'><em>Commodi</em></span> <span class='ocrx_word' id='word_1_143' title='bbox 726 921 757 952; x_wconf 91' lang='lat' dir='ltr'><em>in</em></span> <span class='ocrx_word' id='word_1_144' title='bbox 772 919 829 950; x_wconf 85' lang='lat' dir='ltr'><em>haec</em></span> <span class='ocrx_word' id='word_1_145' title='bbox 842 920 945 950; x_wconf 80' lang='lat' dir='ltr'><em>verba:</em></span> <span class='ocrx_word' id='word_1_146' title='bbox 969 918 998 949; x_wconf 90' lang='lat' dir='ltr'><em>Is</em></span> <span class='ocrx_word' id='word_1_147' title='bbox 1015 926 1063 948; x_wconf 88' lang='lat' dir='ltr'><em>cu·</em></span> 
     </span>
     <span class='ocr_line' id='line_1_21' title="bbox 181 959 1064 1005; baseline -0.006 -10"><span class='ocrx_word' id='word_1_148' title='bbox 181 963 234 1005; x_wconf 83' lang='lat' dir='ltr'><em>jus</em></span> <span class='ocrx_word' id='word_1_149' title='bbox 248 973 282 995; x_wconf 86' lang='lat' dir='ltr'><em>ea</em></span> <span class='ocrx_word' id='word_1_150' title='bbox 297 966 330 995; x_wconf 88' lang='lat' dir='ltr'><em>de</em></span> <span class='ocrx_word' id='word_1_151' title='bbox 346 973 376 995; x_wconf 86' lang='lat' dir='ltr'><em>re</em></span> <span class='ocrx_word' id='word_1_152' title='bbox 391 965 466 994; x_wconf 81' lang='lat' dir='ltr'><em>notio</em></span> <span class='ocrx_word' id='word_1_153' title='bbox 481 961 539 1004; x_wconf 78' lang='lat' dir='ltr'><em>est,</em></span> <span class='ocrx_word' id='word_1_154' title='bbox 562 964 660 994; x_wconf 84' lang='lat' dir='ltr'><em>aditus</em></span> <span class='ocrx_word' id='word_1_155' title='bbox 671 959 700 999; x_wconf 85' lang='lat' dir='ltr'><em>fi</em></span> <span class='ocrx_word' id='word_1_156' title='bbox 716 963 898 999; x_wconf 79' lang='lat' dir='ltr'><em>compererit,</em></span> <span class='ocrx_word' id='word_1_157' title='bbox 919 960 980 990; x_wconf 85' lang='lat' dir='ltr'><em>ideo</em></span> <span class='ocrx_word' id='word_1_158' title='bbox 995 969 1064 990; x_wconf 88' lang='lat' dir='ltr'><em>cau·</em></span> 
     </span>
     <span class='ocr_line' id='line_1_22' title="bbox 190 1000 1064 1045; baseline -0.006 -9"><span class='ocrx_word' id='word_1_159' title='bbox 190 1006 295 1036; x_wconf 86' lang='lat' dir='ltr'><em>tionem</em></span> <span class='ocrx_word' id='word_1_160' title='bbox 310 1014 329 1036; x_wconf 85' lang='lat' dir='ltr'><em>a</em></span> <span class='ocrx_word' id='word_1_161' title='bbox 345 1010 371 1035; x_wconf 82' lang='lat' dir='ltr'><em>te</em></span> <span class='ocrx_word' id='word_1_162' title='bbox 386 1006 484 1045; x_wconf 84' lang='lat' dir='ltr'><em>exigi,</em></span> <span class='ocrx_word' id='word_1_163' title='bbox 507 1010 542 1036; x_wconf 83' lang='lat' dir='ltr'><em>ut</em></span> <span class='ocrx_word' id='word_1_164' title='bbox 555 1013 572 1035; x_wconf 82' lang='lat' dir='ltr'><em>a</em></span> <span class='ocrx_word' id='word_1_165' title='bbox 582 1000 788 1043; x_wconf 85' lang='lat' dir='ltr'><em>fideicommiffi</em></span> <span class='ocrx_word' id='word_1_166' title='bbox 800 1002 936 1043; x_wconf 84' lang='lat' dir='ltr'><em>petitione</em></span> <span class='ocrx_word' id='word_1_167' title='bbox 949 1006 1064 1032; x_wconf 82' lang='lat' dir='ltr'><em>averta-</em></span> 
     </span>
     <span class='ocr_line' id='line_1_23' title="bbox 185 1042 1060 1086; baseline -0.007 -8"><span class='ocrx_word' id='word_1_168' title='bbox 185 1047 246 1086; x_wconf 79' lang='lat' dir='ltr'><em>ris,</em></span> <span class='ocrx_word' id='word_1_169' title='bbox 269 1056 341 1078; x_wconf 86' lang='lat' dir='ltr'><em>onus</em></span> <span class='ocrx_word' id='word_1_170' title='bbox 351 1046 552 1085; x_wconf 83' lang='lat' dir='ltr'><em>satisdationis</em></span> <span class='ocrx_word' id='word_1_171' title='bbox 567 1046 620 1076; x_wconf 82' lang='lat' dir='ltr'><em>tibi</em></span> <span class='ocrx_word' id='word_1_172' title='bbox 638 1044 746 1075; x_wconf 84' lang='lat' dir='ltr'><em>remitti</em></span> <span class='ocrx_word' id='word_1_173' title='bbox 762 1044 883 1074; x_wconf 78' lang='lat' dir='ltr'><em>curabit.</em></span> <span class='ocrx_word' id='word_1_174' title='bbox 918 1042 1060 1083; x_wconf 84' lang='lat' dir='ltr'><em>Species.</em></span> 
     </span>
     <span class='ocr_line' id='line_1_24' title="bbox 184 1081 1063 1128; baseline -0.006 -9"><span class='ocrx_word' id='word_1_175' title='bbox 184 1088 309 1128; x_wconf 85' lang='lat' dir='ltr'><em>Aliquis</em></span> <span class='ocrx_word' id='word_1_176' title='bbox 337 1088 420 1127; x_wconf 89' lang='lat' dir='ltr'><em>petit</em></span> <span class='ocrx_word' id='word_1_177' title='bbox 446 1087 585 1128; x_wconf 80' lang='lat' dir='ltr'><em>legatum</em></span> <span class='ocrx_word' id='word_1_178' title='bbox 612 1085 664 1117; x_wconf 85' lang='lat' dir='ltr'><em>vel</em></span> <span class='ocrx_word' id='word_1_179' title='bbox 689 1083 984 1121; x_wconf 87' lang='lat' dir='ltr'><em>fideicommissum,</em></span> <span class='ocrx_word' id='word_1_180' title='bbox 1006 1081 1063 1114; x_wconf 87' lang='lat' dir='ltr'><em>fibi</em></span> 
     </span>
     <span class='ocr_line' id='line_1_25' title="bbox 185 1124 1063 1165; baseline -0.007 -4"><span class='ocrx_word' id='word_1_181' title='bbox 185 1129 217 1161; x_wconf 91' lang='lat' dir='ltr'><em>in</em></span> <span class='ocrx_word' id='word_1_182' title='bbox 234 1128 425 1161; x_wconf 85' lang='lat' dir='ltr'><em>testamento</em></span> <span class='ocrx_word' id='word_1_183' title='bbox 437 1129 592 1160; x_wconf 71' lang='lat' dir='ltr'><em>relietum.</em></span> <span class='ocrx_word' id='word_1_184' title='bbox 619 1126 712 1158; x_wconf 86' lang='lat' dir='ltr'><em>heres</em></span> <span class='ocrx_word' id='word_1_185' title='bbox 728 1126 826 1165; x_wconf 87' lang='lat' dir='ltr'><em>dicit,</em></span> <span class='ocrx_word' id='word_1_186' title='bbox 851 1125 880 1156; x_wconf 91' lang='lat' dir='ltr'><em>se</em></span> <span class='ocrx_word' id='word_1_187' title='bbox 895 1124 1063 1162; x_wconf 81' lang='lat' dir='ltr'><em>dubitare3</em></span> 
     </span>
     <span class='ocr_line' id='line_1_26' title="bbox 186 1164 1064 1208; baseline -0.007 -6"><span class='ocrx_word' id='word_1_188' title='bbox 186 1180 226 1202; x_wconf 87' lang='lat' dir='ltr'><em>an</em></span> <span class='ocrx_word' id='word_1_189' title='bbox 243 1171 353 1202; x_wconf 90' lang='lat' dir='ltr'><em>locum</em></span> <span class='ocrx_word' id='word_1_190' title='bbox 370 1170 513 1201; x_wconf 81' lang='lat' dir='ltr'><em>habitura</em></span> <span class='ocrx_word' id='word_1_191' title='bbox 528 1168 564 1200; x_wconf 86' lang='lat' dir='ltr'><em>fit</em></span> <span class='ocrx_word' id='word_1_192' title='bbox 575 1169 627 1200; x_wconf 88' lang='lat' dir='ltr'><em>lex</em></span> <span class='ocrx_word' id='word_1_193' title='bbox 637 1167 785 1199; x_wconf 82' lang='lat' dir='ltr'><em>Falcidia.</em></span> <span class='ocrx_word' id='word_1_194' title='bbox 803 1167 884 1208; x_wconf 88' lang='lat' dir='ltr'><em>petit</em></span> <span class='ocrx_word' id='word_1_195' title='bbox 900 1167 1013 1207; x_wconf 76' lang='lat' dir='ltr'><em>igitur,</em></span> <span class='ocrx_word' id='word_1_196' title='bbox 1029 1164 1064 1196; x_wconf 86' lang='lat' dir='ltr'><em>fi-</em></span> 
     </span>
     <span class='ocr_line' id='line_1_27' title="bbox 185 1206 1064 1252; baseline -0.008 -8"><span class='ocrx_word' id='word_1_197' title='bbox 185 1211 219 1244; x_wconf 93' lang='lat' dir='ltr'><em>bi</em></span> <span class='ocrx_word' id='word_1_198' title='bbox 236 1221 253 1243; x_wconf 90' lang='lat' dir='ltr'><em>a</em></span> <span class='ocrx_word' id='word_1_199' title='bbox 270 1211 423 1252; x_wconf 84' lang='lat' dir='ltr'><em>legatario</em></span> <span class='ocrx_word' id='word_1_200' title='bbox 440 1210 596 1242; x_wconf 87' lang='lat' dir='ltr'><em>satisdari:</em></span> <span class='ocrx_word' id='word_1_201' title='bbox 613 1216 665 1247; x_wconf 91' lang='lat' dir='ltr'><em>ut,</em></span> <span class='ocrx_word' id='word_1_202' title='bbox 681 1208 702 1240; x_wconf 86' lang='lat' dir='ltr'>fi</span> <span class='ocrx_word' id='word_1_203' title='bbox 718 1207 916 1249; x_wconf 83' lang='lat' dir='ltr'><em>apparuerit,</em></span> <span class='ocrx_word' id='word_1_204' title='bbox 932 1216 1004 1238; x_wconf 86' lang='lat' dir='ltr'><em>eum</em></span> <span class='ocrx_word' id='word_1_205' title='bbox 1022 1206 1064 1237; x_wconf 91' lang='lat' dir='ltr'><em>le-</em></span> 
     </span>
     <span class='ocr_line' id='line_1_28' title="bbox 185 1246 1065 1295; baseline -0.007 -11"><span class='ocrx_word' id='word_1_206' title='bbox 185 1253 250 1295; x_wconf 88' lang='lat' dir='ltr'><em>gati</em></span> <span class='ocrx_word' id='word_1_207' title='bbox 267 1253 397 1284; x_wconf 88' lang='lat' dir='ltr'><em>nomine</em></span> <span class='ocrx_word' id='word_1_208' title='bbox 413 1250 530 1292; x_wconf 88' lang='lat' dir='ltr'><em>cepisse</em></span> <span class='ocrx_word' id='word_1_209' title='bbox 542 1250 696 1291; x_wconf 87' lang='lat' dir='ltr'><em>amplius,</em></span> <span class='ocrx_word' id='word_1_210' title='bbox 712 1259 806 1290; x_wconf 86' lang='lat' dir='ltr'><em>quam</em></span> <span class='ocrx_word' id='word_1_211' title='bbox 822 1258 839 1280; x_wconf 79' lang='lat' dir='ltr'><em>a</em></span> <span class='ocrx_word' id='word_1_212' title='bbox 858 1247 946 1289; x_wconf 87' lang='lat' dir='ltr'>Lege</span> <span class='ocrx_word' id='word_1_213' title='bbox 966 1246 1065 1279; x_wconf 81' lang='lat' dir='ltr'><em>Falci·</em></span> 
     </span>
     <span class='ocr_line' id='line_1_29' title="bbox 185 1291 1064 1335; baseline -0.008 -9"><span class='ocrx_word' id='word_1_214' title='bbox 185 1295 237 1326; x_wconf 90' lang='lat' dir='ltr'><em>dia</em></span> <span class='ocrx_word' id='word_1_215' title='bbox 249 1303 365 1335; x_wconf 86' lang='lat' dir='ltr'>capere</span> <span class='ocrx_word' id='word_1_216' title='bbox 381 1293 511 1331; x_wconf 87' lang='lat' dir='ltr'><em>licebit,</em></span> <span class='ocrx_word' id='word_1_217' title='bbox 527 1291 640 1333; x_wconf 83' lang='lat' dir='ltr'><em>quanti</em></span> <span class='ocrx_word' id='word_1_218' title='bbox 662 1300 698 1322; x_wconf 89' lang='lat' dir='ltr'><em>ea</em></span> <span class='ocrx_word' id='word_1_219' title='bbox 714 1300 762 1323; x_wconf 88' lang='lat' dir='ltr'><em>res</em></span> <span class='ocrx_word' id='word_1_220' title='bbox 779 1291 857 1328; x_wconf 89' lang='lat' dir='ltr'><em>erit,</em></span> <span class='ocrx_word' id='word_1_221' title='bbox 874 1297 994 1321; x_wconf 84' lang='lat' dir='ltr'><em>tantam</em></span> <span class='ocrx_word' id='word_1_222' title='bbox 1011 1297 1064 1328; x_wconf 90' lang='lat' dir='ltr'><em>pe-</em></span> 
     </span>
     <span class='ocr_line' id='line_1_30' title="bbox 187 1329 1064 1372; baseline -0.008 -5"><span class='ocrx_word' id='word_1_223' title='bbox 187 1335 314 1367; x_wconf 90' lang='lat' dir='ltr'><em>cuniam</em></span> <span class='ocrx_word' id='word_1_224' title='bbox 338 1335 403 1366; x_wconf 88' lang='lat' dir='ltr'><em>det.</em></span> <span class='ocrx_word' id='word_1_225' title='bbox 434 1332 476 1365; x_wconf 82' lang='lat' dir='ltr'><em>iic</em></span> <span class='ocrx_word' id='word_1_226' title='bbox 496 1336 580 1365; x_wconf 89' lang='lat' dir='ltr'><em>enirn</em></span> <span class='ocrx_word' id='word_1_227' title='bbox 598 1332 707 1364; x_wconf 89' lang='lat' dir='ltr'><em>heredi</em></span> <span class='ocrx_word' id='word_1_228' title='bbox 728 1341 745 1362; x_wconf 91' lang='lat' dir='ltr'><em>a</em></span> <span class='ocrx_word' id='word_1_229' title='bbox 760 1332 913 1372; x_wconf 84' lang='lat' dir='ltr'><em>legatario</em></span> <span class='ocrx_word' id='word_1_230' title='bbox 940 1329 1064 1368; x_wconf 88' lang='lat' dir='ltr'><em>caveri,</em></span> 
     </span>
     <span class='ocr_line' id='line_1_31' title="bbox 184 1371 1064 1417; baseline -0.008 -9"><span class='ocrx_word' id='word_1_231' title='bbox 184 1376 268 1417; x_wconf 82' lang='lat' dir='ltr'><em>juffit</em></span> <span class='ocrx_word' id='word_1_232' title='bbox 284 1375 405 1408; x_wconf 87' lang='lat' dir='ltr'><em>Praetor</em></span> <span class='ocrx_word' id='word_1_233' title='bbox 419 1376 438 1406; x_wconf 78' lang='lat' dir='ltr'><em>l.</em></span> <span class='ocrx_word' id='word_1_234' title='bbox 455 1384 480 1406; x_wconf 92' lang='lat'><em>1.</em></span> <span class='ocrx_word' id='word_1_235' title='bbox 498 1373 540 1406; x_wconf 92' lang='lat' dir='ltr'><em>D.</em></span> <span class='ocrx_word' id='word_1_236' title='bbox 558 1375 617 1405; x_wconf 86' lang='lat' dir='ltr'><em>eod.</em></span> <span class='ocrx_word' id='word_1_237' title='bbox 635 1375 681 1405; x_wconf 92' lang='lat' dir='ltr'><em>tit.</em></span> <span class='ocrx_word' id='word_1_238' title='bbox 698 1373 774 1413; x_wconf 91' lang='lat' dir='ltr'><em>quid</em></span> <span class='ocrx_word' id='word_1_239' title='bbox 790 1371 983 1413; x_wconf 79' lang='lat' dir='ltr'><em>legatarius?</em></span> <span class='ocrx_word' id='word_1_240' title='bbox 999 1379 1064 1401; x_wconf 91' lang='lat' dir='ltr'><em>non</em></span> 
     </span>
     <span class='ocr_line' id='line_1_32' title="bbox 185 1410 1065 1458; baseline -0.009 -9"><span class='ocrx_word' id='word_1_241' title='bbox 185 1417 282 1449; x_wconf 82' lang='lat' dir='ltr'><em>facile</em></span> <span class='ocrx_word' id='word_1_242' title='bbox 300 1416 422 1458; x_wconf 88' lang='lat' dir='ltr'><em>potest,</em></span> <span class='ocrx_word' id='word_1_243' title='bbox 437 1416 470 1447; x_wconf 88' lang='lat' dir='ltr'><em>id</em></span> <span class='ocrx_word' id='word_1_244' title='bbox 485 1415 550 1454; x_wconf 90' lang='lat' dir='ltr'><em>est,</em></span> <span class='ocrx_word' id='word_1_245' title='bbox 565 1423 631 1446; x_wconf 91' lang='lat' dir='ltr'><em>non</em></span> <span class='ocrx_word' id='word_1_246' title='bbox 650 1413 776 1455; x_wconf 89' lang='lat' dir='ltr'><em>potest,</em></span> <span class='ocrx_word' id='word_1_247' title='bbox 800 1422 870 1444; x_wconf 87' lang='lat' dir='ltr'><em>eam</em></span> <span class='ocrx_word' id='word_1_248' title='bbox 887 1410 1006 1443; x_wconf 88' lang='lat' dir='ltr'><em>offerre</em></span> <span class='ocrx_word' id='word_1_249' title='bbox 1023 1410 1065 1442; x_wconf 86' lang='lat' dir='ltr'><em>sa-</em></span> 
     </span>
     <span class='ocr_line' id='line_1_33' title="bbox 186 1452 1064 1496; baseline -0.009 -5"><span class='ocrx_word' id='word_1_250' title='bbox 186 1459 404 1491; x_wconf 80' lang='lat' dir='ltr'><em>tisdationem.</em></span> <span class='ocrx_word' id='word_1_251' title='bbox 434 1463 532 1496; x_wconf 87' lang='lat' dir='ltr'><em>negat</em></span> <span class='ocrx_word' id='word_1_252' title='bbox 553 1456 650 1495; x_wconf 87' lang='lat' dir='ltr'><em>igitur</em></span> <span class='ocrx_word' id='word_1_253' title='bbox 669 1455 781 1492; x_wconf 87' lang='lat' dir='ltr'><em>heres,</em></span> <span class='ocrx_word' id='word_1_254' title='bbox 802 1452 865 1484; x_wconf 87' lang='lat' dir='ltr'><em>esse</em></span> <span class='ocrx_word' id='word_1_255' title='bbox 882 1454 911 1484; x_wconf 89' lang='lat' dir='ltr'><em>ei</em></span> <span class='ocrx_word' id='word_1_256' title='bbox 928 1452 1064 1484; x_wconf 88' lang='lat' dir='ltr'><em>dandam</em></span> 
     </span>
     <span class='ocr_line' id='line_1_34' title="bbox 185 1493 1064 1535; baseline -0.009 -3"><span class='ocrx_word' id='word_1_257' title='bbox 185 1509 204 1531; x_wconf 85' lang='lat' dir='ltr'><em>a</em></span> <span class='ocrx_word' id='word_1_258' title='bbox 219 1500 360 1532; x_wconf 87' lang='lat' dir='ltr'><em>Praetore</em></span> <span class='ocrx_word' id='word_1_259' title='bbox 376 1498 524 1529; x_wconf 88' lang='lat' dir='ltr'><em>adversus</em></span> <span class='ocrx_word' id='word_1_260' title='bbox 542 1494 572 1527; x_wconf 93' lang='lat' dir='ltr'><em>se</em></span> <span class='ocrx_word' id='word_1_261' title='bbox 589 1495 760 1527; x_wconf 71' lang='lat' dir='ltr'><em>astionem.</em></span> <span class='ocrx_word' id='word_1_262' title='bbox 792 1494 962 1535; x_wconf 85' lang='lat' dir='ltr'><em>quaeritur,</em></span> <span class='ocrx_word' id='word_1_263' title='bbox 986 1493 1064 1534; x_wconf 85' lang='lat' dir='ltr'><em>quid</em></span> 
     </span>
     <span class='ocr_line' id='line_1_35' title="bbox 183 1534 1063 1578; baseline -0.007 -7"><span class='ocrx_word' id='word_1_264' title='bbox 183 1540 360 1572; x_wconf 88' lang='lat' dir='ltr'><em>Praetorem</em></span> <span class='ocrx_word' id='word_1_265' title='bbox 375 1538 485 1569; x_wconf 90' lang='lat' dir='ltr'><em>facere</em></span> <span class='ocrx_word' id='word_1_266' title='bbox 501 1536 678 1578; x_wconf 76' lang='lat' dir='ltr'>oporteat?</span> <span class='ocrx_word' id='word_1_267' title='bbox 692 1535 803 1568; x_wconf 89' lang='lat' dir='ltr'><em>futuro</em></span> <span class='ocrx_word' id='word_1_268' title='bbox 820 1534 879 1567; x_wconf 89' lang='lat' dir='ltr'><em>fic:</em></span> <span class='ocrx_word' id='word_1_269' title='bbox 896 1543 930 1569; x_wconf 91' lang='lat' dir='ltr'><em>ut</em></span> <span class='ocrx_word' id='word_1_270' title='bbox 946 1535 1063 1576; x_wconf 87' lang='lat' dir='ltr'><em>legata-</em></span> 
     </span>
     <span class='ocr_line' id='line_1_36' title="bbox 183 1576 1063 1619; baseline -0.007 -6"><span class='ocrx_word' id='word_1_271' title='bbox 183 1581 267 1619; x_wconf 83' lang='lat' dir='ltr'><em>rius,</em></span> <span class='ocrx_word' id='word_1_272' title='bbox 291 1579 347 1612; x_wconf 89' lang='lat' dir='ltr'><em>nifi</em></span> <span class='ocrx_word' id='word_1_273' title='bbox 368 1588 451 1610; x_wconf 89' lang='lat' dir='ltr'><em>onus</em></span> <span class='ocrx_word' id='word_1_274' title='bbox 473 1577 686 1610; x_wconf 84' lang='lat' dir='ltr'><em>satisdationis</em></span> <span class='ocrx_word' id='word_1_275' title='bbox 708 1578 738 1609; x_wconf 86' lang='lat' dir='ltr'><em>ei</em></span> <span class='ocrx_word' id='word_1_276' title='bbox 762 1576 941 1609; x_wconf 83' lang='lat' dir='ltr'><em>remittatur</em></span> <span class='ocrx_word' id='word_1_277' title='bbox 959 1600 970 1616; x_wconf 95' lang='lat'><em>,</em></span> <span class='ocrx_word' id='word_1_278' title='bbox 990 1585 1063 1616; x_wconf 91' lang='lat' dir='ltr'><em>pro·</em></span> 
     </span>
     <span class='ocr_line' id='line_1_37' title="bbox 182 1617 1061 1664; baseline -0.006 -10"><span class='ocrx_word' id='word_1_279' title='bbox 182 1630 254 1664; x_wconf 86' lang='lat' dir='ltr'><em>pter</em></span> <span class='ocrx_word' id='word_1_280' title='bbox 270 1622 335 1653; x_wconf 91' lang='lat' dir='ltr'><em>hoc</em></span> <span class='ocrx_word' id='word_1_281' title='bbox 350 1621 575 1652; x_wconf 84' lang='lat' dir='ltr'><em>submoveatur</em></span> <span class='ocrx_word' id='word_1_282' title='bbox 591 1629 608 1651; x_wconf 87' lang='lat' dir='ltr'><em>a</em></span> <span class='ocrx_word' id='word_1_283' title='bbox 623 1619 783 1660; x_wconf 90' lang='lat' dir='ltr'><em>petitione</em></span> <span class='ocrx_word' id='word_1_284' title='bbox 799 1617 998 1651; x_wconf 83' lang='lat' dir='ltr'><em>liberalitatis</em></span> <span class='ocrx_word' id='word_1_285' title='bbox 1019 1626 1061 1649; x_wconf 82' lang='lat' dir='ltr'><em>ex</em></span> 
     </span>
     <span class='ocr_line' id='line_1_38' title="bbox 182 1659 1065 1701; baseline -0.006 -6"><span class='ocrx_word' id='word_1_286' title='bbox 182 1662 385 1695; x_wconf 66' lang='lat' dir='ltr'><em>testamento.</em></span> <span class='ocrx_word' id='word_1_287' title='bbox 403 1662 491 1700; x_wconf 75' lang='lat' dir='ltr'><em>quod</em></span> <span class='ocrx_word' id='word_1_288' title='bbox 506 1660 568 1693; x_wconf 88' lang='lat' dir='ltr'><em>esse</em></span> <span class='ocrx_word' id='word_1_289' title='bbox 583 1661 698 1693; x_wconf 88' lang='lat' dir='ltr'><em>durum</em></span> <span class='ocrx_word' id='word_1_290' title='bbox 713 1660 783 1701; x_wconf 85' lang='lat' dir='ltr'><em>quis</em></span> <span class='ocrx_word' id='word_1_291' title='bbox 797 1659 921 1701; x_wconf 75' lang='lat' dir='ltr'><em>neget?</em></span> <span class='ocrx_word' id='word_1_292' title='bbox 936 1659 1065 1691; x_wconf 90' lang='lat' dir='ltr'><em>iuterim</em></span> 
     </span>
     <span class='ocr_line' id='line_1_39' title="bbox 182 1699 1066 1746; baseline -0.006 -10"><span class='ocrx_word' id='word_1_293' title='bbox 182 1705 238 1746; x_wconf 81' lang='lat' dir='ltr'><em>(ut</em></span> <span class='ocrx_word' id='word_1_294' title='bbox 253 1704 328 1741; x_wconf 88' lang='lat' dir='ltr'><em>alibi</em></span> <span class='ocrx_word' id='word_1_295' title='bbox 344 1704 488 1742; x_wconf 81' lang='lat' dir='ltr'><em>loquitur</em></span> <span class='ocrx_word' id='word_1_296' title='bbox 504 1701 659 1743; x_wconf 88' lang='lat' dir='ltr'><em>Ulpianus</em></span> <span class='ocrx_word' id='word_1_297' title='bbox 674 1701 694 1733; x_wconf 84' lang='lat' dir='ltr'><em>l.</em></span> <span class='ocrx_word' id='word_1_298' title='bbox 716 1711 765 1734; x_wconf 88' lang='lat'><em>12.</em></span> <span class='ocrx_word' id='word_1_299' title='bbox 782 1701 826 1733; x_wconf 94' lang='lat' dir='ltr'><em>D.</em></span> <span class='ocrx_word' id='word_1_300' title='bbox 845 1700 909 1745; x_wconf 71' lang='lat' dir='ltr'><em>Qui</em></span> <span class='ocrx_word' id='word_1_301' title='bbox 921 1699 958 1736; x_wconf 55' lang='grc' dir='ltr'><em>ὅ)</em></span> <span class='ocrx_word' id='word_1_302' title='bbox 970 1710 988 1732; x_wconf 90' lang='lat' dir='ltr'><em>a</em></span> <span class='ocrx_word' id='word_1_303' title='bbox 1002 1702 1066 1742; x_wconf 82' lang='lat' dir='ltr'><em>qui-</em></span> 
     </span>
     <span class='ocr_line' id='line_1_40' title="bbox 182 1742 1067 1787; baseline -0.007 -8"><span class='ocrx_word' id='word_1_304' title='bbox 182 1747 237 1779; x_wconf 82' lang='lat' dir='ltr'><em>bus</em></span> <span class='ocrx_word' id='word_1_305' title='bbox 246 1744 430 1787; x_wconf 80' lang='lat' dir='ltr'><em>manumiffi)</em></span> <span class='ocrx_word' id='word_1_306' title='bbox 447 1745 491 1777; x_wconf 88' lang='lat' dir='ltr'><em>ita</em></span> <span class='ocrx_word' id='word_1_307' title='bbox 507 1743 657 1786; x_wconf 84' lang='lat' dir='ltr'><em>scripturn</em></span> <span class='ocrx_word' id='word_1_308' title='bbox 669 1743 731 1775; x_wconf 85' lang='lat' dir='ltr'><em>fuit</em></span> <span class='ocrx_word' id='word_1_309' title='bbox 749 1742 907 1775; x_wconf 65' lang='lat' dir='ltr'><em>Edictum.</em></span> <span class='ocrx_word' id='word_1_310' title='bbox 933 1750 994 1774; x_wconf 88' lang='lat' dir='ltr'><em>nec</em></span> <span class='ocrx_word' id='word_1_311' title='bbox 1013 1751 1067 1782; x_wconf 81' lang='lat' dir='ltr'><em>po·</em></span> 
     </span>
     <span class='ocr_line' id='line_1_41' title="bbox 182 1783 1068 1829; baseline -0.008 -8"><span class='ocrx_word' id='word_1_312' title='bbox 182 1787 246 1821; x_wconf 83' lang='lat' dir='ltr'><em>test</em></span> <span class='ocrx_word' id='word_1_313' title='bbox 267 1789 419 1829; x_wconf 88' lang='lat' dir='ltr'><em>legatario</em></span> <span class='ocrx_word' id='word_1_314' title='bbox 445 1786 630 1818; x_wconf 85' lang='lat' dir='ltr'><em>succurrere</em></span> <span class='ocrx_word' id='word_1_315' title='bbox 654 1792 709 1817; x_wconf 87' lang='lat' dir='ltr'><em>aut</em></span> <span class='ocrx_word' id='word_1_316' title='bbox 735 1785 878 1825; x_wconf 88' lang='lat' dir='ltr'><em>privatus</em></span> <span class='ocrx_word' id='word_1_317' title='bbox 902 1783 1068 1825; x_wconf 88' lang='lat' dir='ltr'><em>Magistra-</em></span> 
     </span>
     <span class='ocr_line' id='line_1_42' title="bbox 185 1825 1067 1870; baseline -0.009 -7"><span class='ocrx_word' id='word_1_318' title='bbox 185 1836 236 1863; x_wconf 90' lang='lat' dir='ltr'><em>tus</em></span> <span class='ocrx_word' id='word_1_319' title='bbox 248 1852 258 1869; x_wconf 93' lang='lat'><em>,</em></span> <span class='ocrx_word' id='word_1_320' title='bbox 281 1838 335 1862; x_wconf 88' lang='lat' dir='ltr'><em>aut</em></span> <span class='ocrx_word' id='word_1_321' title='bbox 357 1827 622 1870; x_wconf 75' lang='lat' dir='ltr'><em>Iurisconsultus;</em></span> <span class='ocrx_word' id='word_1_322' title='bbox 646 1835 687 1859; x_wconf 87' lang='lat' dir='ltr'><em>ne</em></span> <span class='ocrx_word' id='word_1_323' title='bbox 704 1825 811 1867; x_wconf 86' lang='lat' dir='ltr'><em>specie</em></span> <span class='ocrx_word' id='word_1_324' title='bbox 826 1825 956 1865; x_wconf 87' lang='lat' dir='ltr'><em>quidem</em></span> <span class='ocrx_word' id='word_1_325' title='bbox 973 1825 1067 1864; x_wconf 81' lang='lat' dir='ltr'><em>aequi-</em></span> 
     </span>
     <span class='ocr_line' id='line_1_43' title="bbox 184 1866 1068 1911; baseline -0.008 -7"><span class='ocrx_word' id='word_1_326' title='bbox 184 1873 278 1911; x_wconf 88' lang='lat' dir='ltr'><em>tatis,</em></span> <span class='ocrx_word' id='word_1_327' title='bbox 301 1879 364 1903; x_wconf 87' lang='lat' dir='ltr'><em>tam</em></span> <span class='ocrx_word' id='word_1_328' title='bbox 388 1876 477 1902; x_wconf 90' lang='lat' dir='ltr'><em>certa</em></span> <span class='ocrx_word' id='word_1_329' title='bbox 498 1868 603 1901; x_wconf 75' lang='lat' dir='ltr'><em>Edicti</em></span> <span class='ocrx_word' id='word_1_330' title='bbox 620 1868 801 1899; x_wconf 83' lang='lat' dir='ltr'><em>voluntate.</em></span> <span class='ocrx_word' id='word_1_331' title='bbox 825 1866 878 1899; x_wconf 87' lang='lat' dir='ltr'><em>sed</em></span> <span class='ocrx_word' id='word_1_332' title='bbox 895 1867 985 1907; x_wconf 89' lang='lat' dir='ltr'><em>quod</em></span> <span class='ocrx_word' id='word_1_333' title='bbox 1001 1875 1068 1898; x_wconf 89' lang='lat' dir='ltr'><em>non</em></span> 
     </span>
     <span class='ocr_line' id='line_1_44' title="bbox 183 1907 1067 1951; baseline -0.007 -7"><span class='ocrx_word' id='word_1_334' title='bbox 183 1913 263 1944; x_wconf 91' lang='lat' dir='ltr'><em>licet</em></span> <span class='ocrx_word' id='word_1_335' title='bbox 284 1913 438 1950; x_wconf 67' lang='lat' dir='ltr'><em>Praetori,</em></span> <span class='ocrx_word' id='word_1_336' title='bbox 461 1918 516 1942; x_wconf 88' lang='lat' dir='ltr'><em>aut</em></span> <span class='ocrx_word' id='word_1_337' title='bbox 538 1908 791 1951; x_wconf 75' lang='lat' dir='ltr'><em>jurisconsulto,</em></span> <span class='ocrx_word' id='word_1_338' title='bbox 821 1908 973 1940; x_wconf 89' lang='lat' dir='ltr'><em>servienti</em></span> <span class='ocrx_word' id='word_1_339' title='bbox 991 1907 1067 1949; x_wconf 85' lang='lat' dir='ltr'><em>legi-</em></span> 
     </span>
     <span class='ocr_line' id='line_1_45' title="bbox 182 1949 1069 1994; baseline -0.008 -8"><span class='ocrx_word' id='word_1_340' title='bbox 182 1954 266 1994; x_wconf 88' lang='lat' dir='ltr'><em>bus;</em></span> <span class='ocrx_word' id='word_1_341' title='bbox 290 1953 365 1985; x_wconf 90' lang='lat' dir='ltr'><em>licet</em></span> <span class='ocrx_word' id='word_1_342' title='bbox 393 1952 552 1991; x_wconf 75' lang='lat' dir='ltr'><em>principi,</em></span> <span class='ocrx_word' id='word_1_343' title='bbox 575 1951 699 1992; x_wconf 87' lang='lat' dir='ltr'><em>legibus</em></span> <span class='ocrx_word' id='word_1_344' title='bbox 718 1949 823 1981; x_wconf 88' lang='lat' dir='ltr'><em>soluto</em></span> <span class='ocrx_word' id='word_1_345' title='bbox 844 1950 863 1981; x_wconf 88' lang='lat' dir='ltr'><em>l.</em></span> <span class='ocrx_word' id='word_1_346' title='bbox 886 1958 912 1981; x_wconf 90' lang='lat'><em>1.</em></span> <span class='ocrx_word' id='word_1_347' title='bbox 931 1949 965 1980; x_wconf 91' lang='lat' dir='ltr'><em>C.</em></span> <span class='ocrx_word' id='word_1_348' title='bbox 984 1950 1017 1980; x_wconf 87' lang='lat' dir='ltr'><em>de</em></span> <span class='ocrx_word' id='word_1_349' title='bbox 1033 1949 1069 1979; x_wconf 91' lang='lat' dir='ltr'><em>le-</em></span> 
     </span>
     <span class='ocr_line' id='line_1_46' title="bbox 183 1989 1069 2037; baseline -0.006 -11"><span class='ocrx_word' id='word_1_350' title='bbox 183 1997 280 2037; x_wconf 80' lang='lat' dir='ltr'><em>gibus.</em></span> <span class='ocrx_word' id='word_1_351' title='bbox 296 1995 328 2027; x_wconf 90' lang='lat' dir='ltr'><em>id</em></span> <span class='ocrx_word' id='word_1_352' title='bbox 344 1993 668 2028; x_wconf 88' lang='lat' dir='ltr'><em>Callistratusindicat</em></span> <span class='ocrx_word' id='word_1_353' title='bbox 677 1992 705 2024; x_wconf 88' lang='lat' dir='ltr'><em>d.</em></span> <span class='ocrx_word' id='word_1_354' title='bbox 716 1991 734 2022; x_wconf 92' lang='lat' dir='ltr'><em>l.</em></span> <span class='ocrx_word' id='word_1_355' title='bbox 745 1995 775 2023; x_wconf 89' lang='lat'><em>6.</em></span> <span class='ocrx_word' id='word_1_356' title='bbox 795 1992 838 2022; x_wconf 86' lang='lat' dir='ltr'><em>ait</em></span> <span class='ocrx_word' id='word_1_357' title='bbox 852 1992 898 2029; x_wconf 78' lang='lat' dir='ltr'><em>iS,</em></span> <span class='ocrx_word' id='word_1_358' title='bbox 915 1989 957 2022; x_wconf 88' lang='lat' dir='ltr'><em>D.</em></span> <span class='ocrx_word' id='word_1_359' title='bbox 971 1989 1069 2022; x_wconf 89' lang='lat' dir='ltr'><em>Corn-</em></span> 
     </span>
     <span class='ocr_line' id='line_1_47' title="bbox 187 2030 1070 2076; baseline -0.008 -7"><span class='ocrx_word' id='word_1_360' title='bbox 187 2037 339 2076; x_wconf 85' lang='lat' dir='ltr'><em>modum,</em></span> <span class='ocrx_word' id='word_1_361' title='bbox 362 2045 437 2067; x_wconf 91' lang='lat' dir='ltr'><em>cum</em></span> <span class='ocrx_word' id='word_1_362' title='bbox 464 2035 490 2066; x_wconf 90' lang='lat' dir='ltr'><em>is</em></span> <span class='ocrx_word' id='word_1_363' title='bbox 508 2033 595 2065; x_wconf 87' lang='lat' dir='ltr'><em>casus</em></span> <span class='ocrx_word' id='word_1_364' title='bbox 614 2032 771 2065; x_wconf 89' lang='lat' dir='ltr'><em>incidisset</em></span> <span class='ocrx_word' id='word_1_365' title='bbox 788 2055 798 2071; x_wconf 92' lang='lat'><em>,</em></span> <span class='ocrx_word' id='word_1_366' title='bbox 829 2030 1013 2072; x_wconf 80' lang='lat' dir='ltr'><em>rescripfiss&#39;e</em></span> <span class='ocrx_word' id='word_1_367' title='bbox 1037 2033 1070 2063; x_wconf 87' lang='lat' dir='ltr'><em>in</em></span> 
     </span>
     <span class='ocr_line' id='line_1_48' title="bbox 187 2071 1066 2117; baseline -0.009 -7"><span class='ocrx_word' id='word_1_368' title='bbox 187 2077 257 2110; x_wconf 85' lang='lat' dir='ltr'><em>haec</em></span> <span class='ocrx_word' id='word_1_369' title='bbox 273 2079 381 2110; x_wconf 86' lang='lat' dir='ltr'><em>verba.</em></span> <span class='ocrx_word' id='word_1_370' title='bbox 407 2076 438 2109; x_wconf 90' lang='lat' dir='ltr'><em>Is</em></span> <span class='ocrx_word' id='word_1_371' title='bbox 446 2076 530 2117; x_wconf 83' lang='lat' dir='ltr'><em>cujus</em></span> <span class='ocrx_word' id='word_1_372' title='bbox 539 2076 573 2107; x_wconf 84' lang='lat' dir='ltr'><em>de</em></span> <span class='ocrx_word' id='word_1_373' title='bbox 587 2084 621 2106; x_wconf 87' lang='lat' dir='ltr'><em>ea</em></span> <span class='ocrx_word' id='word_1_374' title='bbox 635 2083 665 2106; x_wconf 91' lang='lat' dir='ltr'><em>re</em></span> <span class='ocrx_word' id='word_1_375' title='bbox 679 2075 757 2106; x_wconf 87' lang='lat' dir='ltr'><em>notio</em></span> <span class='ocrx_word' id='word_1_376' title='bbox 774 2071 833 2115; x_wconf 75' lang='lat' dir='ltr'><em>cst,</em></span> <span class='ocrx_word' id='word_1_377' title='bbox 848 2074 946 2104; x_wconf 87' lang='lat' dir='ltr'><em>aditus</em></span> <span class='ocrx_word' id='word_1_378' title='bbox 954 2072 984 2111; x_wconf 87' lang='lat' dir='ltr'><em>Ji</em></span> <span class='ocrx_word' id='word_1_379' title='bbox 994 2081 1066 2103; x_wconf 89' lang='lat' dir='ltr'><em>com-</em></span> 
     </span>
     <span class='ocr_line' id='line_1_49' title="bbox 184 2112 1066 2161; baseline -0.008 -10"><span class='ocrx_word' id='word_1_380' title='bbox 184 2121 315 2161; x_wconf 82' lang='lat' dir='ltr'><em>pererit,</em></span> <span class='ocrx_word' id='word_1_381' title='bbox 330 2120 391 2150; x_wconf 84' lang='lat' dir='ltr'><em>ideo</em></span> <span class='ocrx_word' id='word_1_382' title='bbox 407 2120 571 2149; x_wconf 84' lang='lat' dir='ltr'><em>cautionem</em></span> <span class='ocrx_word' id='word_1_383' title='bbox 589 2126 607 2148; x_wconf 91' lang='lat' dir='ltr'><em>a</em></span> <span class='ocrx_word' id='word_1_384' title='bbox 624 2121 651 2147; x_wconf 87' lang='lat' dir='ltr'><em>te</em></span> <span class='ocrx_word' id='word_1_385' title='bbox 667 2116 765 2157; x_wconf 81' lang='lat' dir='ltr'><em>exigi,</em></span> <span class='ocrx_word' id='word_1_386' title='bbox 780 2121 814 2146; x_wconf 89' lang='lat' dir='ltr'><em>ut</em></span> <span class='ocrx_word' id='word_1_387' title='bbox 830 2124 849 2145; x_wconf 85' lang='lat' dir='ltr'><em>a</em></span> <span class='ocrx_word' id='word_1_388' title='bbox 860 2112 1066 2154; x_wconf 86' lang='lat' dir='ltr'><em>fideicommiffi</em></span> 
     </span>
     <span class='ocr_line' id='line_1_50' title="bbox 187 2155 1067 2202; baseline -0.008 -10"><span class='ocrx_word' id='word_1_389' title='bbox 187 2162 328 2202; x_wconf 83' lang='lat' dir='ltr'><em>petitione</em></span> <span class='ocrx_word' id='word_1_390' title='bbox 340 2161 504 2198; x_wconf 89' lang='lat' dir='ltr'><em>avertaris,</em></span> <span class='ocrx_word' id='word_1_391' title='bbox 521 2167 593 2189; x_wconf 87' lang='lat' dir='ltr'><em>onus</em></span> <span class='ocrx_word' id='word_1_392' title='bbox 603 2156 809 2199; x_wconf 83' lang='lat' dir='ltr'><em>satisdationis</em></span> <span class='ocrx_word' id='word_1_393' title='bbox 826 2155 935 2186; x_wconf 80' lang='lat' dir='ltr'><em>remitti</em></span> <span class='ocrx_word' id='word_1_394' title='bbox 951 2156 1005 2186; x_wconf 87' lang='lat' dir='ltr'><em>tibi</em></span> <span class='ocrx_word' id='word_1_395' title='bbox 1018 2165 1067 2186; x_wconf 91' lang='lat' dir='ltr'><em>cu-</em></span> 
     </span>
     <span class='ocr_line' id='line_1_51' title="bbox 187 2197 1067 2240; baseline -0.009 -5"><span class='ocrx_word' id='word_1_396' title='bbox 187 2203 274 2235; x_wconf 82' lang='lat' dir='ltr'><em>rabit.</em></span> <span class='ocrx_word' id='word_1_397' title='bbox 319 2199 416 2232; x_wconf 87' lang='lat' dir='ltr'><em>Unde</em></span> <span class='ocrx_word' id='word_1_398' title='bbox 440 2207 589 2240; x_wconf 86' lang='lat' dir='ltr'><em>apparet,</em></span> <span class='ocrx_word' id='word_1_399' title='bbox 614 2198 808 2236; x_wconf 78' lang='lat' dir='ltr'><em>Praetorem,</em></span> <span class='ocrx_word' id='word_1_400' title='bbox 824 2197 912 2237; x_wconf 88' lang='lat' dir='ltr'><em>quod</em></span> <span class='ocrx_word' id='word_1_401' title='bbox 928 2205 993 2228; x_wconf 91' lang='lat' dir='ltr'><em>non</em></span> <span class='ocrx_word' id='word_1_402' title='bbox 1010 2205 1067 2237; x_wconf 84' lang='lat' dir='ltr'><em>po-</em></span> 
     </span>
     <span class='ocr_line' id='line_1_52' title="bbox 189 2238 1066 2279; baseline -0.008 -4"><span class='ocrx_word' id='word_1_403' title='bbox 189 2245 253 2275; x_wconf 86' lang='lat' dir='ltr'><em>tuit</em></span> <span class='ocrx_word' id='word_1_404' title='bbox 268 2241 376 2274; x_wconf 89' lang='lat' dir='ltr'><em>facere</em></span> <span class='ocrx_word' id='word_1_405' title='bbox 393 2240 447 2272; x_wconf 91' lang='lat' dir='ltr'><em>suo</em></span> <span class='ocrx_word' id='word_1_406' title='bbox 463 2243 552 2279; x_wconf 85' lang='lat' dir='ltr'><em>jure,</em></span> <span class='ocrx_word' id='word_1_407' title='bbox 577 2239 633 2272; x_wconf 87' lang='lat' dir='ltr'><em>etfi</em></span> <span class='ocrx_word' id='word_1_408' title='bbox 652 2238 802 2271; x_wconf 84' lang='lat' dir='ltr'><em>suadente</em></span> <span class='ocrx_word' id='word_1_409' title='bbox 815 2238 987 2279; x_wconf 81' lang='lat' dir='ltr'><em>aequitate,</em></span> <span class='ocrx_word' id='word_1_410' title='bbox 1011 2247 1066 2279; x_wconf 94' lang='lat' dir='ltr'><em>po-</em></span> 
     </span>
     <span class='ocr_line' id='line_1_53' title="bbox 189 2279 1065 2323; baseline -0.005 -8"><span class='ocrx_word' id='word_1_411' title='bbox 189 2283 282 2316; x_wconf 85' lang='lat' dir='ltr'><em>tuiffe</em></span> <span class='ocrx_word' id='word_1_412' title='bbox 303 2281 413 2314; x_wconf 81' lang='lat' dir='ltr'><em>facere</em></span> <span class='ocrx_word' id='word_1_413' title='bbox 437 2291 478 2313; x_wconf 84' lang='lat' dir='ltr'><em>ex</em></span> <span class='ocrx_word' id='word_1_414' title='bbox 504 2280 652 2323; x_wconf 75' lang='lat' dir='ltr'><em>permissu</em></span> <span class='ocrx_word' id='word_1_415' title='bbox 675 2280 842 2320; x_wconf 80' lang='lat' dir='ltr'><em>Principis.</em></span> <span class='ocrx_word' id='word_1_416' title='bbox 888 2279 941 2311; x_wconf 89' lang='lat' dir='ltr'><em>Sic</em></span> <span class='ocrx_word' id='word_1_417' title='bbox 965 2280 1018 2310; x_wconf 79' lang='lat' dir='ltr'><em>illa</em></span> <span class='ocrx_word' id='word_1_418' title='bbox 1033 2279 1065 2311; x_wconf 90' lang='lat' dir='ltr'><em>in</em></span> 
     </span>
     <span class='ocr_line' id='line_1_54' title="bbox 189 2320 1064 2366; baseline -0.007 -9"><span class='ocrx_word' id='word_1_419' title='bbox 189 2324 297 2366; x_wconf 87' lang='lat' dir='ltr'><em>specie</em></span> <span class='ocrx_word' id='word_1_420' title='bbox 315 2322 521 2355; x_wconf 79' lang='lat' dir='ltr'><em>Callisti-atus.</em></span> <span class='ocrx_word' id='word_1_421' title='bbox 557 2322 607 2355; x_wconf 90' lang='lat' dir='ltr'><em>An</em></span> <span class='ocrx_word' id='word_1_422' title='bbox 625 2322 712 2354; x_wconf 90' lang='lat' dir='ltr'><em>idem</em></span> <span class='ocrx_word' id='word_1_423' title='bbox 727 2322 870 2353; x_wconf 89' lang='lat' dir='ltr'><em>dicemus</em></span> <span class='ocrx_word' id='word_1_424' title='bbox 885 2320 916 2352; x_wconf 90' lang='lat' dir='ltr'><em>in</em></span> <span class='ocrx_word' id='word_1_425' title='bbox 932 2320 1064 2352; x_wconf 77' lang='lat' dir='ltr'><em>nostra?</em></span> 
     </span>
     <span class='ocr_line' id='line_1_55' title="bbox 188 2361 1064 2407; baseline -0.007 -9"><span class='ocrx_word' id='word_1_426' title='bbox 188 2365 304 2407; x_wconf 87' lang='lat' dir='ltr'><em>procul</em></span> <span class='ocrx_word' id='word_1_427' title='bbox 320 2365 439 2396; x_wconf 88' lang='lat' dir='ltr'><em>dubio:</em></span> <span class='ocrx_word' id='word_1_428' title='bbox 463 2363 485 2395; x_wconf 88' lang='lat' dir='ltr'><strong>fi</strong></span> <span class='ocrx_word' id='word_1_429' title='bbox 499 2365 530 2396; x_wconf 92' lang='lat' dir='ltr'><em>in</em></span> <span class='ocrx_word' id='word_1_430' title='bbox 547 2373 585 2395; x_wconf 88' lang='lat' dir='ltr'><em>ea</em></span> <span class='ocrx_word' id='word_1_431' title='bbox 601 2372 732 2404; x_wconf 90' lang='lat' dir='ltr'><em>quoque</em></span> <span class='ocrx_word' id='word_1_432' title='bbox 748 2362 928 2394; x_wconf 88' lang='lat' dir='ltr'><em>intercedat</em></span> <span class='ocrx_word' id='word_1_433' title='bbox 944 2361 1064 2393; x_wconf 86' lang='lat' dir='ltr'><em>Rescri-</em></span> 
     </span>
     <span class='ocr_line' id='line_1_56' title="bbox 189 2402 1065 2447; baseline -0.006 -8"><span class='ocrx_word' id='word_1_434' title='bbox 189 2408 235 2447; x_wconf 89' lang='lat' dir='ltr'><em>pti</em></span> <span class='ocrx_word' id='word_1_435' title='bbox 253 2405 431 2438; x_wconf 63' lang='lat' dir='ltr'><em>auctoritas.</em></span> <span class='ocrx_word' id='word_1_436' title='bbox 457 2413 488 2436; x_wconf 81' lang='lat' dir='ltr'><em>at</em></span> <span class='ocrx_word' id='word_1_437' title='bbox 504 2414 571 2437; x_wconf 89' lang='lat' dir='ltr'><em>non</em></span> <span class='ocrx_word' id='word_1_438' title='bbox 587 2405 700 2443; x_wconf 89' lang='lat' dir='ltr'><em>liquet.</em></span> <span class='ocrx_word' id='word_1_439' title='bbox 721 2403 889 2435; x_wconf 87' lang='lat' dir='ltr'><em>servandus</em></span> <span class='ocrx_word' id='word_1_440' title='bbox 907 2404 1003 2444; x_wconf 83' lang='lat' dir='ltr'><em>igitur</em></span> <span class='ocrx_word' id='word_1_441' title='bbox 1019 2402 1065 2435; x_wconf 87' lang='lat' dir='ltr'><em>est</em></span> 
     </span>
     <span class='ocr_line' id='line_1_57' title="bbox 188 2445 1064 2490; baseline -0.006 -9"><span class='ocrx_word' id='word_1_442' title='bbox 188 2447 294 2482; x_wconf 71' lang='lat' dir='ltr'><em>Edieti</em></span> <span class='ocrx_word' id='word_1_443' title='bbox 308 2448 413 2490; x_wconf 87' lang='lat' dir='ltr'><em>rigor:</em></span> <span class='ocrx_word' id='word_1_444' title='bbox 432 2446 489 2480; x_wconf 86' lang='lat' dir='ltr'><em>etfi</em></span> <span class='ocrx_word' id='word_1_445' title='bbox 504 2446 683 2480; x_wconf 82' lang='lat' dir='ltr'><em>humanitas</em></span> <span class='ocrx_word' id='word_1_446' title='bbox 698 2454 766 2478; x_wconf 89' lang='lat' dir='ltr'><em>non</em></span> <span class='ocrx_word' id='word_1_447' title='bbox 780 2452 872 2477; x_wconf 87' lang='lat' dir='ltr'><em>vetet</em></span> <span class='ocrx_word' id='word_1_448' title='bbox 887 2445 926 2476; x_wconf 87' lang='lat' dir='ltr'><em>de</em></span> <span class='ocrx_word' id='word_1_449' title='bbox 944 2453 1064 2486; x_wconf 88' lang='lat' dir='ltr'><em>tempe-</em></span> 
     </span>
    </p>
   </div>
   <div class='ocr_carea' id='block_1_3' title="bbox 905 2549 1070 2586">
    <p class='ocr_par' dir='ltr' id='par_1_3' title="bbox 905 2549 1070 2586">
     <span class='ocr_line' id='line_1_58' title="bbox 905 2549 1070 2586; baseline 0.006 -1"><span class='ocrx_word' id='word_1_450' title='bbox 905 2549 1070 2586; x_wconf 51' lang='lat' dir='ltr'><em>Capu</em></span> 
     </span>
    </p>
   </div>
   <div class='ocr_carea' id='block_1_4' title="bbox 763 85 1374 124">
    <p class='ocr_par' dir='ltr' id='par_1_4' title="bbox 763 85 1374 124">
     <span class='ocr_line' id='line_1_59' title="bbox 763 85 1374 124; baseline -0.007 0"><span class='ocrx_word' id='word_1_451' title='bbox 763 85 1091 124; x_wconf 70' lang='lat' dir='ltr'><em>&#39;GERARnt</em></span> <span class='ocrx_word' id='word_1_452' title='bbox 1140 85 1374 121; x_wconf 76' lang='lat' dir='ltr'><em>Noonr</em></span> 
     </span>
    </p>
   </div>
   <div class='ocr_carea' id='block_1_5' title="bbox 1092 169 2009 2486">
    <p class='ocr_par' dir='ltr' id='par_1_5' title="bbox 1092 169 2009 670">
     <span class='ocr_line' id='line_1_60' title="bbox 1103 169 1970 215; baseline 0 -8"><span class='ocrx_word' id='word_1_453' title='bbox 1103 181 1251 208; x_wconf 84' lang='lat' dir='ltr'><em>ramento</em></span> <span class='ocrx_word' id='word_1_454' title='bbox 1266 172 1409 215; x_wconf 88' lang='lat' dir='ltr'><em>cogitari.</em></span> <span class='ocrx_word' id='word_1_455' title='bbox 1455 169 1574 210; x_wconf 86' lang='lat' dir='ltr'><em>Neque</em></span> <span class='ocrx_word' id='word_1_456' title='bbox 1596 170 1731 212; x_wconf 84' lang='lat' dir='ltr'><em>ignoro,</em></span> <span class='ocrx_word' id='word_1_457' title='bbox 1753 171 1784 205; x_wconf 86' lang='lat' dir='ltr'><em>id</em></span> <span class='ocrx_word' id='word_1_458' title='bbox 1801 173 1970 215; x_wconf 85' lang='lat' dir='ltr'><em>aliquando</em></span> 
     </span>
     <span class='ocr_line' id='line_1_61' title="bbox 1103 212 1972 258; baseline -0.006 -10"><span class='ocrx_word' id='word_1_459' title='bbox 1103 217 1230 258; x_wconf 84' lang='lat' dir='ltr'><em>egregie</em></span> <span class='ocrx_word' id='word_1_460' title='bbox 1247 215 1364 247; x_wconf 66' lang='lat' dir='ltr'><em>fafitum</em></span> <span class='ocrx_word' id='word_1_461' title='bbox 1390 212 1452 245; x_wconf 84' lang='lat' dir='ltr'><em>ess&#39;e</em></span> <span class='ocrx_word' id='word_1_462' title='bbox 1469 223 1486 244; x_wconf 88' lang='lat' dir='ltr'><em>a</em></span> <span class='ocrx_word' id='word_1_463' title='bbox 1511 212 1682 244; x_wconf 83' lang='lat' dir='ltr'><em>Veteribus</em></span> <span class='ocrx_word' id='word_1_464' title='bbox 1698 215 1730 244; x_wconf 90' lang='lat' dir='ltr'><em>in</em></span> <span class='ocrx_word' id='word_1_465' title='bbox 1746 212 1757 243; x_wconf 89' lang='lat' dir='ltr'><em>l</em></span> <span class='ocrx_word' id='word_1_466' title='bbox 1786 225 1816 254; x_wconf 86' lang='lat'><em>5.</em></span> <span class='ocrx_word' id='word_1_467' title='bbox 1833 214 1862 256; x_wconf 54' lang='grc' dir='ltr'><em>ᾗ,</em></span> <span class='ocrx_word' id='word_1_468' title='bbox 1881 226 1908 248; x_wconf 72' lang='lat'><em>2,</em></span> <span class='ocrx_word' id='word_1_469' title='bbox 1927 216 1972 250; x_wconf 76' lang='lat' dir='ltr'><em>D,</em></span> 
     </span>
     <span class='ocr_line' id='line_1_62' title="bbox 1103 254 1972 295; baseline -0.001 -5"><span class='ocrx_word' id='word_1_470' title='bbox 1103 261 1137 290; x_wconf 86' lang='lat' dir='ltr'><em>de</em></span> <span class='ocrx_word' id='word_1_471' title='bbox 1153 258 1331 289; x_wconf 84' lang='lat' dir='ltr'><em>Carboniano</em></span> <span class='ocrx_word' id='word_1_472' title='bbox 1348 254 1461 287; x_wconf 65' lang='lat' dir='ltr'><em>Editio.</em></span> <span class='ocrx_word' id='word_1_473' title='bbox 1507 254 1569 286; x_wconf 86' lang='lat' dir='ltr'><em>Sed</em></span> <span class='ocrx_word' id='word_1_474' title='bbox 1585 254 1615 285; x_wconf 86' lang='lat' dir='ltr'><em>iu</em></span> <span class='ocrx_word' id='word_1_475' title='bbox 1633 254 1797 295; x_wconf 72' lang='lat' dir='ltr'><em>proposito</em></span> <span class='ocrx_word' id='word_1_476' title='bbox 1815 256 1892 288; x_wconf 82' lang='lat' dir='ltr'><em>nihil</em></span> <span class='ocrx_word' id='word_1_477' title='bbox 1910 258 1972 289; x_wconf 86' lang='lat' dir='ltr'><em>tale</em></span> 
     </span>
     <span class='ocr_line' id='line_1_63' title="bbox 1103 295 2009 340; baseline -0.002 -9"><span class='ocrx_word' id='word_1_478' title='bbox 1103 307 1235 340; x_wconf 85' lang='lat' dir='ltr'><em>usquam</em></span> <span class='ocrx_word' id='word_1_479' title='bbox 1257 298 1408 330; x_wconf 88' lang='lat' dir='ltr'><em>occurrit.</em></span> <span class='ocrx_word' id='word_1_480' title='bbox 1432 304 1513 337; x_wconf 89' lang='lat' dir='ltr'><em>puto</em></span> <span class='ocrx_word' id='word_1_481' title='bbox 1536 295 1651 337; x_wconf 81' lang='lat' dir='ltr'><em>igitur,</em></span> <span class='ocrx_word' id='word_1_482' title='bbox 1673 305 1739 327; x_wconf 94' lang='lat' dir='ltr'><em>non</em></span> <span class='ocrx_word' id='word_1_483' title='bbox 1762 295 1824 327; x_wconf 75' lang='lat' dir='ltr'><em>ess‘e</em></span> <span class='ocrx_word' id='word_1_484' title='bbox 1840 298 1971 336; x_wconf 85' lang='lat' dir='ltr'><em>privatae</em></span> <span class='ocrx_word' id='word_1_485' title='bbox 2007 305 2009 313; x_wconf 82' lang='lat'><strong><em>¹</em></strong></span> 
     </span>
     <span class='ocr_line' id='line_1_64' title="bbox 1103 336 1970 380; baseline -0.005 -7"><span class='ocrx_word' id='word_1_486' title='bbox 1103 339 1378 380; x_wconf 79' lang='lat' dir='ltr'><em>interpretationis</em></span> <span class='ocrx_word' id='word_1_487' title='bbox 1389 340 1439 369; x_wconf 89' lang='lat' dir='ltr'><em>cui</em></span> <span class='ocrx_word' id='word_1_488' title='bbox 1456 346 1517 368; x_wconf 92' lang='lat' dir='ltr'><em>una</em></span> <span class='ocrx_word' id='word_1_489' title='bbox 1530 337 1561 368; x_wconf 88' lang='lat' dir='ltr'><em>in</em></span> <span class='ocrx_word' id='word_1_490' title='bbox 1578 336 1638 368; x_wconf 81' lang='lat' dir='ltr'><em>hac</em></span> <span class='ocrx_word' id='word_1_491' title='bbox 1654 344 1721 369; x_wconf 83' lang='lat' dir='ltr'><em>arte</em></span> <span class='ocrx_word' id='word_1_492' title='bbox 1736 336 1841 368; x_wconf 72' lang='lat' dir='ltr'><em>reliCla</em></span> <span class='ocrx_word' id='word_1_493' title='bbox 1853 337 1897 369; x_wconf 90' lang='lat' dir='ltr'><em>est</em></span> <span class='ocrx_word' id='word_1_494' title='bbox 1913 338 1970 369; x_wconf 91' lang='lat' dir='ltr'><em>ob-</em></span> 
     </span>
     <span class='ocr_line' id='line_1_65' title="bbox 1104 379 1970 423; baseline -0.002 -9"><span class='ocrx_word' id='word_1_495' title='bbox 1104 382 1201 423; x_wconf 86' lang='lat' dir='ltr'><em>sequii</em></span> <span class='ocrx_word' id='word_1_496' title='bbox 1216 382 1335 423; x_wconf 87' lang='lat' dir='ltr'><em>gloria,</em></span> <span class='ocrx_word' id='word_1_497' title='bbox 1356 387 1516 421; x_wconf 78' lang='lat' dir='ltr'><em>praetextu</em></span> <span class='ocrx_word' id='word_1_498' title='bbox 1530 379 1688 419; x_wconf 80' lang='lat' dir='ltr'><em>aequitatis</em></span> <span class='ocrx_word' id='word_1_499' title='bbox 1704 379 1856 410; x_wconf 86' lang='lat' dir='ltr'><em>recedere</em></span> <span class='ocrx_word' id='word_1_500' title='bbox 1871 388 1888 409; x_wconf 88' lang='lat' dir='ltr'><em>a</em></span> <span class='ocrx_word' id='word_1_501' title='bbox 1905 379 1970 412; x_wconf 85' lang='lat' dir='ltr'><em>stri-</em></span> 
     </span>
     <span class='ocr_line' id='line_1_66' title="bbox 1102 419 1972 461; baseline -0.006 -6"><span class='ocrx_word' id='word_1_502' title='bbox 1102 423 1151 455; x_wconf 79' lang='lat' dir='ltr'><em>Cta</em></span> <span class='ocrx_word' id='word_1_503' title='bbox 1173 425 1297 455; x_wconf 88' lang='lat' dir='ltr'><em>ratione</em></span> <span class='ocrx_word' id='word_1_504' title='bbox 1320 430 1406 453; x_wconf 88' lang='lat' dir='ltr'><em>certa</em></span> <span class='ocrx_word' id='word_1_505' title='bbox 1423 421 1453 452; x_wconf 72' lang='grc' dir='ltr'>ἀ</span> <span class='ocrx_word' id='word_1_506' title='bbox 1475 420 1578 459; x_wconf 84' lang='lat' dir='ltr'><em>clara3</em></span> <span class='ocrx_word' id='word_1_507' title='bbox 1602 420 1754 461; x_wconf 88' lang='lat' dir='ltr'><em>quamdiu</em></span> <span class='ocrx_word' id='word_1_508' title='bbox 1772 419 1868 457; x_wconf 85' lang='lat' dir='ltr'><em>ceil&#39;at</em></span> <span class='ocrx_word' id='word_1_509' title='bbox 1886 420 1972 453; x_wconf 81' lang='lat' dir='ltr'><em>beni.-</em></span> 
     </span>
     <span class='ocr_line' id='line_1_67' title="bbox 1102 461 1973 506; baseline -0.005 -10"><span class='ocrx_word' id='word_1_510' title='bbox 1102 465 1204 506; x_wconf 86' lang='lat' dir='ltr'><em>gnitas</em></span> <span class='ocrx_word' id='word_1_511' title='bbox 1212 462 1407 503; x_wconf 73' lang='lat' dir='ltr'><em>Principalis,</em></span> <span class='ocrx_word' id='word_1_512' title='bbox 1424 461 1489 493; x_wconf 90' lang='lat' dir='ltr'><em>hoc</em></span> <span class='ocrx_word' id='word_1_513' title='bbox 1505 471 1545 494; x_wconf 92' lang='lat' dir='ltr'><em>eo</em></span> <span class='ocrx_word' id='word_1_514' title='bbox 1558 462 1682 494; x_wconf 89' lang='lat' dir='ltr'><em>minore</em></span> <span class='ocrx_word' id='word_1_515' title='bbox 1697 461 1800 493; x_wconf 86' lang='lat' dir='ltr'><em>dicam</em></span> <span class='ocrx_word' id='word_1_516' title='bbox 1813 462 1973 502; x_wconf 74' lang='lat' dir='ltr'><em>periculo:</em></span> 
     </span>
     <span class='ocr_line' id='line_1_68' title="bbox 1102 502 1972 546; baseline 0 -10"><span class='ocrx_word' id='word_1_517' title='bbox 1102 515 1175 538; x_wconf 88' lang='lat' dir='ltr'><em>cum</em></span> <span class='ocrx_word' id='word_1_518' title='bbox 1191 511 1359 546; x_wconf 86' lang='lat' dir='ltr'><em>appareat,</em></span> <span class='ocrx_word' id='word_1_519' title='bbox 1382 502 1586 543; x_wconf 77' lang='lat' dir='ltr'><em>justinianum</em></span> <span class='ocrx_word' id='word_1_520' title='bbox 1602 502 1742 544; x_wconf 79' lang='lat' dir='ltr'><em>puraffe,</em></span> <span class='ocrx_word' id='word_1_521' title='bbox 1763 502 1869 535; x_wconf 86' lang='lat' dir='ltr'><em>adhuc</em></span> <span class='ocrx_word' id='word_1_522' title='bbox 1883 502 1972 536; x_wconf 72' lang='lat' dir='ltr'><em>suiffe</em></span> 
     </span>
     <span class='ocr_line' id='line_1_69' title="bbox 1102 545 1973 585; baseline -0.002 -6"><span class='ocrx_word' id='word_1_523' title='bbox 1102 547 1157 579; x_wconf 87' lang='lat' dir='ltr'><em>fibi</em></span> <span class='ocrx_word' id='word_1_524' title='bbox 1173 545 1315 585; x_wconf 85' lang='lat' dir='ltr'><em>necesse,</em></span> <span class='ocrx_word' id='word_1_525' title='bbox 1331 546 1361 576; x_wconf 91' lang='lat' dir='ltr'><em>in</em></span> <span class='ocrx_word' id='word_1_526' title='bbox 1374 552 1473 576; x_wconf 89' lang='lat' dir='ltr'><em>matre</em></span> <span class='ocrx_word' id='word_1_527' title='bbox 1488 545 1573 576; x_wconf 91' lang='lat' dir='ltr'><em>circa</em></span> <span class='ocrx_word' id='word_1_528' title='bbox 1587 545 1772 576; x_wconf 85' lang='lat' dir='ltr'><em>cautionem</em></span> <span class='ocrx_word' id='word_1_529' title='bbox 1784 545 1844 576; x_wconf 90' lang='lat' dir='ltr'><em>hac</em></span> <span class='ocrx_word' id='word_1_530' title='bbox 1859 546 1890 576; x_wconf 91' lang='lat' dir='ltr'><em>in</em></span> <span class='ocrx_word' id='word_1_531' title='bbox 1907 553 1973 585; x_wconf 89' lang='lat' dir='ltr'><em>par·</em></span> 
     </span>
     <span class='ocr_line' id='line_1_70' title="bbox 1104 585 1973 628; baseline -0.001 -8"><span class='ocrx_word' id='word_1_532' title='bbox 1104 596 1137 620; x_wconf 90' lang='lat' dir='ltr'><em>te</em></span> <span class='ocrx_word' id='word_1_533' title='bbox 1158 588 1262 628; x_wconf 85' lang='lat' dir='ltr'><em>aliqua</em></span> <span class='ocrx_word' id='word_1_534' title='bbox 1285 586 1463 626; x_wconf 87' lang='lat' dir='ltr'><em>specialiter</em></span> <span class='ocrx_word' id='word_1_535' title='bbox 1486 586 1681 618; x_wconf 89' lang='lat' dir='ltr'><em>constituere</em></span> <span class='ocrx_word' id='word_1_536' title='bbox 1701 585 1722 618; x_wconf 81' lang='lat'><em>1.</em></span> <span class='ocrx_word' id='word_1_537' title='bbox 1737 589 1768 618; x_wconf 89' lang='lat'><em>6.</em></span> <span class='ocrx_word' id='word_1_538' title='bbox 1789 585 1818 628; x_wconf 58' lang='grc' dir='ltr'><em>ἓ.</em></span> <span class='ocrx_word' id='word_1_539' title='bbox 1839 596 1866 619; x_wconf 87' lang='lat'><em>1.</em></span> <span class='ocrx_word' id='word_1_540' title='bbox 1887 586 1920 618; x_wconf 90' lang='lat' dir='ltr'><em>C.</em></span> <span class='ocrx_word' id='word_1_541' title='bbox 1940 587 1973 619; x_wconf 77' lang='lat' dir='ltr'><em>de</em></span> 
     </span>
     <span class='ocr_line' id='line_1_71' title="bbox 1092 629 1366 670; baseline -0.011 -9"><span class='ocrx_word' id='word_1_542' title='bbox 1092 630 1230 670; x_wconf 83' lang='lat' dir='ltr'><em>secundis</em></span> <span class='ocrx_word' id='word_1_543' title='bbox 1246 629 1366 668; x_wconf 83' lang='lat' dir='ltr'><em>nuptiis.</em></span> 
     </span>
    </p>

    <p class='ocr_par' dir='ltr' id='par_1_6' title="bbox 1102 667 1983 1496">
     <span class='ocr_line' id='line_1_72' title="bbox 1144 667 1976 710; baseline -0.001 -8"><span class='ocrx_word' id='word_1_544' title='bbox 1144 671 1199 702; x_wconf 84' lang='lat' dir='ltr'><em>Ait</em></span> <span class='ocrx_word' id='word_1_545' title='bbox 1224 670 1319 710; x_wconf 87' lang='lat' dir='ltr'><em>igitur</em></span> <span class='ocrx_word' id='word_1_546' title='bbox 1341 668 1482 707; x_wconf 75' lang='lat' dir='ltr'><em>Praetor,</em></span> <span class='ocrx_word' id='word_1_547' title='bbox 1506 667 1539 699; x_wconf 90' lang='lat' dir='ltr'><em>Si</em></span> <span class='ocrx_word' id='word_1_548' title='bbox 1560 678 1620 700; x_wconf 85' lang='lat' dir='ltr'><em>non</em></span> <span class='ocrx_word' id='word_1_549' title='bbox 1631 669 1813 709; x_wconf 86' lang='lat' dir='ltr'><em>satisdabit,</em></span> <span class='ocrx_word' id='word_1_550' title='bbox 1836 668 1976 702; x_wconf 65' lang='lat' dir='ltr'><em>aaronem</em></span> 
     </span>
     <span class='ocr_line' id='line_1_73' title="bbox 1102 709 1976 752; baseline -0.001 -8"><span class='ocrx_word' id='word_1_551' title='bbox 1102 722 1160 744; x_wconf 83' lang='lat' dir='ltr'><em>non</em></span> <span class='ocrx_word' id='word_1_552' title='bbox 1174 712 1254 743; x_wconf 89' lang='lat' dir='ltr'><em>dabo.</em></span> <span class='ocrx_word' id='word_1_553' title='bbox 1287 710 1384 751; x_wconf 91' lang='lat' dir='ltr'><em>quid,</em></span> <span class='ocrx_word' id='word_1_554' title='bbox 1406 709 1429 741; x_wconf 88' lang='lat' dir='ltr'><strong>fi</strong></span> <span class='ocrx_word' id='word_1_555' title='bbox 1454 710 1635 750; x_wconf 85' lang='lat' dir='ltr'><em>proprietas</em></span> <span class='ocrx_word' id='word_1_556' title='bbox 1651 711 1745 743; x_wconf 90' lang='lat' dir='ltr'><em>alicui</em></span> <span class='ocrx_word' id='word_1_557' title='bbox 1763 711 1865 752; x_wconf 86' lang='lat' dir='ltr'><em>legata</em></span> <span class='ocrx_word' id='word_1_558' title='bbox 1881 709 1917 743; x_wconf 87' lang='lat' dir='ltr'><em>fit</em></span> <span class='ocrx_word' id='word_1_559' title='bbox 1933 720 1976 743; x_wconf 84' lang='lat' dir='ltr'><em>ex</em></span> 
     </span>
     <span class='ocr_line' id='line_1_74' title="bbox 1103 751 1976 793; baseline -0.003 -8"><span class='ocrx_word' id='word_1_560' title='bbox 1103 755 1176 793; x_wconf 91' lang='lat' dir='ltr'><em>die;</em></span> <span class='ocrx_word' id='word_1_561' title='bbox 1198 751 1388 784; x_wconf 65' lang='lat' dir='ltr'><em>ususfructus</em></span> <span class='ocrx_word' id='word_1_562' title='bbox 1412 751 1517 791; x_wconf 74' lang='lat' dir='ltr'><em>pure?</em></span> <span class='ocrx_word' id='word_1_563' title='bbox 1539 751 1561 783; x_wconf 86' lang='lat' dir='ltr'>fi</span> <span class='ocrx_word' id='word_1_564' title='bbox 1576 753 1614 784; x_wconf 88' lang='lat' dir='ltr'><em>ad</em></span> <span class='ocrx_word' id='word_1_565' title='bbox 1629 751 1777 785; x_wconf 86' lang='lat' dir='ltr'><em>Praetoris</em></span> <span class='ocrx_word' id='word_1_566' title='bbox 1795 753 1891 783; x_wconf 89' lang='lat' dir='ltr'><em>verba</em></span> <span class='ocrx_word' id='word_1_567' title='bbox 1908 752 1976 792; x_wconf 83' lang='lat' dir='ltr'><em>spe-</em></span> 
     </span>
     <span class='ocr_line' id='line_1_75' title="bbox 1105 792 1976 834; baseline -0.002 -7"><span class='ocrx_word' id='word_1_568' title='bbox 1105 795 1242 827; x_wconf 70' lang='lat' dir='ltr'><em>stamus:</em></span> <span class='ocrx_word' id='word_1_569' title='bbox 1266 793 1370 824; x_wconf 88' lang='lat' dir='ltr'><em>verius</em></span> <span class='ocrx_word' id='word_1_570' title='bbox 1393 792 1458 832; x_wconf 89' lang='lat' dir='ltr'><em>est,</em></span> <span class='ocrx_word' id='word_1_571' title='bbox 1481 792 1569 824; x_wconf 88' lang='lat' dir='ltr'><em>hunc</em></span> <span class='ocrx_word' id='word_1_572' title='bbox 1584 802 1716 834; x_wconf 90' lang='lat' dir='ltr'><em>quoque</em></span> <span class='ocrx_word' id='word_1_573' title='bbox 1733 795 1834 825; x_wconf 90' lang='lat' dir='ltr'><em>teneri</em></span> <span class='ocrx_word' id='word_1_574' title='bbox 1851 792 1976 825; x_wconf 81' lang='lat' dir='ltr'><em>satisda-</em></span> 
     </span>
     <span class='ocr_line' id='line_1_76' title="bbox 1105 833 1975 876; baseline -0.002 -8"><span class='ocrx_word' id='word_1_575' title='bbox 1105 847 1157 868; x_wconf 90' lang='lat' dir='ltr'><em>re:</em></span> <span class='ocrx_word' id='word_1_576' title='bbox 1172 835 1314 876; x_wconf 89' lang='lat' dir='ltr'><em>alioquin</em></span> <span class='ocrx_word' id='word_1_577' title='bbox 1328 834 1358 865; x_wconf 89' lang='lat' dir='ltr'><em>ei</em></span> <span class='ocrx_word' id='word_1_578' title='bbox 1376 833 1525 874; x_wconf 86' lang='lat' dir='ltr'><em>denegari</em></span> <span class='ocrx_word' id='word_1_579' title='bbox 1542 833 1720 867; x_wconf 73' lang='lat' dir='ltr'><em>actionem:</em></span> <span class='ocrx_word' id='word_1_580' title='bbox 1738 835 1812 875; x_wconf 89' lang='lat' dir='ltr'><em>quia</em></span> <span class='ocrx_word' id='word_1_581' title='bbox 1827 833 1975 866; x_wconf 83' lang='lat' dir='ltr'><em>Praetoris</em></span> 
     </span>
     <span class='ocr_line' id='line_1_77' title="bbox 1107 874 1977 910; baseline -0.001 -1"><span class='ocrx_word' id='word_1_582' title='bbox 1107 878 1212 910; x_wconf 90' lang='lat' dir='ltr'><em>verbis</em></span> <span class='ocrx_word' id='word_1_583' title='bbox 1236 885 1301 909; x_wconf 90' lang='lat' dir='ltr'><em>non</em></span> <span class='ocrx_word' id='word_1_584' title='bbox 1325 874 1493 907; x_wconf 88' lang='lat' dir='ltr'><em>excusatur</em></span> <span class='ocrx_word' id='word_1_585' title='bbox 1508 883 1525 907; x_wconf 87' lang='lat' dir='ltr'><em>a</em></span> <span class='ocrx_word' id='word_1_586' title='bbox 1540 877 1676 907; x_wconf 87' lang='lat' dir='ltr'><em>cavendi</em></span> <span class='ocrx_word' id='word_1_587' title='bbox 1700 875 1892 907; x_wconf 77' lang='lat' dir='ltr'><em>necessitate.</em></span> <span class='ocrx_word' id='word_1_588' title='bbox 1924 875 1977 909; x_wconf 90' lang='lat' dir='ltr'><em>sed</em></span> 
     </span>
     <span class='ocr_line' id='line_1_78' title="bbox 1104 916 1979 958; baseline -0.002 -7"><span class='ocrx_word' id='word_1_589' title='bbox 1104 928 1171 951; x_wconf 92' lang='lat' dir='ltr'><em>non</em></span> <span class='ocrx_word' id='word_1_590' title='bbox 1188 918 1250 950; x_wconf 84' lang='lat' dir='ltr'><em>fuit</em></span> <span class='ocrx_word' id='word_1_591' title='bbox 1266 927 1302 949; x_wconf 91' lang='lat' dir='ltr'><em>ea</em></span> <span class='ocrx_word' id='word_1_592' title='bbox 1318 925 1406 948; x_wconf 86' lang='lat' dir='ltr'><em>mens</em></span> <span class='ocrx_word' id='word_1_593' title='bbox 1419 916 1586 948; x_wconf 84' lang='lat' dir='ltr'><em>Praetoris:</em></span> <span class='ocrx_word' id='word_1_594' title='bbox 1602 926 1674 948; x_wconf 90' lang='lat' dir='ltr'><em>cum</em></span> <span class='ocrx_word' id='word_1_595' title='bbox 1692 918 1777 948; x_wconf 88' lang='lat' dir='ltr'><em>enim</em></span> <span class='ocrx_word' id='word_1_596' title='bbox 1794 917 1891 955; x_wconf 86' lang='lat' dir='ltr'><em>velit,</em></span> <span class='ocrx_word' id='word_1_597' title='bbox 1907 926 1979 958; x_wconf 87' lang='lat' dir='ltr'><em>pro-</em></span> 
     </span>
     <span class='ocr_line' id='line_1_79' title="bbox 1105 957 1979 1002; baseline -0.002 -10"><span class='ocrx_word' id='word_1_598' title='bbox 1105 960 1260 1002; x_wconf 87' lang='lat' dir='ltr'><em>prietario</em></span> <span class='ocrx_word' id='word_1_599' title='bbox 1287 957 1453 990; x_wconf 88' lang='lat' dir='ltr'><em>consulere</em></span> <span class='ocrx_word' id='word_1_600' title='bbox 1476 957 1613 997; x_wconf 82' lang='lat' dir='ltr'><em>praestita</em></span> <span class='ocrx_word' id='word_1_601' title='bbox 1637 958 1812 997; x_wconf 83' lang='lat' dir='ltr'><em>cautione3</em></span> <span class='ocrx_word' id='word_1_602' title='bbox 1836 967 1896 989; x_wconf 86' lang='lat' dir='ltr'><em>una</em></span> <span class='ocrx_word' id='word_1_603' title='bbox 1919 959 1979 990; x_wconf 90' lang='lat' dir='ltr'><em>erit</em></span> 
     </span>
     <span class='ocr_line' id='line_1_80' title="bbox 1106 998 1979 1043; baseline -0.003 -9"><span class='ocrx_word' id='word_1_604' title='bbox 1106 1000 1284 1043; x_wconf 69' lang='lat' dir='ltr'><em>inspecti03</em></span> <span class='ocrx_word' id='word_1_605' title='bbox 1307 1007 1413 1031; x_wconf 87' lang='lat' dir='ltr'><em>utrum</em></span> <span class='ocrx_word' id='word_1_606' title='bbox 1437 998 1568 1037; x_wconf 87' lang='lat' dir='ltr'><em>heredi,</em></span> <span class='ocrx_word' id='word_1_607' title='bbox 1592 1008 1629 1031; x_wconf 87' lang='lat' dir='ltr'><em>an</em></span> <span class='ocrx_word' id='word_1_608' title='bbox 1653 998 1709 1030; x_wconf 78' lang='lat' dir='ltr'><em>libi</em></span> <span class='ocrx_word' id='word_1_609' title='bbox 1731 1008 1846 1031; x_wconf 89' lang='lat' dir='ltr'><em>cavere</em></span> <span class='ocrx_word' id='word_1_610' title='bbox 1864 999 1979 1032; x_wconf 88' lang='lat' dir='ltr'><em>debeat</em></span> 
     </span>
     <span class='ocr_line' id='line_1_81' title="bbox 1105 1040 1980 1080; baseline -0.002 -5"><span class='ocrx_word' id='word_1_611' title='bbox 1105 1042 1310 1075; x_wconf 74' lang='lat' dir='ltr'><em>fructuarius.</em></span> <span class='ocrx_word' id='word_1_612' title='bbox 1342 1040 1372 1072; x_wconf 73' lang='grc' dir='ltr'><em>ὅ(</em></span> <span class='ocrx_word' id='word_1_613' title='bbox 1396 1048 1548 1080; x_wconf 83' lang='lat' dir='ltr'><em>quantum</em></span> <span class='ocrx_word' id='word_1_614' title='bbox 1569 1041 1607 1072; x_wconf 85' lang='lat' dir='ltr'><em>ad</em></span> <span class='ocrx_word' id='word_1_615' title='bbox 1633 1040 1782 1072; x_wconf 85' lang='lat' dir='ltr'><em>heredem</em></span> <span class='ocrx_word' id='word_1_616' title='bbox 1801 1041 1933 1080; x_wconf 84' lang='lat' dir='ltr'><em>attinet,</em></span> <span class='ocrx_word' id='word_1_617' title='bbox 1956 1042 1980 1073; x_wconf 80' lang='lat' dir='ltr'><em>is</em></span> 
     </span>
     <span class='ocr_line' id='line_1_82' title="bbox 1107 1081 1976 1124; baseline -0.002 -8"><span class='ocrx_word' id='word_1_618' title='bbox 1107 1084 1205 1116; x_wconf 85' lang='lat' dir='ltr'><em>habet</em></span> <span class='ocrx_word' id='word_1_619' title='bbox 1221 1083 1351 1124; x_wconf 88' lang='lat' dir='ltr'><em>quidem</em></span> <span class='ocrx_word' id='word_1_620' title='bbox 1369 1081 1617 1122; x_wconf 83' lang='lat' dir='ltr'><em>proprietatem,</em></span> <span class='ocrx_word' id='word_1_621' title='bbox 1642 1081 1693 1113; x_wconf 89' lang='lat' dir='ltr'><em>sed</em></span> <span class='ocrx_word' id='word_1_622' title='bbox 1712 1082 1789 1113; x_wconf 89' lang='lat' dir='ltr'><em>nihil</em></span> <span class='ocrx_word' id='word_1_623' title='bbox 1802 1082 1930 1114; x_wconf 83' lang='lat' dir='ltr'><em>interest</em></span> <span class='ocrx_word' id='word_1_624' title='bbox 1946 1092 1976 1114; x_wconf 90' lang='lat' dir='ltr'><em>e-</em></span> 
     </span>
     <span class='ocr_line' id='line_1_83' title="bbox 1105 1122 1979 1166; baseline -0.001 -9"><span class='ocrx_word' id='word_1_625' title='bbox 1105 1126 1153 1166; x_wconf 79' lang='lat' dir='ltr'><em>jus</em></span> <span class='ocrx_word' id='word_1_626' title='bbox 1168 1137 1176 1158; x_wconf 77' lang='lat' dir='ltr'>z</span> <span class='ocrx_word' id='word_1_627' title='bbox 1191 1125 1314 1156; x_wconf 87' lang='lat' dir='ltr'><em>abitura</em></span> <span class='ocrx_word' id='word_1_628' title='bbox 1330 1123 1369 1154; x_wconf 84' lang='lat' dir='ltr'><em>ab</em></span> <span class='ocrx_word' id='word_1_629' title='bbox 1379 1132 1420 1154; x_wconf 88' lang='lat' dir='ltr'><em>eo</em></span> <span class='ocrx_word' id='word_1_630' title='bbox 1430 1122 1500 1163; x_wconf 89' lang='lat' dir='ltr'><em>post</em></span> <span class='ocrx_word' id='word_1_631' title='bbox 1511 1123 1595 1155; x_wconf 85' lang='lat' dir='ltr'><em>diem</em></span> <span class='ocrx_word' id='word_1_632' title='bbox 1605 1124 1810 1164; x_wconf 82' lang='lat' dir='ltr'><em>proprietate.</em></span> <span class='ocrx_word' id='word_1_633' title='bbox 1828 1131 1979 1164; x_wconf 82' lang='lat' dir='ltr'><em>quantum</em></span> 
     </span>
     <span class='ocr_line' id='line_1_84' title="bbox 1108 1164 1979 1206; baseline -0.002 -8"><span class='ocrx_word' id='word_1_634' title='bbox 1108 1176 1188 1198; x_wconf 91' lang='lat' dir='ltr'><em>vero</em></span> <span class='ocrx_word' id='word_1_635' title='bbox 1205 1167 1245 1198; x_wconf 86' lang='lat' dir='ltr'><em>ad</em></span> <span class='ocrx_word' id='word_1_636' title='bbox 1266 1164 1473 1197; x_wconf 63' lang='lat' dir='ltr'><em>fructuarium</em></span> <span class='ocrx_word' id='word_1_637' title='bbox 1499 1165 1658 1205; x_wconf 82' lang='lat' dir='ltr'><em>pertinet3</em></span> <span class='ocrx_word' id='word_1_638' title='bbox 1682 1173 1805 1196; x_wconf 89' lang='lat' dir='ltr'><em>certum</em></span> <span class='ocrx_word' id='word_1_639' title='bbox 1824 1164 1886 1204; x_wconf 87' lang='lat' dir='ltr'><em>est,</em></span> <span class='ocrx_word' id='word_1_640' title='bbox 1909 1174 1979 1206; x_wconf 87' lang='lat' dir='ltr'><em>pro-</em></span> 
     </span>
     <span class='ocr_line' id='line_1_85' title="bbox 1107 1205 1979 1248; baseline 0 -9"><span class='ocrx_word' id='word_1_641' title='bbox 1107 1207 1276 1248; x_wconf 87' lang='lat' dir='ltr'><em>prietatem</em></span> <span class='ocrx_word' id='word_1_642' title='bbox 1292 1205 1343 1237; x_wconf 89' lang='lat' dir='ltr'><em>vel</em></span> <span class='ocrx_word' id='word_1_643' title='bbox 1359 1206 1399 1237; x_wconf 89' lang='lat' dir='ltr'><em>ad</em></span> <span class='ocrx_word' id='word_1_644' title='bbox 1413 1214 1506 1244; x_wconf 90' lang='lat' dir='ltr'><em>eum,</em></span> <span class='ocrx_word' id='word_1_645' title='bbox 1522 1205 1573 1237; x_wconf 88' lang='lat' dir='ltr'><em>vel</em></span> <span class='ocrx_word' id='word_1_646' title='bbox 1590 1207 1628 1238; x_wconf 81' lang='lat' dir='ltr'><em>ad</em></span> <span class='ocrx_word' id='word_1_647' title='bbox 1644 1205 1796 1238; x_wconf 86' lang='lat' dir='ltr'><em>heredem</em></span> <span class='ocrx_word' id='word_1_648' title='bbox 1813 1205 1897 1246; x_wconf 85' lang='lat' dir='ltr'><em>ejus,</em></span> <span class='ocrx_word' id='word_1_649' title='bbox 1913 1215 1979 1247; x_wconf 90' lang='lat' dir='ltr'><em>per·</em></span> 
     </span>
     <span class='ocr_line' id='line_1_86' title="bbox 1107 1246 1979 1289; baseline -0.001 -9"><span class='ocrx_word' id='word_1_650' title='bbox 1107 1256 1275 1280; x_wconf 86' lang='lat' dir='ltr'><em>venturam</em></span> <span class='ocrx_word' id='word_1_651' title='bbox 1294 1246 1375 1278; x_wconf 83' lang='lat' dir='ltr'><em>effe:</em></span> <span class='ocrx_word' id='word_1_652' title='bbox 1393 1253 1425 1277; x_wconf 92' lang='lat' dir='ltr'><em>at</em></span> <span class='ocrx_word' id='word_1_653' title='bbox 1442 1246 1494 1277; x_wconf 87' lang='lat' dir='ltr'><em>fibi</em></span> <span class='ocrx_word' id='word_1_654' title='bbox 1513 1248 1723 1287; x_wconf 86' lang='lat' dir='ltr'><em>promittere,</em></span> <span class='ocrx_word' id='word_1_655' title='bbox 1739 1255 1792 1279; x_wconf 89' lang='lat' dir='ltr'><em>aut</em></span> <span class='ocrx_word' id='word_1_656' title='bbox 1807 1256 1823 1278; x_wconf 88' lang='lat' dir='ltr'><em>a</em></span> <span class='ocrx_word' id='word_1_657' title='bbox 1840 1247 1869 1278; x_wconf 87' lang='lat' dir='ltr'><em>se</em></span> <span class='ocrx_word' id='word_1_658' title='bbox 1886 1247 1979 1289; x_wconf 89' lang='lat' dir='ltr'><em>stipu-</em></span> 
     </span>
     <span class='ocr_line' id='line_1_87' title="bbox 1107 1287 1980 1328; baseline -0.001 -6"><span class='ocrx_word' id='word_1_659' title='bbox 1107 1290 1185 1328; x_wconf 87' lang='lat' dir='ltr'><em>lari,</em></span> <span class='ocrx_word' id='word_1_660' title='bbox 1201 1297 1299 1321; x_wconf 88' lang='lat' dir='ltr'><em>nemo</em></span> <span class='ocrx_word' id='word_1_661' title='bbox 1312 1287 1428 1328; x_wconf 86' lang='lat' dir='ltr'><em>potest.</em></span> <span class='ocrx_word' id='word_1_662' title='bbox 1452 1288 1547 1328; x_wconf 86' lang='lat' dir='ltr'><em>igitur</em></span> <span class='ocrx_word' id='word_1_663' title='bbox 1561 1287 1617 1320; x_wconf 80' lang='lat' dir='ltr'><em>etii</em></span> <span class='ocrx_word' id='word_1_664' title='bbox 1632 1296 1778 1320; x_wconf 86' lang='lat' dir='ltr'><em>teneatur</em></span> <span class='ocrx_word' id='word_1_665' title='bbox 1792 1288 1980 1321; x_wconf 67' lang='lat' dir='ltr'><em>fructuarius</em></span> 
     </span>
     <span class='ocr_line' id='line_1_88' title="bbox 1108 1328 1979 1369; baseline -0.002 -6"><span class='ocrx_word' id='word_1_666' title='bbox 1108 1331 1204 1363; x_wconf 85' lang='lat' dir='ltr'><em>etiam</em></span> <span class='ocrx_word' id='word_1_667' title='bbox 1227 1340 1264 1362; x_wconf 87' lang='lat' dir='ltr'><em>ea</em></span> <span class='ocrx_word' id='word_1_668' title='bbox 1287 1330 1320 1360; x_wconf 93' lang='lat' dir='ltr'><em>in</em></span> <span class='ocrx_word' id='word_1_669' title='bbox 1343 1329 1448 1369; x_wconf 90' lang='lat' dir='ltr'><em>specie</em></span> <span class='ocrx_word' id='word_1_670' title='bbox 1472 1328 1621 1360; x_wconf 82' lang='lat' dir='ltr'><em>satisdare</em></span> <span class='ocrx_word' id='word_1_671' title='bbox 1647 1339 1688 1361; x_wconf 79' lang='lat' dir='ltr'><em>ex</em></span> <span class='ocrx_word' id='word_1_672' title='bbox 1704 1329 1853 1361; x_wconf 80' lang='lat' dir='ltr'><em>Praetoris</em></span> <span class='ocrx_word' id='word_1_673' title='bbox 1873 1331 1979 1362; x_wconf 81' lang='lat' dir='ltr'><em>verbis</em></span> 
     </span>
     <span class='ocr_line' id='line_1_89' title="bbox 1108 1370 1982 1412; baseline -0.001 -8"><span class='ocrx_word' id='word_1_674' title='bbox 1108 1372 1224 1412; x_wconf 88' lang='lat' dir='ltr'><em>quibus</em></span> <span class='ocrx_word' id='word_1_675' title='bbox 1247 1380 1311 1402; x_wconf 88' lang='lat' dir='ltr'><em>non</em></span> <span class='ocrx_word' id='word_1_676' title='bbox 1335 1370 1512 1410; x_wconf 86' lang='lat' dir='ltr'><em>excipitur:</em></span> <span class='ocrx_word' id='word_1_677' title='bbox 1539 1377 1646 1402; x_wconf 84' lang='lat' dir='ltr'><em>tamen</em></span> <span class='ocrx_word' id='word_1_678' title='bbox 1669 1371 1862 1403; x_wconf 88' lang='lat' dir='ltr'><em>remittenda</em></span> <span class='ocrx_word' id='word_1_679' title='bbox 1883 1372 1911 1403; x_wconf 91' lang='lat' dir='ltr'><em>ei</em></span> <span class='ocrx_word' id='word_1_680' title='bbox 1935 1371 1982 1403; x_wconf 91' lang='lat' dir='ltr'><em>vi-</em></span> 
     </span>
     <span class='ocr_line' id='line_1_90' title="bbox 1108 1408 1983 1450; baseline -0.001 -5"><span class='ocrx_word' id='word_1_681' title='bbox 1108 1415 1202 1445; x_wconf 90' lang='lat' dir='ltr'><em>detur</em></span> <span class='ocrx_word' id='word_1_682' title='bbox 1218 1412 1325 1443; x_wconf 87' lang='lat' dir='ltr'><em>cautio</em></span> <span class='ocrx_word' id='word_1_683' title='bbox 1342 1420 1382 1442; x_wconf 87' lang='lat' dir='ltr'><em>cx</em></span> <span class='ocrx_word' id='word_1_684' title='bbox 1401 1408 1509 1443; x_wconf 70' lang='lat' dir='ltr'><em>mente</em></span> <span class='ocrx_word' id='word_1_685' title='bbox 1526 1411 1556 1443; x_wconf 71' lang='grc' dir='ltr'><em>δι</em></span> <span class='ocrx_word' id='word_1_686' title='bbox 1573 1410 1727 1444; x_wconf 88' lang='lat' dir='ltr'><em>sententia</em></span> <span class='ocrx_word' id='word_1_687' title='bbox 1742 1412 1891 1444; x_wconf 73' lang='lat' dir='ltr'><em>Praetoris</em></span> <span class='ocrx_word' id='word_1_688' title='bbox 1913 1413 1932 1445; x_wconf 87' lang='lat' dir='ltr'><em>l.</em></span> <span class='ocrx_word' id='word_1_689' title='bbox 1950 1422 1983 1450; x_wconf 74' lang='lat'><em>9.</em></span> 
     </span>
     <span class='ocr_line' id='line_1_91' title="bbox 1107 1451 1904 1496; baseline -0.001 -10"><span class='ocrx_word' id='word_1_690' title='bbox 1107 1454 1137 1496; x_wconf 85' lang='lat'><em>§.</em></span> <span class='ocrx_word' id='word_1_691' title='bbox 1157 1464 1186 1485; x_wconf 88' lang='lat'><em>2.</em></span> <span class='ocrx_word' id='word_1_692' title='bbox 1206 1453 1249 1485; x_wconf 88' lang='lat' dir='ltr'><em>D.</em></span> <span class='ocrx_word' id='word_1_693' title='bbox 1272 1451 1523 1492; x_wconf 63' lang='lat' dir='ltr'><em>Usufrufluarius</em></span> <span class='ocrx_word' id='word_1_694' title='bbox 1538 1454 1773 1494; x_wconf 78' lang='lat' dir='ltr'><em>quemadmodum</em></span> <span class='ocrx_word' id='word_1_695' title='bbox 1791 1461 1904 1486; x_wconf 84' lang='lat' dir='ltr'><em>caveat.</em></span> 
     </span>
    </p>

    <p class='ocr_par' dir='ltr' id='par_1_7' title="bbox 1104 1493 1983 2196">
     <span class='ocr_line' id='line_1_92' title="bbox 1147 1493 1982 1535; baseline 0.001 -9"><span class='ocrx_word' id='word_1_696' title='bbox 1147 1495 1256 1527; x_wconf 89' lang='lat' dir='ltr'><em>Simile</em></span> <span class='ocrx_word' id='word_1_697' title='bbox 1266 1494 1341 1535; x_wconf 86' lang='lat' dir='ltr'><em>quid</em></span> <span class='ocrx_word' id='word_1_698' title='bbox 1357 1493 1515 1525; x_wconf 84' lang='lat' dir='ltr'><em>observari</em></span> <span class='ocrx_word' id='word_1_699' title='bbox 1531 1494 1562 1525; x_wconf 91' lang='lat' dir='ltr'><em>in</em></span> <span class='ocrx_word' id='word_1_700' title='bbox 1579 1502 1685 1534; x_wconf 78' lang='lat' dir='ltr'><em>patre,</em></span> <span class='ocrx_word' id='word_1_701' title='bbox 1703 1495 1756 1534; x_wconf 89' lang='lat' dir='ltr'><em>qui</em></span> <span class='ocrx_word' id='word_1_702' title='bbox 1774 1494 1870 1526; x_wconf 85' lang='lat' dir='ltr'><em>habet</em></span> <span class='ocrx_word' id='word_1_703' title='bbox 1881 1493 1982 1528; x_wconf 90' lang='lat' dir='ltr'><em>usum-</em></span> 
     </span>
     <span class='ocr_line' id='line_1_93' title="bbox 1106 1534 1982 1577; baseline 0 -9"><span class='ocrx_word' id='word_1_704' title='bbox 1106 1535 1246 1568; x_wconf 65' lang='lat' dir='ltr'><em>frufitum</em></span> <span class='ocrx_word' id='word_1_705' title='bbox 1262 1536 1294 1567; x_wconf 91' lang='lat' dir='ltr'><em>in</em></span> <span class='ocrx_word' id='word_1_706' title='bbox 1313 1535 1442 1575; x_wconf 88' lang='lat' dir='ltr'><em>peculio</em></span> <span class='ocrx_word' id='word_1_707' title='bbox 1464 1534 1657 1567; x_wconf 79' lang='lat' dir='ltr'><em>filiifamilias</em></span> <span class='ocrx_word' id='word_1_708' title='bbox 1680 1536 1879 1574; x_wconf 89' lang='lat' dir='ltr'><em>adventitio,</em></span> <span class='ocrx_word' id='word_1_709' title='bbox 1899 1537 1982 1577; x_wconf 84' lang='lat' dir='ltr'><em>juffit</em></span> 
     </span>
     <span class='ocr_line' id='line_1_94' title="bbox 1106 1575 1982 1620; baseline -0.001 -10"><span class='ocrx_word' id='word_1_710' title='bbox 1106 1577 1187 1619; x_wconf 88' lang='lat' dir='ltr'><em>Imp.</em></span> <span class='ocrx_word' id='word_1_711' title='bbox 1204 1576 1392 1617; x_wconf 87' lang='lat' dir='ltr'><em>Justinianus</em></span> <span class='ocrx_word' id='word_1_712' title='bbox 1407 1577 1427 1607; x_wconf 90' lang='lat' dir='ltr'><em>l.</em></span> <span class='ocrx_word' id='word_1_713' title='bbox 1438 1576 1492 1608; x_wconf 83' lang='lat' dir='ltr'><em>ult.</em></span> <span class='ocrx_word' id='word_1_714' title='bbox 1510 1576 1537 1618; x_wconf 87' lang='lat'><em>§.</em></span> <span class='ocrx_word' id='word_1_715' title='bbox 1551 1587 1579 1615; x_wconf 86' lang='lat'><em>4.</em></span> <span class='ocrx_word' id='word_1_716' title='bbox 1597 1578 1636 1608; x_wconf 90' lang='lat' dir='ltr'><em>ad</em></span> <span class='ocrx_word' id='word_1_717' title='bbox 1645 1575 1705 1616; x_wconf 87' lang='lat' dir='ltr'><em>fin.</em></span> <span class='ocrx_word' id='word_1_718' title='bbox 1724 1575 1759 1607; x_wconf 91' lang='lat' dir='ltr'><em>C.</em></span> <span class='ocrx_word' id='word_1_719' title='bbox 1777 1577 1810 1607; x_wconf 83' lang='lat' dir='ltr'><em>de</em></span> <span class='ocrx_word' id='word_1_720' title='bbox 1825 1578 1903 1608; x_wconf 87' lang='lat' dir='ltr'><em>bonis</em></span> <span class='ocrx_word' id='word_1_721' title='bbox 1919 1588 1982 1620; x_wconf 69' lang='lat' dir='ltr'><em>qao</em></span> 
     </span>
     <span class='ocr_line' id='line_1_95' title="bbox 1106 1617 1980 1658; baseline 0.003 -10"><span class='ocrx_word' id='word_1_722' title='bbox 1106 1619 1202 1650; x_wconf 71' lang='lat' dir='ltr'><em>liberis</em></span> <span class='ocrx_word' id='word_1_723' title='bbox 1213 1641 1224 1658; x_wconf 83' lang='lat'>‚</span> <span class='ocrx_word' id='word_1_724' title='bbox 1241 1618 1289 1650; x_wconf 84' lang='lat' dir='ltr'><em>his</em></span> <span class='ocrx_word' id='word_1_725' title='bbox 1306 1618 1423 1649; x_wconf 88' lang='lat' dir='ltr'><em>verbis.</em></span> <span class='ocrx_word' id='word_1_726' title='bbox 1448 1617 1514 1649; x_wconf 80' lang='lat' dir='ltr'><em>Hoc</em></span> <span class='ocrx_word' id='word_1_727' title='bbox 1526 1617 1627 1657; x_wconf 86' lang='lat' dir='ltr'><em>procul</em></span> <span class='ocrx_word' id='word_1_728' title='bbox 1645 1618 1726 1649; x_wconf 85' lang='lat' dir='ltr'><em>dubio</em></span> <span class='ocrx_word' id='word_1_729' title='bbox 1743 1618 1912 1657; x_wconf 79' lang='lat' dir='ltr'><em>observando</em></span> <span class='ocrx_word' id='word_1_730' title='bbox 1923 1643 1933 1658; x_wconf 93' lang='lat'>‚</span> <span class='ocrx_word' id='word_1_731' title='bbox 1947 1624 1980 1651; x_wconf 77' lang='lat' dir='ltr'><em>ut</em></span> 
     </span>
     <span class='ocr_line' id='line_1_96' title="bbox 1109 1657 1983 1701; baseline 0.001 -10"><span class='ocrx_word' id='word_1_732' title='bbox 1109 1659 1147 1695; x_wconf 56' lang='grc' dir='ltr'><em>ἃ</em></span> <span class='ocrx_word' id='word_1_733' title='bbox 1158 1661 1304 1701; x_wconf 84' lang='lat' dir='ltr'><em>mancipia</em></span> <span class='ocrx_word' id='word_1_734' title='bbox 1321 1659 1377 1700; x_wconf 87' lang='lat' dir='ltr'><em>ipse</em></span> <span class='ocrx_word' id='word_1_735' title='bbox 1392 1657 1636 1699; x_wconf 65' lang='lat' dir='ltr'><em>usufrucfiuarius</em></span> <span class='ocrx_word' id='word_1_736' title='bbox 1651 1660 1725 1691; x_wconf 80' lang='lat' dir='ltr'><em>alere</em></span> <span class='ocrx_word' id='word_1_737' title='bbox 1740 1660 1854 1699; x_wconf 81' lang='lat' dir='ltr'><em>debeat,</em></span> <span class='ocrx_word' id='word_1_738' title='bbox 1870 1659 1907 1695; x_wconf 75' lang='lat'><em>&amp;³</em></span> <span class='ocrx_word' id='word_1_739' title='bbox 1922 1669 1983 1692; x_wconf 86' lang='lat' dir='ltr'><em>om-</em></span> 
     </span>
     <span class='ocr_line' id='line_1_97' title="bbox 1109 1700 1982 1743; baseline 0 -10"><span class='ocrx_word' id='word_1_740' title='bbox 1109 1702 1161 1733; x_wconf 85' lang='lat' dir='ltr'><em>nia</em></span> <span class='ocrx_word' id='word_1_741' title='bbox 1186 1703 1264 1733; x_wconf 85' lang='lat' dir='ltr'><em>circa</em></span> <span class='ocrx_word' id='word_1_742' title='bbox 1286 1700 1502 1740; x_wconf 62' lang='lat' dir='ltr'><em>usumfrutium</em></span> <span class='ocrx_word' id='word_1_743' title='bbox 1510 1700 1612 1741; x_wconf 80' lang='lat' dir='ltr'><em>facere</em></span> <span class='ocrx_word' id='word_1_744' title='bbox 1621 1723 1631 1740; x_wconf 96' lang='lat'><em>,</em></span> <span class='ocrx_word' id='word_1_745' title='bbox 1654 1710 1715 1743; x_wconf 71' lang='lat' dir='ltr'><em>quie</em></span> <span class='ocrx_word' id='word_1_746' title='bbox 1730 1700 1807 1732; x_wconf 85' lang='lat' dir='ltr'><em>nullo</em></span> <span class='ocrx_word' id='word_1_747' title='bbox 1823 1703 1901 1733; x_wconf 87' lang='lat' dir='ltr'><em>modo</em></span> <span class='ocrx_word' id='word_1_748' title='bbox 1912 1707 1982 1743; x_wconf 84' lang='lat' dir='ltr'><em>pro-</em></span> 
     </span>
     <span class='ocr_line' id='line_1_98' title="bbox 1104 1740 1981 1785; baseline 0 -11"><span class='ocrx_word' id='word_1_749' title='bbox 1104 1744 1260 1785; x_wconf 81' lang='lat' dir='ltr'><em>prietatem</em></span> <span class='ocrx_word' id='word_1_750' title='bbox 1278 1740 1384 1782; x_wconf 82' lang='lat' dir='ltr'><em>pofflnt</em></span> <span class='ocrx_word' id='word_1_751' title='bbox 1400 1742 1563 1773; x_wconf 85' lang='lat' dir='ltr'><em>deteriorem</em></span> <span class='ocrx_word' id='word_1_752' title='bbox 1572 1742 1691 1782; x_wconf 87' lang='lat' dir='ltr'><em>facere:</em></span> <span class='ocrx_word' id='word_1_753' title='bbox 1710 1749 1835 1783; x_wconf 86' lang='lat' dir='ltr'><em>paterna</em></span> <span class='ocrx_word' id='word_1_754' title='bbox 1851 1751 1981 1775; x_wconf 78' lang='lat' dir='ltr'><em>reveren·</em></span> 
     </span>
     <span class='ocr_line' id='line_1_99' title="bbox 1110 1782 1981 1823; baseline 0 -7"><span class='ocrx_word' id='word_1_755' title='bbox 1110 1785 1154 1816; x_wconf 82' lang='lat' dir='ltr'><em>tia</em></span> <span class='ocrx_word' id='word_1_756' title='bbox 1175 1794 1240 1815; x_wconf 83' lang='lat' dir='ltr'><em>eum</em></span> <span class='ocrx_word' id='word_1_757' title='bbox 1263 1783 1439 1822; x_wconf 81' lang='lat' dir='ltr'><em>excusante,</em></span> <span class='ocrx_word' id='word_1_758' title='bbox 1463 1782 1500 1818; x_wconf 67' lang='lat'><em>{5⁹</em></span> <span class='ocrx_word' id='word_1_759' title='bbox 1522 1794 1540 1815; x_wconf 89' lang='lat' dir='ltr'><em>a</em></span> <span class='ocrx_word' id='word_1_760' title='bbox 1553 1784 1731 1823; x_wconf 84' lang='lat' dir='ltr'><em>ratiociniis,</em></span> <span class='ocrx_word' id='word_1_761' title='bbox 1756 1783 1793 1819; x_wconf 72' lang='lat'><em>&amp;³</em></span> <span class='ocrx_word' id='word_1_762' title='bbox 1808 1794 1827 1816; x_wconf 90' lang='lat' dir='ltr'><em>a</em></span> <span class='ocrx_word' id='word_1_763' title='bbox 1841 1785 1981 1816; x_wconf 64' lang='grc' dir='ltr'><em>ειιιιῑίοηί6</em></span> 
     </span>
     <span class='ocr_line' id='line_1_100' title="bbox 1110 1824 1982 1867; baseline 0 -10"><span class='ocrx_word' id='word_1_764' title='bbox 1110 1827 1163 1857; x_wconf 82' lang='lat' dir='ltr'><em>bus</em></span> <span class='ocrx_word' id='word_1_765' title='bbox 1172 1849 1180 1863; x_wconf 81' lang='grc'><em>,</em></span> <span class='ocrx_word' id='word_1_766' title='bbox 1198 1824 1234 1860; x_wconf 78' lang='lat'><em>&amp;²</em></span> <span class='ocrx_word' id='word_1_767' title='bbox 1249 1826 1284 1857; x_wconf 90' lang='lat' dir='ltr'><em>ab</em></span> <span class='ocrx_word' id='word_1_768' title='bbox 1297 1824 1362 1856; x_wconf 79' lang='lat' dir='ltr'><em>aliis</em></span> <span class='ocrx_word' id='word_1_769' title='bbox 1377 1826 1508 1856; x_wconf 84' lang='lat' dir='ltr'><em>omnibus</em></span> <span class='ocrx_word' id='word_1_770' title='bbox 1521 1835 1583 1867; x_wconf 82' lang='lat' dir='ltr'><em>quae</em></span> <span class='ocrx_word' id='word_1_771' title='bbox 1596 1826 1631 1857; x_wconf 86' lang='lat' dir='ltr'><em>ab</em></span> <span class='ocrx_word' id='word_1_772' title='bbox 1644 1824 1873 1865; x_wconf 62' lang='lat' dir='ltr'><em>usufrustuariis</em></span> <span class='ocrx_word' id='word_1_773' title='bbox 1886 1833 1982 1857; x_wconf 75' lang='lat' dir='ltr'><em>extrar-</em></span> 
     </span>
     <span class='ocr_line' id='line_1_101' title="bbox 1110 1865 1980 1908; baseline 0 -10"><span class='ocrx_word' id='word_1_774' title='bbox 1110 1869 1171 1898; x_wconf 86' lang='lat' dir='ltr'><em>neis</em></span> <span class='ocrx_word' id='word_1_775' title='bbox 1188 1877 1207 1898; x_wconf 89' lang='lat' dir='ltr'><em>a</em></span> <span class='ocrx_word' id='word_1_776' title='bbox 1231 1867 1339 1908; x_wconf 83' lang='lat' dir='ltr'><em>legibus</em></span> <span class='ocrx_word' id='word_1_777' title='bbox 1358 1867 1521 1908; x_wconf 84' lang='lat' dir='ltr'><em>exiguntur</em></span> <span class='ocrx_word' id='word_1_778' title='bbox 1527 1867 1690 1906; x_wconf 84' lang='lat' dir='ltr'><em>secundum</em></span> <span class='ocrx_word' id='word_1_779' title='bbox 1707 1865 1925 1908; x_wconf 77' lang='lat' dir='ltr'><em>constitutionis</em></span> <span class='ocrx_word' id='word_1_780' title='bbox 1940 1865 1980 1898; x_wconf 60' lang='lat' dir='ltr'><em>te‘»</em></span> 
     </span>
     <span class='ocr_line' id='line_1_102' title="bbox 1111 1907 1983 1950; baseline 0.003 -11"><span class='ocrx_word' id='word_1_781' title='bbox 1111 1918 1230 1947; x_wconf 82' lang='lat' dir='ltr'><em>norem,</em></span> <span class='ocrx_word' id='word_1_782' title='bbox 1244 1917 1333 1949; x_wconf 86' lang='lat' dir='ltr'><em>quam</em></span> <span class='ocrx_word' id='word_1_783' title='bbox 1340 1907 1430 1948; x_wconf 83' lang='lat' dir='ltr'><em>super</em></span> <span class='ocrx_word' id='word_1_784' title='bbox 1446 1908 1610 1948; x_wconf 79' lang='lat' dir='ltr'><em>hujusmodi</em></span> <span class='ocrx_word' id='word_1_785' title='bbox 1627 1907 1737 1946; x_wconf 83' lang='lat' dir='ltr'><em>casibus</em></span> <span class='ocrx_word' id='word_1_786' title='bbox 1752 1909 1879 1941; x_wconf 84' lang='lat' dir='ltr'><em>tulimus.</em></span> <span class='ocrx_word' id='word_1_787' title='bbox 1903 1908 1983 1950; x_wconf 83' lang='lat' dir='ltr'><em>Imp.</em></span> 
     </span>
     <span class='ocr_line' id='line_1_103' title="bbox 1111 1949 1983 1990; baseline 0 -9"><span class='ocrx_word' id='word_1_788' title='bbox 1111 1949 1301 1989; x_wconf 88' lang='lat' dir='ltr'><em>Justinianus</em></span> <span class='ocrx_word' id='word_1_789' title='bbox 1317 1949 1463 1990; x_wconf 85' lang='lat' dir='ltr'><em>indigitat</em></span> <span class='ocrx_word' id='word_1_790' title='bbox 1482 1950 1594 1987; x_wconf 87' lang='lat' dir='ltr'><em>procul</em></span> <span class='ocrx_word' id='word_1_791' title='bbox 1610 1950 1709 1981; x_wconf 86' lang='lat' dir='ltr'><em>dubio</em></span> <span class='ocrx_word' id='word_1_792' title='bbox 1726 1949 1807 1981; x_wconf 86' lang='lat' dir='ltr'><em>suam</em></span> <span class='ocrx_word' id='word_1_793' title='bbox 1824 1949 1983 1981; x_wconf 68' lang='lat' dir='ltr'><em>Constitui·</em></span> 
     </span>
     <span class='ocr_line' id='line_1_104' title="bbox 1112 1989 1981 2032; baseline 0.001 -10"><span class='ocrx_word' id='word_1_794' title='bbox 1112 1992 1236 2023; x_wconf 89' lang='lat' dir='ltr'><em>tionem</em></span> <span class='ocrx_word' id='word_1_795' title='bbox 1253 1999 1323 2031; x_wconf 85' lang='lat' dir='ltr'><em>quae</em></span> <span class='ocrx_word' id='word_1_796' title='bbox 1340 1989 1385 2022; x_wconf 86' lang='lat' dir='ltr'><em>est</em></span> <span class='ocrx_word' id='word_1_797' title='bbox 1399 1991 1418 2021; x_wconf 89' lang='lat' dir='ltr'><em>l.</em></span> <span class='ocrx_word' id='word_1_798' title='bbox 1429 1995 1458 2022; x_wconf 88' lang='lat'><em>6.</em></span> <span class='ocrx_word' id='word_1_799' title='bbox 1476 1991 1505 2032; x_wconf 82' lang='lat'><em>§.</em></span> <span class='ocrx_word' id='word_1_800' title='bbox 1517 2002 1543 2022; x_wconf 83' lang='lat'><em>2.</em></span> <span class='ocrx_word' id='word_1_801' title='bbox 1564 1991 1597 2022; x_wconf 93' lang='lat' dir='ltr'><em>C.</em></span> <span class='ocrx_word' id='word_1_802' title='bbox 1614 1991 1670 2022; x_wconf 87' lang='lat' dir='ltr'><em>eod.</em></span> <span class='ocrx_word' id='word_1_803' title='bbox 1681 1991 1728 2021; x_wconf 83' lang='lat' dir='ltr'><em>tit.</em></span> <span class='ocrx_word' id='word_1_804' title='bbox 1747 1992 1779 2022; x_wconf 92' lang='lat' dir='ltr'><em>in</em></span> <span class='ocrx_word' id='word_1_805' title='bbox 1798 1999 1859 2032; x_wconf 70' lang='lat' dir='ltr'><em>qua</em></span> <span class='ocrx_word' id='word_1_806' title='bbox 1875 1998 1981 2023; x_wconf 85' lang='lat' dir='ltr'><em>tamen</em></span> 
     </span>
     <span class='ocr_line' id='line_1_105' title="bbox 1112 2031 1982 2072; baseline 0.001 -9"><span class='ocrx_word' id='word_1_807' title='bbox 1112 2042 1149 2063; x_wconf 91' lang='lat' dir='ltr'><em>ea</em></span> <span class='ocrx_word' id='word_1_808' title='bbox 1168 2033 1277 2064; x_wconf 90' lang='lat' dir='ltr'><em>cautio</em></span> <span class='ocrx_word' id='word_1_809' title='bbox 1303 2032 1369 2063; x_wconf 90' lang='lat' dir='ltr'><em>aliis</em></span> <span class='ocrx_word' id='word_1_810' title='bbox 1389 2031 1566 2063; x_wconf 64' lang='lat' dir='ltr'><em>fructuariis</em></span> <span class='ocrx_word' id='word_1_811' title='bbox 1585 2031 1795 2071; x_wconf 88' lang='lat' dir='ltr'><em>incumbens,</em></span> <span class='ocrx_word' id='word_1_812' title='bbox 1818 2033 1899 2072; x_wconf 89' lang='lat' dir='ltr'><em>patri</em></span> <span class='ocrx_word' id='word_1_813' title='bbox 1916 2041 1982 2064; x_wconf 87' lang='lat' dir='ltr'><em>nou</em></span> 
     </span>
     <span class='ocr_line' id='line_1_106' title="bbox 1111 2071 1982 2113; baseline -0.001 -8"><span class='ocrx_word' id='word_1_814' title='bbox 1111 2074 1286 2105; x_wconf 81' lang='lat' dir='ltr'><em>remittitur</em></span> <span class='ocrx_word' id='word_1_815' title='bbox 1303 2071 1476 2104; x_wconf 79' lang='lat' dir='ltr'><em>manifestis</em></span> <span class='ocrx_word' id='word_1_816' title='bbox 1492 2073 1615 2104; x_wconf 83' lang='lat' dir='ltr'><em>verbis:</em></span> <span class='ocrx_word' id='word_1_817' title='bbox 1640 2081 1829 2113; x_wconf 90' lang='lat' dir='ltr'><em>quamquam</em></span> <span class='ocrx_word' id='word_1_818' title='bbox 1847 2073 1982 2105; x_wconf 84' lang='lat' dir='ltr'><em>latitudi-</em></span> 
     </span>
     <span class='ocr_line' id='line_1_107' title="bbox 1109 2113 1980 2154; baseline 0 -8"><span class='ocrx_word' id='word_1_819' title='bbox 1109 2124 1151 2146; x_wconf 91' lang='lat' dir='ltr'><em>ne</em></span> <span class='ocrx_word' id='word_1_820' title='bbox 1171 2114 1343 2145; x_wconf 86' lang='lat' dir='ltr'><em>verborum</em></span> <span class='ocrx_word' id='word_1_821' title='bbox 1366 2114 1482 2154; x_wconf 84' lang='lat' dir='ltr'><em>quibus</em></span> <span class='ocrx_word' id='word_1_822' title='bbox 1506 2114 1603 2145; x_wconf 87' lang='lat' dir='ltr'><em>utitur</em></span> <span class='ocrx_word' id='word_1_823' title='bbox 1626 2113 1821 2154; x_wconf 88' lang='lat' dir='ltr'><em>Imperator,</em></span> <span class='ocrx_word' id='word_1_824' title='bbox 1843 2114 1913 2146; x_wconf 89' lang='lat' dir='ltr'><em>satis</em></span> <span class='ocrx_word' id='word_1_825' title='bbox 1930 2124 1980 2146; x_wconf 84' lang='lat' dir='ltr'><em>re-</em></span> 
     </span>
     <span class='ocr_line' id='line_1_108' title="bbox 1109 2154 1977 2196; baseline -0.002 -9"><span class='ocrx_word' id='word_1_826' title='bbox 1109 2154 1194 2187; x_wconf 85' lang='lat' dir='ltr'><em>miffa</em></span> <span class='ocrx_word' id='word_1_827' title='bbox 1211 2155 1409 2196; x_wconf 88' lang='lat' dir='ltr'><em>intelligitur.</em></span> <span class='ocrx_word' id='word_1_828' title='bbox 1454 2155 1507 2186; x_wconf 90' lang='lat' dir='ltr'><em>Sic</em></span> <span class='ocrx_word' id='word_1_829' title='bbox 1524 2157 1554 2186; x_wconf 89' lang='lat' dir='ltr'><em>in</em></span> <span class='ocrx_word' id='word_1_830' title='bbox 1572 2163 1672 2195; x_wconf 86' lang='lat' dir='ltr'><em>patre.</em></span> <span class='ocrx_word' id='word_1_831' title='bbox 1975 2164 1977 2166; x_wconf 59' lang='grc'><strong><em>’</em></strong></span> 
     </span>
    </p>

    <p class='ocr_par' dir='ltr' id='par_1_8' title="bbox 1106 2195 1980 2486">
     <span class='ocr_line' id='line_1_109' title="bbox 1150 2195 1979 2229; baseline 0.001 -1"><span class='ocrx_word' id='word_1_832' title='bbox 1150 2196 1193 2228; x_wconf 86' lang='lat' dir='ltr'><em>At</em></span> <span class='ocrx_word' id='word_1_833' title='bbox 1216 2205 1281 2227; x_wconf 90' lang='lat' dir='ltr'><em>non</em></span> <span class='ocrx_word' id='word_1_834' title='bbox 1306 2197 1331 2228; x_wconf 91' lang='lat' dir='ltr'><em>is</em></span> <span class='ocrx_word' id='word_1_835' title='bbox 1354 2196 1459 2228; x_wconf 86' lang='lat' dir='ltr'><em>honos</em></span> <span class='ocrx_word' id='word_1_836' title='bbox 1483 2196 1620 2229; x_wconf 88' lang='lat' dir='ltr'><em>habetur</em></span> <span class='ocrx_word' id='word_1_837' title='bbox 1643 2196 1735 2228; x_wconf 86' lang='lat' dir='ltr'><em>matri</em></span> <span class='ocrx_word' id='word_1_838' title='bbox 1753 2195 1923 2228; x_wconf 84' lang='lat' dir='ltr'><em>transeunti</em></span> <span class='ocrx_word' id='word_1_839' title='bbox 1940 2195 1979 2229; x_wconf 88' lang='lat' dir='ltr'><em>ad</em></span> 
     </span>
     <span class='ocr_line' id='line_1_110' title="bbox 1109 2236 1980 2279; baseline 0 -10"><span class='ocrx_word' id='word_1_840' title='bbox 1109 2236 1245 2270; x_wconf 81' lang='lat' dir='ltr'><em>secunda</em></span> <span class='ocrx_word' id='word_1_841' title='bbox 1265 2245 1360 2277; x_wconf 80' lang='lat' dir='ltr'><em>vota3</em></span> <span class='ocrx_word' id='word_1_842' title='bbox 1376 2237 1547 2278; x_wconf 78' lang='lat' dir='ltr'><em>praesertim</em></span> <span class='ocrx_word' id='word_1_843' title='bbox 1571 2239 1604 2270; x_wconf 92' lang='lat' dir='ltr'><em>in</em></span> <span class='ocrx_word' id='word_1_844' title='bbox 1629 2237 1799 2270; x_wconf 89' lang='lat' dir='ltr'><em>mobilibus</em></span> <span class='ocrx_word' id='word_1_845' title='bbox 1821 2238 1841 2269; x_wconf 83' lang='lat' dir='ltr'><em>l.</em></span> <span class='ocrx_word' id='word_1_846' title='bbox 1858 2241 1888 2269; x_wconf 84' lang='lat'><em>6.</em></span> <span class='ocrx_word' id='word_1_847' title='bbox 1903 2237 1933 2279; x_wconf 84' lang='lat'><em>§.</em></span> <span class='ocrx_word' id='word_1_848' title='bbox 1954 2245 1980 2269; x_wconf 86' lang='lat'><em>1.</em></span> 
     </span>
     <span class='ocr_line' id='line_1_111' title="bbox 1109 2279 1977 2325; baseline -0.001 -14"><span class='ocrx_word' id='word_1_849' title='bbox 1109 2280 1143 2311; x_wconf 87' lang='lat' dir='ltr'><em>C.</em></span> <span class='ocrx_word' id='word_1_850' title='bbox 1159 2281 1193 2310; x_wconf 85' lang='lat' dir='ltr'><em>de</em></span> <span class='ocrx_word' id='word_1_851' title='bbox 1203 2280 1336 2325; x_wconf 72' lang='lat' dir='ltr'><em>secundis</em></span> <span class='ocrx_word' id='word_1_852' title='bbox 1345 2279 1475 2320; x_wconf 81' lang='lat' dir='ltr'><em>nuptiis:</em></span> <span class='ocrx_word' id='word_1_853' title='bbox 1491 2279 1570 2311; x_wconf 88' lang='lat' dir='ltr'><em>ficut</em></span> <span class='ocrx_word' id='word_1_854' title='bbox 1585 2289 1647 2312; x_wconf 90' lang='lat' dir='ltr'><em>nec</em></span> <span class='ocrx_word' id='word_1_855' title='bbox 1662 2286 1772 2311; x_wconf 87' lang='lat' dir='ltr'><em>vetere</em></span> <span class='ocrx_word' id='word_1_856' title='bbox 1786 2279 1860 2319; x_wconf 90' lang='lat' dir='ltr'><em>Jure</em></span> <span class='ocrx_word' id='word_1_857' title='bbox 1875 2279 1977 2310; x_wconf 86' lang='lat' dir='ltr'><em>remit·</em></span> 
     </span>
     <span class='ocr_line' id='line_1_112' title="bbox 1108 2318 1976 2359; baseline -0.001 -7"><span class='ocrx_word' id='word_1_858' title='bbox 1108 2321 1233 2352; x_wconf 79' lang='lat' dir='ltr'><em>rebatur</em></span> <span class='ocrx_word' id='word_1_859' title='bbox 1250 2329 1279 2351; x_wconf 84' lang='lat' dir='ltr'><em>ei</em></span> <span class='ocrx_word' id='word_1_860' title='bbox 1296 2322 1422 2352; x_wconf 89' lang='lat' dir='ltr'><em>cautio:</em></span> <span class='ocrx_word' id='word_1_861' title='bbox 1442 2321 1553 2353; x_wconf 62' lang='lat' dir='ltr'><em>relicto</em></span> <span class='ocrx_word' id='word_1_862' title='bbox 1569 2322 1597 2353; x_wconf 90' lang='lat' dir='ltr'><em>ei</em></span> <span class='ocrx_word' id='word_1_863' title='bbox 1616 2330 1634 2352; x_wconf 88' lang='lat' dir='ltr'><em>a</em></span> <span class='ocrx_word' id='word_1_864' title='bbox 1648 2321 1762 2352; x_wconf 89' lang='lat' dir='ltr'><em>marito</em></span> <span class='ocrx_word' id='word_1_865' title='bbox 1779 2321 1891 2352; x_wconf 86' lang='lat' dir='ltr'><em>domus</em></span> <span class='ocrx_word' id='word_1_866' title='bbox 1907 2318 1976 2359; x_wconf 87' lang='lat' dir='ltr'><em>usu,</em></span> 
     </span>
     <span class='ocr_line' id='line_1_113' title="bbox 1106 2361 1975 2402; baseline -0.002 -8"><span class='ocrx_word' id='word_1_867' title='bbox 1106 2361 1179 2394; x_wconf 89' lang='lat' dir='ltr'><em>filiis</em></span> <span class='ocrx_word' id='word_1_868' title='bbox 1195 2361 1546 2402; x_wconf 77' lang='lat' dir='ltr'><em>heredibusinstitutis3</em></span> <span class='ocrx_word' id='word_1_869' title='bbox 1561 2363 1657 2394; x_wconf 88' lang='lat' dir='ltr'><em>etiarn</em></span> <span class='ocrx_word' id='word_1_870' title='bbox 1668 2371 1739 2394; x_wconf 86' lang='lat' dir='ltr'><em>curn</em></span> <span class='ocrx_word' id='word_1_871' title='bbox 1756 2362 1858 2393; x_wconf 90' lang='lat' dir='ltr'><em>voluit</em></span> <span class='ocrx_word' id='word_1_872' title='bbox 1873 2368 1975 2400; x_wconf 85' lang='lat' dir='ltr'><em>pater,</em></span> 
     </span>
     <span class='ocr_line' id='line_1_114' title="bbox 1108 2402 1974 2444; baseline -0.002 -9"><span class='ocrx_word' id='word_1_873' title='bbox 1108 2412 1164 2435; x_wconf 91' lang='lat' dir='ltr'><em>eos</em></span> <span class='ocrx_word' id='word_1_874' title='bbox 1175 2402 1262 2435; x_wconf 76' lang='lat' dir='ltr'><em>simul</em></span> <span class='ocrx_word' id='word_1_875' title='bbox 1275 2402 1416 2435; x_wconf 83' lang='lat' dir='ltr'><em>habitare</em></span> <span class='ocrx_word' id='word_1_876' title='bbox 1426 2413 1497 2436; x_wconf 87' lang='lat' dir='ltr'><em>cum</em></span> <span class='ocrx_word' id='word_1_877' title='bbox 1509 2413 1609 2435; x_wconf 88' lang='lat' dir='ltr'><em>uxore</em></span> <span class='ocrx_word' id='word_1_878' title='bbox 1622 2403 1785 2444; x_wconf 80' lang='lat' dir='ltr'><em>legataria:</em></span> <span class='ocrx_word' id='word_1_879' title='bbox 1804 2411 1838 2434; x_wconf 91' lang='lat' dir='ltr'><em>ut</em></span> <span class='ocrx_word' id='word_1_880' title='bbox 1847 2408 1974 2444; x_wconf 88' lang='lat' dir='ltr'><em>apparet</em></span> 
     </span>
     <span class='ocr_line' id='line_1_115' title="bbox 1107 2443 1958 2486; baseline -0.001 -9"><span class='ocrx_word' id='word_1_881' title='bbox 1107 2454 1149 2477; x_wconf 84' lang='lat' dir='ltr'><em>ex</em></span> <span class='ocrx_word' id='word_1_882' title='bbox 1166 2444 1186 2477; x_wconf 89' lang='lat' dir='ltr'><em>l.</em></span> <span class='ocrx_word' id='word_1_883' title='bbox 1205 2453 1252 2477; x_wconf 91' lang='lat'><em>11.</em></span> <span class='ocrx_word' id='word_1_884' title='bbox 1271 2443 1314 2476; x_wconf 85' lang='lat' dir='ltr'><em>D.</em></span> <span class='ocrx_word' id='word_1_885' title='bbox 1336 2444 1587 2486; x_wconf 68' lang='lat' dir='ltr'><em>Usufrueiuarius</em></span> <span class='ocrx_word' id='word_1_886' title='bbox 1600 2446 1837 2486; x_wconf 69' lang='lat' dir='ltr'><em>quemadmodum</em></span> <span class='ocrx_word' id='word_1_887' title='bbox 1852 2448 1958 2477; x_wconf 79' lang='lat' dir='ltr'><em>caveat.</em></span> 
     </span>
    </p>
   </div>
   <div class='ocr_carea' id='block_1_6' title="bbox 1095 2549 1254 2585">
    <p class='ocr_par' dir='ltr' id='par_1_9' title="bbox 1095 2549 1254 2585">
     <span class='ocr_line' id='line_1_116' title="bbox 1095 2549 1254 2585; baseline 0.006 -1"><span class='ocrx_word' id='word_1_888' title='bbox 1095 2561 1118 2584; x_wconf 86' lang='lat' dir='ltr'>T</span> <span class='ocrx_word' id='word_1_889' title='bbox 1169 2549 1254 2585; x_wconf 90' lang='lat' dir='ltr'><em>XX.</em></span> 
     </span>
    </p>
   </div>
   <div class='ocr_carea' id='block_1_7' title="bbox 474 2626 1690 2678">
    <p class='ocr_par' dir='ltr' id='par_1_10' title="bbox 474 2626 1690 2678">
     <span class='ocr_line' id='line_1_117' title="bbox 474 2626 1690 2678; baseline -0.002 -12"><span class='ocrx_word' id='word_1_890' title='bbox 474 2631 526 2668; x_wconf 85' lang='lat' dir='ltr'><em>De</em></span> <span class='ocrx_word' id='word_1_891' title='bbox 542 2630 628 2678; x_wconf 81' lang='lat' dir='ltr'><em>quasi</em></span> <span class='ocrx_word' id='word_1_892' title='bbox 642 2629 805 2678; x_wconf 61' lang='lat' dir='ltr'><em>usufructu</em></span> <span class='ocrx_word' id='word_1_893' title='bbox 820 2631 1025 2677; x_wconf 82' lang='lat' dir='ltr'><em>quantitatum</em></span> <span class='ocrx_word' id='word_1_894' title='bbox 1040 2629 1208 2664; x_wconf 56' lang='lat' dir='ltr'><em>introducto</em></span> <span class='ocrx_word' id='word_1_895' title='bbox 1226 2641 1247 2664; x_wconf 84' lang='lat' dir='ltr'><em>ct</em></span> <span class='ocrx_word' id='word_1_896' title='bbox 1265 2629 1399 2664; x_wconf 77' lang='lat' dir='ltr'><em>Senatu:</em></span> <span class='ocrx_word' id='word_1_897' title='bbox 1426 2626 1469 2668; x_wconf 58' lang='grc' dir='ltr'><em>ἐξ</em></span> <span class='ocrx_word' id='word_1_898' title='bbox 1483 2641 1542 2677; x_wconf 79' lang='lat' dir='ltr'><em>qua</em></span> <span class='ocrx_word' id='word_1_899' title='bbox 1547 2629 1661 2675; x_wconf 87' lang='lat' dir='ltr'><em>forma</em></span> <span class='ocrx_word' id='word_1_900' title='bbox 1673 2629 1690 2664; x_wconf 75' lang='lat'>?</span> 
     </span>
    </p>
   </div>
   <div class='ocr_carea' id='block_1_8' title="bbox 190 2732 1067 3230">
    <p class='ocr_par' dir='ltr' id='par_1_11' title="bbox 190 2732 1067 3230">
     <span class='ocr_line' id='line_1_118' title="bbox 192 2732 1067 2812; baseline -0.002 -46"><span class='ocrx_word' id='word_1_901' title='bbox 192 2734 398 2812; x_wconf 70' lang='lat' dir='ltr'><em>Hastenus</em></span> <span class='ocrx_word' id='word_1_902' title='bbox 415 2733 478 2765; x_wconf 83' lang='lat' dir='ltr'><em>dixi</em></span> <span class='ocrx_word' id='word_1_903' title='bbox 489 2735 529 2766; x_wconf 92' lang='lat' dir='ltr'><em>de</em></span> <span class='ocrx_word' id='word_1_904' title='bbox 543 2732 706 2766; x_wconf 66' lang='lat' dir='ltr'><em>usufructu</em></span> <span class='ocrx_word' id='word_1_905' title='bbox 722 2743 827 2767; x_wconf 90' lang='lat' dir='ltr'><em>rerum</em></span> <span class='ocrx_word' id='word_1_906' title='bbox 836 2735 867 2766; x_wconf 90' lang='lat' dir='ltr'><em>in</em></span> <span class='ocrx_word' id='word_1_907' title='bbox 885 2742 960 2774; x_wconf 88' lang='lat' dir='ltr'><em>quas</em></span> <span class='ocrx_word' id='word_1_908' title='bbox 975 2732 1067 2765; x_wconf 85' lang='lat' dir='ltr'><em>cade-</em></span> 
     </span>
     <span class='ocr_line' id='line_1_119' title="bbox 218 2773 1066 2817; baseline -0.001 -10"><span class='ocrx_word' id='word_1_909' title='bbox 218 2807 222 2810; x_wconf 70' lang='lat'><em>,</em></span> <span class='ocrx_word' id='word_1_910' title='bbox 285 2786 319 2808; x_wconf 90' lang='lat' dir='ltr'><em>re</em></span> <span class='ocrx_word' id='word_1_911' title='bbox 330 2775 434 2817; x_wconf 79' lang='lat' dir='ltr'><em>potest</em></span> <span class='ocrx_word' id='word_1_912' title='bbox 450 2773 583 2807; x_wconf 80' lang='lat' dir='ltr'><em>facultas</em></span> <span class='ocrx_word' id='word_1_913' title='bbox 601 2776 711 2807; x_wconf 82' lang='lat' dir='ltr'><em>utendi</em></span> <span class='ocrx_word' id='word_1_914' title='bbox 720 2775 847 2808; x_wconf 90' lang='lat' dir='ltr'><em>fruendi</em></span> <span class='ocrx_word' id='word_1_915' title='bbox 866 2774 946 2807; x_wconf 81' lang='lat' dir='ltr'><em>salva</em></span> <span class='ocrx_word' id='word_1_916' title='bbox 961 2784 1066 2806; x_wconf 87' lang='lat' dir='ltr'><em>rerum</em></span> 
     </span>
     <span class='ocr_line' id='line_1_120' title="bbox 191 2815 1066 2857; baseline -0.007 -4"><span class='ocrx_word' id='word_1_917' title='bbox 191 2819 371 2853; x_wconf 82' lang='lat' dir='ltr'><em>substantia.</em></span> <span class='ocrx_word' id='word_1_918' title='bbox 395 2824 488 2857; x_wconf 89' lang='lat' dir='ltr'><em>quem</em></span> <span class='ocrx_word' id='word_1_919' title='bbox 506 2815 733 2849; x_wconf 72' lang='lat' dir='ltr'><em>usumfructum</em></span> <span class='ocrx_word' id='word_1_920' title='bbox 748 2816 822 2857; x_wconf 80' lang='lat' dir='ltr'><em>Jure</em></span> <span class='ocrx_word' id='word_1_921' title='bbox 836 2817 932 2849; x_wconf 87' lang='lat' dir='ltr'><em>Civili</em></span> <span class='ocrx_word' id='word_1_922' title='bbox 950 2816 1066 2848; x_wconf 89' lang='lat' dir='ltr'><em>consti-</em></span> 
     </span>
     <span class='ocr_line' id='line_1_121' title="bbox 192 2857 1064 2901; baseline -0.008 -6"><span class='ocrx_word' id='word_1_923' title='bbox 192 2864 257 2901; x_wconf 90' lang='lat' dir='ltr'><em>tui,</em></span> <span class='ocrx_word' id='word_1_924' title='bbox 274 2863 314 2892; x_wconf 77' lang='lat' dir='ltr'><em>ait</em></span> <span class='ocrx_word' id='word_1_925' title='bbox 332 2857 487 2897; x_wconf 57' lang='lat' dir='ltr'><em>Ulpianus</em></span> <span class='ocrx_word' id='word_1_926' title='bbox 505 2857 551 2887; x_wconf 84' lang='lat' dir='ltr'><em>tit.</em></span> <span class='ocrx_word' id='word_1_927' title='bbox 566 2867 617 2896; x_wconf 76' lang='lat'><em>24.</em></span> <span class='ocrx_word' id='word_1_928' title='bbox 633 2858 661 2899; x_wconf 57' lang='lat'><em>§2</em></span> <span class='ocrx_word' id='word_1_929' title='bbox 680 2863 731 2891; x_wconf 76' lang='lat'><em>26.</em></span> <span class='ocrx_word' id='word_1_930' title='bbox 758 2858 925 2898; x_wconf 86' lang='lat' dir='ltr'><em>Deinceps</em></span> <span class='ocrx_word' id='word_1_931' title='bbox 945 2857 1064 2889; x_wconf 91' lang='lat' dir='ltr'><em>videbo</em></span> 
     </span>
     <span class='ocr_line' id='line_1_122' title="bbox 191 2899 1063 2938; baseline -0.008 -2"><span class='ocrx_word' id='word_1_932' title='bbox 191 2905 232 2936; x_wconf 86' lang='lat' dir='ltr'><em>de</em></span> <span class='ocrx_word' id='word_1_933' title='bbox 257 2899 415 2933; x_wconf 62' lang='lat' dir='ltr'><em>usufructu</em></span> <span class='ocrx_word' id='word_1_934' title='bbox 446 2906 551 2929; x_wconf 86' lang='lat' dir='ltr'><em>rerum</em></span> <span class='ocrx_word' id='word_1_935' title='bbox 576 2906 644 2938; x_wconf 84' lang='lat' dir='ltr'><em>quae</em></span> <span class='ocrx_word' id='word_1_936' title='bbox 668 2900 699 2931; x_wconf 90' lang='lat' dir='ltr'><em>in</em></span> <span class='ocrx_word' id='word_1_937' title='bbox 723 2900 820 2932; x_wconf 85' lang='lat' dir='ltr'><em>abusu</em></span> <span class='ocrx_word' id='word_1_938' title='bbox 843 2900 1063 2931; x_wconf 86' lang='lat' dir='ltr'><em>continentur.</em></span> 
     </span>
     <span class='ocr_line' id='line_1_123' title="bbox 191 2939 1065 2983; baseline -0.008 -5"><span class='ocrx_word' id='word_1_939' title='bbox 191 2945 277 2978; x_wconf 87' lang='lat' dir='ltr'><em>Eum</em></span> <span class='ocrx_word' id='word_1_940' title='bbox 303 2939 553 2983; x_wconf 59' lang='lat' dir='ltr'><em>usumfructum,</em></span> <span class='ocrx_word' id='word_1_941' title='bbox 572 2947 645 2970; x_wconf 85' lang='lat' dir='ltr'><em>cum</em></span> <span class='ocrx_word' id='word_1_942' title='bbox 672 2940 749 2972; x_wconf 76' lang='lat' dir='ltr'><em>effer</em></span> <span class='ocrx_word' id='word_1_943' title='bbox 764 2941 839 2980; x_wconf 84' lang='lat' dir='ltr'><em>Jure</em></span> <span class='ocrx_word' id='word_1_944' title='bbox 864 2941 960 2973; x_wconf 89' lang='lat' dir='ltr'><em>Civili</em></span> <span class='ocrx_word' id='word_1_945' title='bbox 978 2940 1065 2971; x_wconf 90' lang='lat' dir='ltr'><em>inco·</em></span> 
     </span>
     <span class='ocr_line' id='line_1_124' title="bbox 214 2980 1064 3022; baseline -0.001 -9"><span class='ocrx_word' id='word_1_946' title='bbox 214 2987 318 3022; x_wconf 61' lang='lat' dir='ltr'><em>nitus,</em></span> <span class='ocrx_word' id='word_1_947' title='bbox 336 2980 619 3014; x_wconf 84' lang='lat' dir='ltr'><em>Senatusconiulto</em></span> <span class='ocrx_word' id='word_1_948' title='bbox 638 2981 800 3014; x_wconf 63' lang='lat' dir='ltr'><em>indueram</em></span> <span class='ocrx_word' id='word_1_949' title='bbox 819 2982 900 3021; x_wconf 86' lang='lat' dir='ltr'><em>esse,</em></span> <span class='ocrx_word' id='word_1_950' title='bbox 915 2982 1001 3013; x_wconf 88' lang='lat' dir='ltr'><em>idem</em></span> <span class='ocrx_word' id='word_1_951' title='bbox 1018 2991 1064 3012; x_wconf 90' lang='lat' dir='ltr'><em>re·</em></span> 
     </span>
     <span class='ocr_line' id='line_1_125' title="bbox 207 3020 1065 3067; baseline -0.007 -7"><span class='ocrx_word' id='word_1_952' title='bbox 207 3036 256 3060; x_wconf 88' lang='lat' dir='ltr'><em>ert</em></span> <span class='ocrx_word' id='word_1_953' title='bbox 276 3025 430 3066; x_wconf 83' lang='lat' dir='ltr'><em>Ulpianus</em></span> <span class='ocrx_word' id='word_1_954' title='bbox 443 3023 472 3054; x_wconf 83' lang='lat' dir='ltr'><em>d.</em></span> <span class='ocrx_word' id='word_1_955' title='bbox 488 3023 532 3052; x_wconf 82' lang='lat' dir='ltr'><em>tit.</em></span> <span class='ocrx_word' id='word_1_956' title='bbox 548 3020 578 3062; x_wconf 83' lang='lat'><em>§.</em></span> <span class='ocrx_word' id='word_1_957' title='bbox 591 3029 645 3067; x_wconf 76' lang='lat'><em>¹27.</em></span> <span class='ocrx_word' id='word_1_958' title='bbox 661 3020 697 3053; x_wconf 51' lang='lat'><em>&amp;2</em></span> <span class='ocrx_word' id='word_1_959' title='bbox 714 3022 734 3052; x_wconf 90' lang='lat' dir='ltr'><em>l.</em></span> <span class='ocrx_word' id='word_1_960' title='bbox 754 3032 779 3054; x_wconf 89' lang='lat'><em>1.</em></span> <span class='ocrx_word' id='word_1_961' title='bbox 800 3023 840 3055; x_wconf 94' lang='lat' dir='ltr'><em>D.</em></span> <span class='ocrx_word' id='word_1_962' title='bbox 860 3025 893 3054; x_wconf 85' lang='lat' dir='ltr'><em>de</em></span> <span class='ocrx_word' id='word_1_963' title='bbox 907 3021 1065 3064; x_wconf 62' lang='lat' dir='ltr'><em>usufruilu</em></span> 
     </span>
     <span class='ocr_line' id='line_1_126' title="bbox 190 3060 1062 3107; baseline -0.009 -5"><span class='ocrx_word' id='word_1_964' title='bbox 190 3079 300 3102; x_wconf 81' lang='lat' dir='ltr'><em>earum.</em></span> <span class='ocrx_word' id='word_1_965' title='bbox 318 3066 447 3107; x_wconf 75' lang='lat' dir='ltr'><em>quando</em></span> <span class='ocrx_word' id='word_1_966' title='bbox 465 3069 569 3095; x_wconf 85' lang='lat' dir='ltr'><em>autem</em></span> <span class='ocrx_word' id='word_1_967' title='bbox 589 3061 621 3093; x_wconf 88' lang='lat' dir='ltr'><em>ld</em></span> <span class='ocrx_word' id='word_1_968' title='bbox 636 3060 754 3093; x_wconf 65' lang='lat' dir='ltr'><em>factum</em></span> <span class='ocrx_word' id='word_1_969' title='bbox 772 3063 826 3102; x_wconf 80' lang='lat' dir='ltr'><em>fit,</em></span> <span class='ocrx_word' id='word_1_970' title='bbox 843 3074 908 3096; x_wconf 86' lang='lat' dir='ltr'><em>non</em></span> <span class='ocrx_word' id='word_1_971' title='bbox 926 3064 971 3096; x_wconf 87' lang='lat' dir='ltr'><em>est</em></span> <span class='ocrx_word' id='word_1_972' title='bbox 986 3064 1062 3095; x_wconf 85' lang='lat' dir='ltr'><em>faei-</em></span> 
     </span>
     <span class='ocr_line' id='line_1_127' title="bbox 192 3103 1064 3146; baseline -0.01 -2"><span class='ocrx_word' id='word_1_973' title='bbox 192 3113 223 3144; x_wconf 92' lang='lat' dir='ltr'><em>le</em></span> <span class='ocrx_word' id='word_1_974' title='bbox 238 3110 333 3142; x_wconf 59' lang='lat' dir='ltr'><em>dictu.</em></span> <span class='ocrx_word' id='word_1_975' title='bbox 358 3115 454 3139; x_wconf 83' lang='lat' dir='ltr'><em>unum</em></span> <span class='ocrx_word' id='word_1_976' title='bbox 470 3106 591 3144; x_wconf 76' lang='lat' dir='ltr'><em>liquet,</em></span> <span class='ocrx_word' id='word_1_977' title='bbox 607 3112 671 3134; x_wconf 85' lang='lat' dir='ltr'><em>non</em></span> <span class='ocrx_word' id='word_1_978' title='bbox 684 3103 874 3136; x_wconf 70' lang='lat' dir='ltr'><em>adscendere</em></span> <span class='ocrx_word' id='word_1_979' title='bbox 885 3107 923 3137; x_wconf 89' lang='lat' dir='ltr'><em>ad</em></span> <span class='ocrx_word' id='word_1_980' title='bbox 939 3114 1064 3146; x_wconf 88' lang='lat' dir='ltr'><em>tempo-</em></span> 
     </span>
     <span class='ocr_line' id='line_1_128' title="bbox 193 3142 1065 3187; baseline -0.007 -4"><span class='ocrx_word' id='word_1_981' title='bbox 193 3162 228 3185; x_wconf 84' lang='lat' dir='ltr'><em>ra</em></span> <span class='ocrx_word' id='word_1_982' title='bbox 237 3150 424 3183; x_wconf 80' lang='lat' dir='ltr'><em>Ciceronis:</em></span> <span class='ocrx_word' id='word_1_983' title='bbox 439 3149 472 3179; x_wconf 84' lang='lat' dir='ltr'><em>in</em></span> <span class='ocrx_word' id='word_1_984' title='bbox 489 3146 597 3187; x_wconf 82' lang='lat' dir='ltr'><em>Topicis</em></span> <span class='ocrx_word' id='word_1_985' title='bbox 611 3142 639 3186; x_wconf 56' lang='lat'><em>§.</em></span> <span class='ocrx_word' id='word_1_986' title='bbox 657 3154 685 3185; x_wconf 78' lang='grc'><em>3.</em></span> <span class='ocrx_word' id='word_1_987' title='bbox 703 3144 822 3176; x_wconf 90' lang='lat' dir='ltr'><em>nullum</em></span> <span class='ocrx_word' id='word_1_988' title='bbox 841 3146 1065 3186; x_wconf 81' lang='lat' dir='ltr'><em>adgnoscentis</em></span> 
     </span>
     <span class='ocr_line' id='line_1_129' title="bbox 192 3185 1065 3230; baseline -0.009 -3"><span class='ocrx_word' id='word_1_989' title='bbox 192 3191 421 3228; x_wconf 70' lang='lat' dir='ltr'><em>usumfructum</em></span> <span class='ocrx_word' id='word_1_990' title='bbox 435 3197 540 3223; x_wconf 87' lang='lat' dir='ltr'><em>rerum</em></span> <span class='ocrx_word' id='word_1_991' title='bbox 556 3195 689 3230; x_wconf 82' lang='lat' dir='ltr'><em>quarum</em></span> <span class='ocrx_word' id='word_1_992' title='bbox 704 3185 816 3222; x_wconf 82' lang='lat' dir='ltr'><em>abusus</em></span> <span class='ocrx_word' id='word_1_993' title='bbox 832 3185 880 3221; x_wconf 86' lang='lat' dir='ltr'><em>fit.</em></span> <span class='ocrx_word' id='word_1_994' title='bbox 899 3186 954 3218; x_wconf 79' lang='lat' dir='ltr'><em>sub</em></span> <span class='ocrx_word' id='word_1_995' title='bbox 964 3186 1065 3219; x_wconf 77' lang='lat' dir='ltr'><em>Tibe-</em></span> 
     </span>
    </p>
   </div>
   <div class='ocr_carea' id='block_1_9' title="bbox 1107 2729 1976 3150">
    <p class='ocr_par' dir='ltr' id='par_1_12' title="bbox 1107 2729 1976 3150">
     <span class='ocr_line' id='line_1_130' title="bbox 1109 2729 1976 2774; baseline -0.001 -10"><span class='ocrx_word' id='word_1_996' title='bbox 1109 2732 1159 2764; x_wconf 78' lang='lat' dir='ltr'><em>rio</em></span> <span class='ocrx_word' id='word_1_997' title='bbox 1173 2732 1236 2771; x_wconf 78' lang='lat' dir='ltr'><em>jam</em></span> <span class='ocrx_word' id='word_1_998' title='bbox 1252 2731 1402 2774; x_wconf 81' lang='lat' dir='ltr'><em>viguiss&#39;e,</em></span> <span class='ocrx_word' id='word_1_999' title='bbox 1426 2731 1567 2772; x_wconf 80' lang='lat' dir='ltr'><em>conjecit</em></span> <span class='ocrx_word' id='word_1_1000' title='bbox 1590 2731 1722 2764; x_wconf 89' lang='lat' dir='ltr'><em>Marcus</em></span> <span class='ocrx_word' id='word_1_1001' title='bbox 1744 2733 1889 2766; x_wconf 82' lang='lat' dir='ltr'><em>Aurelius</em></span> <span class='ocrx_word' id='word_1_1002' title='bbox 1904 2729 1976 2763; x_wconf 77' lang='lat' dir='ltr'><em>Gal—</em></span> 
     </span>
     <span class='ocr_line' id='line_1_131' title="bbox 1109 2772 1976 2816; baseline -0.001 -12"><span class='ocrx_word' id='word_1_1003' title='bbox 1109 2783 1228 2812; x_wconf 88' lang='lat' dir='ltr'><em>vanus,</em></span> <span class='ocrx_word' id='word_1_1004' title='bbox 1246 2773 1286 2805; x_wconf 90' lang='lat' dir='ltr'><em>V.</em></span> <span class='ocrx_word' id='word_1_1005' title='bbox 1305 2773 1365 2805; x_wconf 81' lang='lat' dir='ltr'><em>CL.</em></span> <span class='ocrx_word' id='word_1_1006' title='bbox 1382 2772 1428 2804; x_wconf 88' lang='lat' dir='ltr'><em>De</em></span> <span class='ocrx_word' id='word_1_1007' title='bbox 1442 2773 1598 2814; x_wconf 60' lang='lat' dir='ltr'><em>usufructu</em></span> <span class='ocrx_word' id='word_1_1008' title='bbox 1613 2785 1638 2806; x_wconf 74' lang='lat' dir='ltr'><em>e.</em></span> <span class='ocrx_word' id='word_1_1009' title='bbox 1656 2785 1685 2816; x_wconf 85' lang='lat'><em>3.</em></span> <span class='ocrx_word' id='word_1_1010' title='bbox 1702 2784 1781 2807; x_wconf 85' lang='lat' dir='ltr'><em>num.</em></span> <span class='ocrx_word' id='word_1_1011' title='bbox 1796 2784 1842 2807; x_wconf 84' lang='lat'><em>12.</em></span> <span class='ocrx_word' id='word_1_1012' title='bbox 1858 2774 1888 2806; x_wconf 74' lang='grc' dir='ltr'>δί</span> <span class='ocrx_word' id='word_1_1013' title='bbox 1902 2772 1976 2805; x_wconf 84' lang='lat' dir='ltr'><em>indi-</em></span> 
     </span>
     <span class='ocr_line' id='line_1_132' title="bbox 1107 2813 1974 2856; baseline -0.001 -10"><span class='ocrx_word' id='word_1_1014' title='bbox 1107 2815 1160 2846; x_wconf 87' lang='lat' dir='ltr'><em>cio</em></span> <span class='ocrx_word' id='word_1_1015' title='bbox 1176 2815 1236 2856; x_wconf 68' lang='lat'><em>²25·</em></span> <span class='ocrx_word' id='word_1_1016' title='bbox 1254 2815 1283 2856; x_wconf 88' lang='lat'><em>§.</em></span> <span class='ocrx_word' id='word_1_1017' title='bbox 1301 2824 1326 2846; x_wconf 91' lang='lat'><em>1.</em></span> <span class='ocrx_word' id='word_1_1018' title='bbox 1343 2813 1407 2849; x_wconf 69' lang='lat' dir='ltr'><em>&amp;l</em></span> <span class='ocrx_word' id='word_1_1019' title='bbox 1419 2824 1447 2856; x_wconf 86' lang='lat'><em>3.</em></span> <span class='ocrx_word' id='word_1_1020' title='bbox 1464 2815 1505 2846; x_wconf 92' lang='lat' dir='ltr'><em>D.</em></span> <span class='ocrx_word' id='word_1_1021' title='bbox 1523 2818 1580 2846; x_wconf 87' lang='lat' dir='ltr'><em>eod.</em></span> <span class='ocrx_word' id='word_1_1022' title='bbox 1599 2818 1644 2847; x_wconf 88' lang='lat' dir='ltr'><em>tit.</em></span> <span class='ocrx_word' id='word_1_1023' title='bbox 1662 2824 1751 2849; x_wconf 87' lang='lat' dir='ltr'><em>certe</em></span> <span class='ocrx_word' id='word_1_1024' title='bbox 1766 2819 1866 2848; x_wconf 89' lang='lat' dir='ltr'><em>altero</em></span> <span class='ocrx_word' id='word_1_1025' title='bbox 1883 2816 1914 2847; x_wconf 88' lang='lat' dir='ltr'><em>in</em></span> <span class='ocrx_word' id='word_1_1026' title='bbox 1930 2814 1974 2845; x_wconf 90' lang='lat' dir='ltr'><em>lo-</em></span> 
     </span>
     <span class='ocr_line' id='line_1_133' title="bbox 1107 2855 1974 2897; baseline -0.001 -11"><span class='ocrx_word' id='word_1_1027' title='bbox 1107 2865 1149 2887; x_wconf 91' lang='lat' dir='ltr'><em>co</em></span> <span class='ocrx_word' id='word_1_1028' title='bbox 1157 2855 1425 2888; x_wconf 84' lang='lat' dir='ltr'><em>Senatusconsulti</em></span> <span class='ocrx_word' id='word_1_1029' title='bbox 1436 2857 1592 2897; x_wconf 89' lang='lat' dir='ltr'><em>interpres</em></span> <span class='ocrx_word' id='word_1_1030' title='bbox 1602 2858 1744 2889; x_wconf 84' lang='lat' dir='ltr'><em>laudatur</em></span> <span class='ocrx_word' id='word_1_1031' title='bbox 1752 2856 1916 2889; x_wconf 84' lang='lat' dir='ltr'><em>Maffurius</em></span> <span class='ocrx_word' id='word_1_1032' title='bbox 1925 2855 1974 2886; x_wconf 86' lang='lat' dir='ltr'><em>Sa-</em></span> 
     </span>
     <span class='ocr_line' id='line_1_134' title="bbox 1109 2896 1973 2938; baseline -0.003 -10"><span class='ocrx_word' id='word_1_1033' title='bbox 1109 2897 1222 2929; x_wconf 67' lang='lat' dir='ltr'><em>binus:</em></span> <span class='ocrx_word' id='word_1_1034' title='bbox 1235 2905 1330 2937; x_wconf 85' lang='lat' dir='ltr'><em>quem</em></span> <span class='ocrx_word' id='word_1_1035' title='bbox 1340 2897 1395 2928; x_wconf 86' lang='lat' dir='ltr'><em>sub</em></span> <span class='ocrx_word' id='word_1_1036' title='bbox 1405 2896 1541 2929; x_wconf 89' lang='lat' dir='ltr'><em>Tiberio</em></span> <span class='ocrx_word' id='word_1_1037' title='bbox 1552 2897 1689 2930; x_wconf 76' lang='lat' dir='ltr'><em>floruiffe</em></span> <span class='ocrx_word' id='word_1_1038' title='bbox 1699 2923 1708 2938; x_wconf 89' lang='lat'><em>‚</em></span> <span class='ocrx_word' id='word_1_1039' title='bbox 1718 2899 1913 2938; x_wconf 77' lang='lat' dir='ltr'><em>Pomponius</em></span> <span class='ocrx_word' id='word_1_1040' title='bbox 1921 2904 1973 2925; x_wconf 89' lang='lat' dir='ltr'><em>au-</em></span> 
     </span>
     <span class='ocr_line' id='line_1_135' title="bbox 1107 2938 1974 2982; baseline -0.005 -12"><span class='ocrx_word' id='word_1_1041' title='bbox 1107 2939 1177 2970; x_wconf 71' lang='lat' dir='ltr'><em>&amp;tor</em></span> <span class='ocrx_word' id='word_1_1042' title='bbox 1192 2938 1237 2970; x_wconf 84' lang='lat' dir='ltr'><em>est</em></span> <span class='ocrx_word' id='word_1_1043' title='bbox 1253 2939 1264 2969; x_wconf 88' lang='lat' dir='ltr'><em>l</em></span> <span class='ocrx_word' id='word_1_1044' title='bbox 1284 2947 1311 2970; x_wconf 84' lang='lat'><em>2.</em></span> <span class='ocrx_word' id='word_1_1045' title='bbox 1324 2938 1352 2980; x_wconf 86' lang='lat'><em>§.</em></span> <span class='ocrx_word' id='word_1_1046' title='bbox 1363 2939 1466 2979; x_wconf 74' lang='lat' dir='ltr'><em>47.D.</em></span> <span class='ocrx_word' id='word_1_1047' title='bbox 1484 2941 1516 2970; x_wconf 80' lang='lat' dir='ltr'><em>de</em></span> <span class='ocrx_word' id='word_1_1048' title='bbox 1525 2942 1635 2982; x_wconf 79' lang='lat' dir='ltr'><em>origine</em></span> <span class='ocrx_word' id='word_1_1049' title='bbox 1650 2940 1729 2972; x_wconf 64' lang='grc' dir='ltr'><em>’τινὶ-τ.</em></span> <span class='ocrx_word' id='word_1_1050' title='bbox 1752 2939 1892 2971; x_wconf 80' lang='lat' dir='ltr'><em>innitere</em></span> <span class='ocrx_word' id='word_1_1051' title='bbox 1902 2944 1974 2976; x_wconf 89' lang='lat' dir='ltr'><em>pro-</em></span> 
     </span>
     <span class='ocr_line' id='line_1_136' title="bbox 1108 2977 1972 3021; baseline -0.007 -9"><span class='ocrx_word' id='word_1_1052' title='bbox 1108 2982 1240 3021; x_wconf 88' lang='lat' dir='ltr'><em>ponitur</em></span> <span class='ocrx_word' id='word_1_1053' title='bbox 1257 2980 1429 3019; x_wconf 68' lang='lat' dir='ltr'><em>disputatio</em></span> <span class='ocrx_word' id='word_1_1054' title='bbox 1447 2979 1565 3012; x_wconf 84' lang='lat' dir='ltr'><em>Nervae</em></span> <span class='ocrx_word' id='word_1_1055' title='bbox 1578 2982 1608 3013; x_wconf 82' lang='lat'>&amp;</span> <span class='ocrx_word' id='word_1_1056' title='bbox 1651 2982 1731 3013; x_wconf 77' lang='lat' dir='ltr'><em>allii:</em></span> <span class='ocrx_word' id='word_1_1057' title='bbox 1744 2977 1972 3020; x_wconf 76' lang='lat' dir='ltr'><em>quaerentium,</em></span> 
     </span>
     <span class='ocr_line' id='line_1_137' title="bbox 1108 3017 1973 3062; baseline -0.003 -10"><span class='ocrx_word' id='word_1_1058' title='bbox 1108 3031 1147 3053; x_wconf 84' lang='lat' dir='ltr'><em>an</em></span> <span class='ocrx_word' id='word_1_1059' title='bbox 1163 3021 1234 3062; x_wconf 84' lang='lat' dir='ltr'><em>post</em></span> <span class='ocrx_word' id='word_1_1060' title='bbox 1243 3020 1560 3054; x_wconf 84' lang='lat' dir='ltr'><em>Senatusconsultum</em></span> <span class='ocrx_word' id='word_1_1061' title='bbox 1577 3017 1973 3062; x_wconf 40' lang='lat' dir='ltr'><em>poffitlegarifususfruttus</em></span> 
     </span>
     <span class='ocr_line' id='line_1_138' title="bbox 1108 3057 1973 3105; baseline -0.007 -11"><span class='ocrx_word' id='word_1_1062' title='bbox 1108 3064 1285 3095; x_wconf 88' lang='lat' dir='ltr'><em>nom-inum.</em></span> <span class='ocrx_word' id='word_1_1063' title='bbox 1299 3062 1433 3095; x_wconf 83' lang='lat' dir='ltr'><em>Caffium</em></span> <span class='ocrx_word' id='word_1_1064' title='bbox 1442 3072 1540 3103; x_wconf 87' lang='lat' dir='ltr'><em>porro</em></span> <span class='ocrx_word' id='word_1_1065' title='bbox 1552 3073 1623 3095; x_wconf 89' lang='lat' dir='ltr'><em>cum</em></span> <span class='ocrx_word' id='word_1_1066' title='bbox 1635 3061 1802 3105; x_wconf 85' lang='lat' dir='ltr'><em>Quartinio</em></span> <span class='ocrx_word' id='word_1_1067' title='bbox 1813 3057 1973 3090; x_wconf 80' lang='lat' dir='ltr'><em>sub&#39;fibe-</em></span> 
     </span>
     <span class='ocr_line' id='line_1_139' title="bbox 1107 3100 1974 3150; baseline -0.005 -16"><span class='ocrx_word' id='word_1_1068' title='bbox 1107 3105 1156 3150; x_wconf 83' lang='lat' dir='ltr'><em>rio</em></span> <span class='ocrx_word' id='word_1_1069' title='bbox 1167 3103 1338 3139; x_wconf 82' lang='lat' dir='ltr'><em>Consulem</em></span> <span class='ocrx_word' id='word_1_1070' title='bbox 1348 3104 1439 3136; x_wconf 82' lang='lat' dir='ltr'><em>fuiffe</em></span> <span class='ocrx_word' id='word_1_1071' title='bbox 1447 3128 1457 3143; x_wconf 93' lang='lat'>‚</span> <span class='ocrx_word' id='word_1_1072' title='bbox 1467 3105 1496 3136; x_wconf 72' lang='grc' dir='ltr'><em>δι</em></span> <span class='ocrx_word' id='word_1_1073' title='bbox 1505 3103 1646 3137; x_wconf 87' lang='lat' dir='ltr'><em>Nervam</em></span> <span class='ocrx_word' id='word_1_1074' title='bbox 1655 3104 1879 3143; x_wconf 80' lang='lat' dir='ltr'><em>patrem-quem</em></span> <span class='ocrx_word' id='word_1_1075' title='bbox 1897 3100 1974 3131; x_wconf 87' lang='lat' dir='ltr'><em>indi·-</em></span> 
     </span>
    </p>
   </div>
   <div class='ocr_carea' id='block_1_10' title="bbox 1105 3140 1971 3219">
    <p class='ocr_par' dir='ltr' id='par_1_13' title="bbox 1105 3140 1971 3219">
     <span class='ocr_line' id='line_1_140' title="bbox 1105 3140 1971 3219; baseline -0.003 -43"><span class='ocrx_word' id='word_1_1076' title='bbox 1105 3153 1185 3219; x_wconf 43' lang='grc' dir='ltr'><em>ἔπει</em></span> <span class='ocrx_word' id='word_1_1077' title='bbox 1196 3147 1223 3177; x_wconf 90' lang='lat' dir='ltr'><em>d.</em></span> <span class='ocrx_word' id='word_1_1078' title='bbox 1243 3146 1259 3176; x_wconf 78' lang='lat' dir='ltr'><em>l</em></span> <span class='ocrx_word' id='word_1_1079' title='bbox 1274 3156 1303 3191; x_wconf 80' lang='lat'><em>3.</em></span> <span class='ocrx_word' id='word_1_1080' title='bbox 1322 3145 1459 3177; x_wconf 91' lang='lat' dir='ltr'><em>Tiberio</em></span> <span class='ocrx_word' id='word_1_1081' title='bbox 1475 3145 1738 3177; x_wconf 82' lang='lat' dir='ltr'><em>familiariilimum</em></span> <span class='ocrx_word' id='word_1_1082' title='bbox 1754 3140 1863 3180; x_wconf 69' lang='lat' dir='ltr'><em>fuisse,</em></span> <span class='ocrx_word' id='word_1_1083' title='bbox 1887 3142 1971 3173; x_wconf 81' lang='lat' dir='ltr'><em>idem</em></span> 
     </span>
    </p>
   </div>
   <div class='ocr_carea' id='block_1_11' title="bbox 1134 3181 1970 3254">
    <p class='ocr_par' dir='ltr' id='par_1_14' title="bbox 1134 3181 1970 3254">
     <span class='ocr_line' id='line_1_141' title="bbox 1134 3181 1970 3254; baseline -0.006 -34"><span class='ocrx_word' id='word_1_1084' title='bbox 1134 3188 1308 3228; x_wconf 71' lang='lat' dir='ltr'><em>o&#39;mpmnus</em></span> <span class='ocrx_word' id='word_1_1085' title='bbox 1314 3186 1472 3225; x_wconf 81' lang='lat' dir='ltr'><em>memorat</em></span> <span class='ocrx_word' id='word_1_1086' title='bbox 1480 3189 1513 3219; x_wconf 84' lang='lat' dir='ltr'><em>d.</em></span> <span class='ocrx_word' id='word_1_1087' title='bbox 1520 3186 1539 3218; x_wconf 86' lang='lat' dir='ltr'><em>l.</em></span> <span class='ocrx_word' id='word_1_1088' title='bbox 1546 3196 1574 3218; x_wconf 88' lang='lat'><em>2.</em></span> <span class='ocrx_word' id='word_1_1089' title='bbox 1582 3185 1609 3225; x_wconf 59' lang='grc' dir='ltr'><em>ὃ.</em></span> <span class='ocrx_word' id='word_1_1090' title='bbox 1618 3181 1805 3225; x_wconf 66' lang='lat' dir='ltr'><em>47.Satiszde</em></span> <span class='ocrx_word' id='word_1_1091' title='bbox 1813 3191 1970 3254; x_wconf 46' lang='lat' dir='ltr'><em>ternpore.</em></span> 
     </span>
     <span class='ocr_line' id='line_1_142' title="bbox 1876 3232 1970 3253; baseline -0.011 -4"><span class='ocrx_word' id='word_1_1092' title='bbox 1876 3244 1879 3249; x_wconf 73' lang='grc'>,</span> <span class='ocrx_word' id='word_1_1093' title='bbox 1938 3232 1970 3253; x_wconf 81' lang='lat' dir='ltr'><em>e-</em></span> 
     </span>
    </p>
   </div>
   <div class='ocr_carea' id='block_1_12' title="bbox 2027 26 2036 756">
    <p class='ocr_par' dir='ltr' id='par_1_15' title="bbox 2027 26 2036 756">
     <span class='ocr_line' id='line_1_143' title="bbox 2027 26 2036 756; baseline 0 0"><span class='ocrx_word' id='word_1_1094' title='bbox 2027 26 2036 756; x_wconf 95' lang='lat' dir='ltr'><em> </em></span> 
     </span>
    </p>
   </div>
  </div>
 </body>
</html>
