2052 3487
339 84 870 121 Droctzrtauus
920 90 989 123 ετ
1039 87 1505 131 ΜΑΧῙΜῐΑΝυε.

87 185 163 209 rare.
188 175 252 220 Qui
265 180 361 207 antem
377 172 513 206 adulterii
521 173 691 204 damnatam
697 171 796 212 sciens
810 174 900 220 duxe-

31 240 35 243 -
90 221 128 250 rit
143 227 258 249 uxorem
283 216 350 257 [vel
374 214 543 256 reduxerit]
573 215 669 246 eadem
683 213 743 255 tege
758 223 794 246 ex
812 218 899 256 causa

79 260 224 291 ‘lenocinii
236 260 387 300 punietur.
813 297 818 302 ι

31 299 119 343 Quid
141 301 203 341 jam
225 301 294 332 vult
316 297 528 343 Alexander?
557 297 644 339 quod
668 296 738 343 vult
761 304 843 328 ratio
866 298 897 330 &

29 343 207 382 ui'usjuris‚
231 341 438 380 eoPrincipe.
482 339 554 385 Ait,
577 347 752 384 convenire
770 347 897 380 tempo·

29 386 74 416 ris
98 384 139 415 sui
163 383 333 424 disciplinae
349 405 357 421 ,
390 388 425 412 ut
447 380 559 412 mulier
581 380 725 424 adulterii
750 380 897 426 damnata

30 424 121 466 Lege
137 425 215 464 Julia
232 428 272 456 de
293 422 461 465 pudicitia,
486 421 516 452 in
532 421 683 467 legitimis
700 430 804 468 poenis
828 431 897 462 pei·-

25 466 174 499 leveiet:
199 467 230 497 id
246 465 308 502 est,
333 474 372 496 ne
389 463 540 494 liberetur
556 471 659 502 poenis
676 471 745 509 quae
762 472 791 494 ei
807 462 896 509 Lege

29 507 110 547 Julia
133 508 191 539 lint
215 506 348 539 inflictae.
399 503 453 534 Eae
479 513 557 534 vero
588 513 686 543 poenae
710 511 792 535 inter
823 505 897 536 alias

27 549 102 581 ¹sunt
118 550 289 589 relegatio,
314 548 342 579 &
362 544 480 576 amiffio
497 545 592 585 partis
609 545 768 591 bonorum
786 555 823 577 ac
838 546 895 577 do-

25 594 87 628 tis,
104 599 170 622 tum
188 598 223 622 ut
238 590 369 629 innupta
382 586 435 625 fit;
452 593 488 616 ut
505 596 545 618 ex
562 593 636 618 ante
654 586 743 633 dictis
761 587 896 634 constat.

27 631 129 673 Igitur
155 631 359 667 Alexander,
389 634 561 668 oportere,
585 628 752 675 inquiens,
785 629 894 675 mulie-

29 683 116 710 rem,
140 671 281 703 adulterii
305 671 481 701 damnatam
506 668 593 710 Lege
616 669 714 709 Julia,
737 679 767 701 in
792 679 896 711 poenis

28 714 177 754 legitimis
199 712 397 753 perseverare
413 734 422 749 ,
451 709 621 750 fignificat,
654 719 808 758 oportere
831 721 897 743 mu-

27 755 138 787 lierem
158 763 227 794 quae
245 763 283 784 ex
306 752 393 793 Lege
408 752 488 792 Julia
512 752 658 784 damnata
674 753 703 784 &
719 760 828 800 punita
841 752 897 792 fit,

28 805 100 828 cum
115 796 145 827 in
163 795 286 826 caeteris
306 793 400 834 Legis
418 793 542 833 poenis,
567 802 633 826 tum
650 793 713 825 fine
735 802 898 841 matrimo-

29 838 104 875 nio,
128 845 265 868 manere.
296 836 395 866 Addit
413 835 610 874 Alexander,
635 845 708 867 eum
723 837 776 877 qui
793 836 895 867 sciens

28 877 97 911 ea'm
121 887 251 909 uxorem
268 876 412 914 duxerit,
437 876 488 907 vel
505 876 687 916 reduxerit,
712 878 824 909 eadem
835 876 896 908 Le-

28 929 69 960 ge
91 919 169 959 Julia
191 928 230 950 ex
263 917 351 949 causa
382 917 535 949 lenocinii
561 918 674 957 puniri.
719 918 805 950 Dedi
834 918 897 950 Re-

27 961 132 1002 scripti
149 959 278 992 sensum.
319 960 483 990 Addamiie
507 958 656 991 causam?
685 960 822 993 addam:
853 959 874 992 fi

29 1003 142 1035 clarior
158 1012 206 1034 res
230 1001 297 1033 fiet.
343 1000 388 1031 Ea
404 999 492 1031 causa
507 999 587 1038 fuit,
611 1001 700 1040 quod
719 1001 893 1040 Proculus,

29 1046 69 1075 ad
84 1053 177 1084 quern
195 1040 345 1083 rescripsit
363 1042 558 1080 Alexander,
582 1042 733 1081 volebat,
757 1053 893 1075 uxorem

31 1087 148 1118 ducere
173 1085 223 1116 vel
245 1085 397 1115 reducere
419 1083 581 1114 mulierem
599 1106 609 1122 ,
639 1081 729 1124 Lege
750 1084 830 1124 Julia
853 1085 894 1116 de

29 1126 180 1168 pudicitia
200 1127 384 1157 damnatam.
410 1123 496 1165 quod
516 1133 587 1156 cum
613 1124 722 1156 facere
743 1135 779 1156 ea
804 1125 893 1167 Lege

30 1167 273 1208 prohiberetur3
296 1165 413 1197 obtulit
428 1166 608 1197 Alexandro
628 1165 806 1198 Libellum:
826 1176 892 1208 quo

30 1208 159 1241 Libello
183 1217 254 1239 cum
276 1207 426 1248 rogavit,
450 1214 483 1238 ut
504 1216 541 1238 ea
564 1207 675 1238 mulier
699 1209 766 1248 ejus
788 1210 891 1254 indul-

32 1250 136 1281 “entia
155 1249 310 1286 reciperet
326 1249 374 1288 jus
398 1248 549 1279 connubii
573 1250 660 1288 quod
679 1248 824 1282 amiserat
848 1255 892 1282 lc-

31 1274 164 1322 3eritate
186 1288 280 1329 Legis
305 1288 417 1328 Juliae3
452 1297 551 1330 utque
576 1289 632 1321 fibi
659 1291 789 1329 liceret,
821 1301 892 1324 eam

1748 105 1814 142 241

942 176 1022 217 cipis
1041 177 1237 221 indulgentia
1253 191 1317 214 non
1342 182 1418 215 solvi
1441 183 1543 225 poenis
1560 190 1635 225 quas
1659 193 1701 218 ex
1722 184 1814 227 Lege

940 219 1020 258 Julia
1039 220 1080 250 dc
1096 222 1248 261 pudicitia
1266 224 1421 264 patiatur:
1445 235 1516 265 eum
1534 234 1640 258 autern
1657 227 1710 268 qui
1728 227 1815 260 adul-

942 261 1012 291 terii
1030 260 1208 295 damnatam
1234 264 1333 296 sciens
1351 276 1484 298 uxorem
1507 267 1656 308 duxerit,
1690 269 1742 301 vel
1765 278 1813 300 re·

940 302 1088 341 duxerit,
1112 305 1223 337 eadem
1241 305 1333 347 Lege
1351 317 1392 339 ex
1410 308 1499 340 causa
1516 310 1670 342 lenocinii
1686 309 1810 351 puniri:

940 352 1001 374 nec
1017 352 1169 384 apparere
1184 369 1194 385 ‚
1218 350 1321 380 curin
1347 349 1513 390 proposito
1535 351 1574 382 ab
1598 350 1658 383 hac
1679 359 1813 393 quoque

940 384 1021 424 legis
1046 393 1135 425 parte
1159 390 1375 422 recedendum
1399 392 1445 422 sit.
1488 391 1641 433 Explicui
1666 392 1811 432 Libelli‚

940 425 1028 457 simul
1054 426 1209 468 Rescripti
1229 453 1238 469 ‚
1272 430 1480 471 sententiam,
1512 433 1597 465 illam
1623 435 1749 475 planam
1771 443 1811 466 ac

940 475 1079 505 certain,
1103 478 1164 501 nec
1182 470 1270 502 forte
1287 472 1463 505 diffimilem
1486 475 1515 505 ei
1539 483 1630 515 quani
1649 477 1679 508 in
1699 485 1733 508 re
1750 475 1812 507 alia

939 507 1124 541 Mai-cianus
1150 512 1282 544 exhibet
1301 515 1321 546 l.
1343 518 1390 546 16.
1414 514 1456 546 D.
1479 516 1513 546 de
1536 517 1695 548 interdistis
1718 517 1812 552 &re-

939 549 1051 590 legatis.
1092 551 1165 592 Ejus
1190 554 1304 594 verba,
1328 557 1402 596 quia
1430 556 1597 597 proposito
1623 558 1734 590 nostro
1762 559 1812 591 iri-

939 590 1099 630 serviunt,
1123 594 1264 634 apposui.
1311 596 1418 629 Verba
1445 597 1615 630 Marciani.
1658 600 1731 631 Cum
1753 599 1812 631 Ul-

934 633 1045 673 pianus
1067 633 1267 672 Damascenus
1295 638 1415 679 rogaffet
1437 638 1637 680 Imperatorem
1654 664 1663 680 ,
1700 647 1735 672 ut
1750 640 1810 679 fibi

934 676 1130 714 permitteret,
1153 679 1241 708 matri
1263 679 1419 721 relinquere
1442 682 1479 712 art
1500 680 1612 713 vibium
1634 681 1812 722 neceffaria,

941 714 977 749 &⁹
991 722 1082 747 mater
1092 724 1144 757 per
1165 720 1316 759 libertum,
1347 727 1380 753 ut
1401 723 1529 762 quaedam
1548 721 1608 761 fibi
1628 723 1724 754 liceret
1741 723 1809 764 filio

939 758 1084 794 deportato
1098 759 1280 801 relinquere,
1300 762 1459 801 Imperator
1467 763 1638 796 Antoninus
1652 766 1692 795 eis
1708 765 1811 802 rescri-

934 796 993 838 psit
1013 801 1045 830 in
1063 800 1141 831 hunc
1155 803 1287 834 modum:
1311 804 1417 845 Neque
1440 805 1594 844 hereditas,
1618 815 1709 847 neque
1731 807 1811 848 tega-

940 847 1020 878 tum,
1044 850 1132 881 neque
1142 841 1388 884 fideicommiffum
1412 852 1510 878 contra
1532 857 1620 878 morer
1640 847 1676 882 δ’
1690 847 1743 889 jus
1750 855 1808 888 pu-

939 880 1043 912 blicam
1059 882 1225 923 hujusmodi
1235 886 1361 924 perfimis
1377 887 1501 929 relinqui
1510 886 1598 929 potest}
1614 911 1624 928 ,
1647 899 1699 921 nec
1714 889 1812 921 conai-

939 922 977 952 tio
993 923 1097 954 harum
1114 928 1295 963 personarum
1313 930 1422 960 mutari
1435 931 1523 961 dehet.
1555 930 1654 971 Quod
1672 930 1812 963 Marcia-

938 972 996 994 nus
1015 965 1077 1003 ait,
1103 966 1301 999 Antoninum
1328 969 1528 1010 rescripsisse,
1552 973 1740 1004 conditionem
1762 973 1810 1003 de-

932 1011 1056 1045 portatce
1066 1010 1191 1047 personae
1207 1011 1316 1040 matari
1332 1020 1390 1042 non
1406 1012 1519 1050 debere,
1543 1012 1715 1051 respondet
1732 1013 1810 1045 huic

938 1045 1109 1079 Alexandri
1133 1050 1161 1080 d.
1185 1050 1204 1081 l.
1220 1060 1250 1087 9.
1275 1054 1444 1091 convenire,
1468 1053 1527 1094 lege
1542 1053 1630 1094 Julia
1645 1056 1678 1086 de
1692 1057 1811 1096 pudici-

937 1089 978 1118 tia
992 1090 1161 1120 damnatam
1176 1093 1207 1122 in
1219 1094 1310 1132 poenis
1327 1093 1462 1133 legitimis
1475 1097 1672 1133 perseverare:
1697 1097 1728 1128 id
1745 1096 1810 1137 cst,

936 1130 1035 1169 poenis
1060 1130 1210 1171 legitimis
1234 1143 1298 1165 non
1319 1133 1396 1165 solvi
1422 1136 1619 1176 indulgentia
1641 1137 1810 1178 Principis.

936 1169 1078 1210 Exposui
1104 1173 1274 1205 Alexandri
1301 1174 1446 1208 sensum:
1479 1186 1539 1208 nec
1558 1179 1671 1209 dubito
1689 1202 1699 1217 ‚
1733 1180 1810 1219 quin

935 1221 1046 1244 verum
1065 1236 1074 1250 ,
1106 1214 1135 1245 &
1161 1214 1239 1256 Legi
1264 1215 1355 1255 Juliae
1372 1239 1381 1254 ,
1412 1226 1448 1248 ac
1479 1217 1584 1249 seculo
1616 1219 1811 1261 Alexandri,

937 1256 1199 1287 convenientem.
1225 1259 1278 1296 qui
1296 1256 1316 1288 si
1333 1257 1458 1297 placet3
1475 1258 1563 1290 fimul
1580 1259 1723 1299 ostendi,
1741 1271 1811 1293 ver-

936 1293 1085 1333 ticulum,
1110 1296 1142 1327 St
1159 1307 1337 1340 quaerunque
1352 1301 1430 1330 modo
1442 1306 1558 1340 paenam
1576 1301 1725 1342 capitalem
1742 1312 1811 1334 eva-

29 1339 160 1363 uxorem
177 1331 293 1361 ducere
309 1330 357 1361 vel
377 1330 539 1362 reducere.
572 1331 739 1372 Rescripsit
758 1333 892 1365 Alexan·
925 1336 1021 1375 sterit,
1047 1347 1112 1369 non
1129 1337 1320 1379 Alexandri,
1345 1339 1397 1371 sed
1424 1340 1628 1381 interpretis,
1660 1342 1743 1381 ess'e;
1765 1352 1811 1375 at·³

28 1373 103 1410 der,
126 1371 298 1402 convenii-e
315 1370 438 1403 suorum
457 1380 639 1412 temporum
656 1373 807 1413 castitati,
824 1384 891 1419 inu-

27 1413 135 1447 liorem
153 1411 240 1453 Lege
255 1411 333 1453 Julia
357 1413 396 1445 de
411 1414 566 1455 pudicitia
581 1416 779 1456 damnatam,
801 1416 890 1449 Prin-

709 1535 921 1574 CAPUT

935 1385 998 1419 que
1016 1378 1054 1410 ab
1073 1388 1114 1412 eo
1125 1379 1295 1414 Alexandri
1312 1382 1420 1414 verbis
1434 1383 1528 1424 plane
1546 1383 1658 1426 inepte
1672 1384 1810 1418 misceri.

977 1538 1121 1577 XVII.

104 1639 105 1643 ’
126 1670 128 1674 ,
286 1662 288 1665 >
383 1632 578 1672 Adulterium
603 1647 655 1672 nec
672 1633 734 1683 sub
760 1636 930 1674 Valeriano
957 1636 999 1679 δέ’
1025 1638 1164 1676 Gallieno
1188 1641 1320 1688 capitale
1335 1641 1395 1689 fui
1418 1653 1444 1678 e.

18 1726 121 1803 Sed
145 1729 211 1763 hoc
232 1729 436 1764 cei-tiffimum
462 1731 507 1763 est
522 1755 532 1771 ‚
565 1734 781 1775 cogitantibus
798 1758 808 1774 ,
844 1735 893 1774 jus

95 1769 191 1813 Legis
208 1772 297 1812 Juliae
323 1775 411 1813 quod
438 1773 609 1810 Alexandri
634 1782 779 1816 tempore
804 1775 895 1808 fuisse

21 1807 118 1850 diiii,
148 1813 264 1845 deinde
291 1814 395 1851 adbuc
417 1813 472 1846 sub
497 1814 668 1847 Valeriano
694 1818 724 1848 ἃ
741 1816 895 1849 Gallieno

21 1852 194 1885 obtinuisse
210 1878 220 1892 ,
244 1863 421 1894 eorumque
445 1854 611 1896 Rescripto
638 1857 852 1898 repraesentari
874 1858 894 1890 l.

18 1892 72 1933 *172
98 1893 132 1925 C.
148 1895 199 1925 Aa
215 1895 302 1936 legem
319 1894 436 1937 Juliam
453 1897 486 1927 de
499 1897 659 1930 adulteriis.
702 1898 810 1930 Verba
827 1899 896 1930 haec

18 1934 104 1967 sune
149 1935 218 1967 Sine
235 1943 313 1972 metu
329 1937 399 1978 legis
414 1936 506 1977 Juliae
525 1940 558 1969 de
575 1939 724 1971 adulteriis
739 1941 897 1972 coercendis

13 1972 157 2017 ,revocare
179 1974 297 2009 uxorem
322 1979 353 2009 in
378 1980 594 2016 matrimonium
609 1987 706 2020 potest
737 1992 802 2012 cum
823 1981 896 2013 nihil

23 2016 149 2055 amplius
163 2040 173 2055 ,
196 2028 284 2059 quam
307 2018 410 2049 libellos
429 2020 618 2059 accusationis
642 2021 767 2063 obtulisti
786 2032 794 2052 :
824 2024 895 2064 qaia

16 2056 116 2100 postea
131 2057 289 2099 comperzffe
304 2065 330 2090 te
345 2059 492 2100 affirmas,
507 2064 582 2102 quod
597 2072 677 2094 vana
696 2065 894 2106 indignatione

18 2095 284 2138 ‚ad'accusatianem
299 2101 440 2132 incitatus
448 2102 558 2142 fueris.
603 2103 634 2135 Is
651 2106 727 2136 enim
741 2107 894 2136 committit

25 2139 58 2169 in
69 2147 184 2180 poenam
197 2150 282 2181 quam
301 2141 348 2172 tex
369 2148 442 2173 certo
464 2145 556 2184 capite
577 2146 752 2185 denunciat,
775 2147 827 2187 qui
850 2147 895 2177 vel

20 2180 133 2220 publice
161 2182 301 2213 adulterio
325 2183 494 2215 damnatam
524 2185 606 2216 babet
624 2210 634 2225 ‚
665 2187 711 2218 vel
734 2189 895 2219 adulteram

15 2220 132 2260 sciens,
156 2230 190 2253 ut
211 2224 407 2264 ignorantiam
424 2224 564 2262 finzulare
585 2237 643 2258 non
665 2227 767 2269 pofflt‚
791 2231 894 2260 retinet

14 2261 154 2298 ‚uxorema
200 2262 328 2304 Species
345 2264 414 2297 haec
430 2266 484 2298 est.
511 2267 715 2308 Victorinus,
739 2270 779 2302 ad
798 2280 894 2311 quem

23 2301 210 2343 rescriptum
228 2304 292 2343 est,
316 2315 450 2338 uxorem
473 2307 556 2341 suam
580 2309 749 2350 suspectam
772 2312 894 2343 adulte-

22 2343 61 2374 rii
79 2344 224 2384 deinisit3
247 2355 381 2386 eamque
405 2348 516 2380 libello
544 2351 757 2384 accusationis
779 2353 894 2385 detulit

18 2385 64 2423 ¹ad
86 2384 302 2425 Magistratum
323 2388 411 2428 cujus
427 2399 462 2420 ea
480 2393 625 2431 cognitio
642 2401 720 2425 erat.
764 2393 894 2426 Deinde

24 2425 50 2455 is
74 2424 258 2459 Victorinus
273 2427 430 2462 insontem
445 2430 507 2462 esse
533 2442 666 2465 uxorem
693 2434 775 2466 suani
801 2435 895 2467 intel-

19 2465 121 2505 'lexit3
145 2467 239 2509 seque
258 2478 335 2501 vana
358 2471 575 2512 indignatione
597 2476 636 2506 ad
658 2475 894 2508 accusationem

24 2507 203 2547 prosiluisse.
261 2510 360 2550 Igitur
394 2521 466 2544 eum
497 2515 646 2552 poenituit
681 2517 893 2558 imprudentis

18 2548 252 2584 accusationis:
271 2552 340 2593 ,hoc
358 2553 427 2593 plus
446 2555 569 2595 voluit,
593 2556 676 2589 suam
701 2568 835 2590 uxorem
862 2560 892 2591 in

19 2591 262 2624 ,matrimonium
284 2594 324 2624 de
341 2603 405 2634 quo
428 2604 496 2627 eam
518 2598 704 2637 demiserat,
728 2610 891 2632 revocare.

30 2626 113 2668 Sed,
132 2640 203 2665 cum
218 2643 376 2666 metueret
399 2645 526 2677 poenam
542 2647 637 2680 quam
665 2640 735 2673 Lex
760 2640 840 2681 Julia
864 2643 893 2674 ei

939 1735 993 1777 qui
1012 1736 1155 1769 adulterii
1174 1739 1304 1778 publice
1330 1741 1511 1774 damnatam
1530 1750 1666 1776 uxorem
1691 1744 1815 1784 habet:

939 1777 1156 1810 aduiteramve
1172 1779 1291 1819 sciens,
1307 1788 1344 1813 ut
1359 1782 1569 1824 ignorantiam
1588 1784 1732 1816 fimulare
1744 1794 1816 1820 non

938 1818 1035 1858 poffit
1053 1842 1063 1857 ,
1092 1820 1211 1852 retinet
1227 1842 1237 1858 ,
1266 1829 1358 1853 certo
1382 1825 1489 1864 capite
1514 1826 1704 1865 denunciat3
1734 1827 1817 1859 adiit:

939 1859 1171 1899 Imperatores,
1195 1860 1398 1896 Valerianum
1416 1865 1446 1897 ὅτ.
1464 1865 1669 1907 Gallienum,
1691 1876 1748 1907 per
1757 1867 1817 1900 Li·

939 1901 1082 1940 bellum;
1105 1911 1210 1943 eoque
1234 1913 1291 1935 eos
1315 1907 1465 1946 rogavit,
1498 1908 1655 1940 liceretne
1675 1908 1730 1941 fibi
1754 1919 1813 1950 per

938 1940 1142 1975 severitatem
1169 1942 1264 1985 Legis
1290 1944 1380 1985 Juliae
1397 1969 1407 1986 ,
1437 1957 1570 1982 uxorem
1593 1951 1626 1982 in
1649 1951 1814 1983 matrimo-

938 1983 1025 2015 nium
1041 1994 1204 2018 revocare.
1229 1985 1272 2017 Et
1291 1987 1679 2031 affirmantlmperatores.
1705 1991 1814 2033 Quam

937 2025 982 2055 ob
998 2025 1145 2058 causam?
1167 2027 1347 2067 duplicem:
1370 2039 1430 2062 una
1445 2031 1507 2071 est,
1530 2033 1617 2073 quod
1634 2033 1660 2065 is
1677 2042 1814 2067 uxorem

938 2066 1067 2105 quidem
1086 2067 1233 2100 adulterii
1249 2069 1492 2112 accusavit;sed
1507 2083 1573 2106 non
1588 2074 1719 2115 publice
1727 2075 1813 2108 dam-

937 2107 1042 2139 navit:
1067 2109 1164 2141 altera
1187 2110 1276 2142 causa
1295 2111 1359 2150 est,
1383 2114 1472 2153 quod
1489 2124 1558 2147 eam
1583 2114 1814 2156 posteainson-

939 2157 1004 2180 tem
1022 2148 1085 2181 esse
1104 2152 1284 2191 comperit:
1307 2151 1404 2194 seque
1430 2164 1508 2187 vana
1533 2157 1753 2198 indignatione
1772 2158 1813 2191 ad

938 2189 1171 2223 accusationem
1188 2193 1354 2226 incitatum
1373 2195 1445 2228 effe.
1462 2206 1561 2238 porro
1578 2197 1604 2229 is
1621 2198 1748 2231 demum
1766 2200 1813 2231 in·

937 2233 1036 2263 currit
1060 2232 1091 2263 in
1114 2231 1210 2274 Legis
1233 2233 1322 2273 Juliae
1340 2245 1468 2275 poenam
1484 2261 1495 2276 ,
1526 2239 1581 2278 qui
1605 2240 1658 2271 vel
1682 2241 1814 2281 publice

938 2273 1116 2305 damnatam
1132 2275 1278 2306 adulterii
1295 2277 1411 2316 habet,
1434 2279 1485 2313 vel
1502 2280 1677 2312 adulteram
1694 2282 1815 2323 sciens,

937 2322 972 2345 nt
990 2316 1199 2355 ignorantiam
1218 2316 1362 2351 simulare
1384 2328 1449 2351 non
1474 2320 1587 2361 possit,
1612 2331 1748 2354 uxorem
1766 2333 1814 2356 re-

937 2355 1028 2387 tinet.
1077 2355 1173 2387 Vides
1191 2356 1346 2398 Resciipti
1366 2359 1504 2394 sensum:
1529 2362 1582 2402 qui
1599 2362 1620 2393 fi
1639 2372 1733 2396 verus
1749 2365 1814 2405 est,

938 2404 1060 2428 tantum
1076 2396 1181 2435 abest,
1205 2407 1240 2430 ut
1255 2401 1332 2432 olim
1353 2400 1407 2432 sub
1419 2403 1602 2434 Alexandro
1620 2412 1726 2436 morte
1745 2407 1814 2438 vin·

938 2438 1076 2469 dicatum
1095 2438 1186 2470 fuisse
1204 2441 1393 2473 adulterium
1413 2443 1575 2476 videatur:
1592 2445 1679 2485 quod
1697 2447 1814 2479 volunt:

937 2477 1036 2510 Docti
1056 2478 1122 2511 Viri
1138 2490 1179 2512 ex
1193 2482 1220 2512 d.
1238 2482 1257 2513 l.
1277 2492 1306 2518 9.
1324 2483 1357 2514 C.
1377 2483 1428 2514 Aa
1445 2485 1532 2525 legem
1547 2485 1665 2526 Juliam
1681 2488 1714 2518 de
1729 2489 1814 2520 adul-

938 2521 1034 2552 teriis:
1058 2528 1094 2552 ut
1118 2530 1136 2552 e
1162 2524 1324 2554 contrario
1349 2533 1522 2565 appareat,
1553 2526 1675 2568 Legem
1697 2529 1812 2568 Juliam

937 2561 1041 2592 adhuc
1064 2562 1118 2593 sub
1147 2564 1326 2604 principatu
1350 2564 1509 2598 Valeriani
1543 2568 1572 2600 ἂ
1599 2568 1740 2602 Gallieni
1766 2571 1812 2603 vi-

936 2601 1052 2643 guiffe:
1078 2611 1175 2643 atque
1191 2606 1272 2637 adeo
1290 2606 1451 2638 adulteros
1474 2617 1515 2640 ne
1531 2618 1566 2640 ea
1583 2610 1713 2650 quidem
1730 2619 1810 2646 tem·

932 2642 1057 2684 pestate
1082 2644 1203 2678 summo
1220 2646 1375 2688 supplicio
1392 2647 1484 2681 suiffe
1501 2649 1645 2684 affectos.

709 2725 948 2790 CAPUT*
982 2755 1146 2791 XVIII.

222 2830 349 2868 Arnolll't‘
373 2835 540 2883 testimonio
565 2850 622 2876 non
649 2843 782 2889 battere,
799 2842 901 2890 filsffi’
927 2845 1109 2881 adulterium
1125 2845 1187 2893 sub
1214 2848 1403 2887 Diocletiano
1427 2848 1469 2892 ἐξ
1495 2852 1612 2888 Mam-

721 2894 822 2928 miano
850 2902 946 2928 morte
967 2896 1121 2939 punitum.

22 2972 189 3045 Postea,
213 2972 337 3016 fateor,
361 2980 500 3012 mulctati
522 2991 626 3016 morte
650 2986 719 3019 sunt
737 2988 892 3028 adultei·i;

64 3053 68 3057 .
98 3023 162 3046 non
187 3024 292 3049 tamen
319 3020 373 3051 sub
400 3020 608 3057 Diocletiano
632 3027 661 3059 &
677 3028 890 3062 Maximiano.

23 3050 92 3085 Nisi
111 3065 208 3104 ouem
231 3067 368 3100 movet,
400 3064 486 3102 quod
511 3065 670 3099 Arnobius
693 3071 746 3110 qui
765 3070 820 3101 sub
845 3071 892 3103 his

23 3092 150 3141 floruit,
169 3107 232 3138 jam
255 3103 399 3135 meminit
417 3105 584 3145 capitalium
602 3114 756 3148 paenarum
775 3111 890 3152 quibus

24 3134 200 3171 afficiantur
215 3141 348 3175 adulteri
366 3155 375 3183 ;
406 3154 478 3178 cuin
501 3147 549 3179 lib.
565 3159 596 3188 4.
628 3150 777 3192 Adveryur
789 3159 891 3194 gentes

24 3174 200 3254 Ῑῑᾶᾗςῖἓῦῑὶῑ·
222 3182 274 3219 Act
293 3185 437 3221 libidinem
451 3187 575 3224 hanzines
586 3193 674 3233 proni
686 3198 771 3236 atque
783 3197 822 3231 aa
840 3205 891 3230 vo.

936 2990 1083 3031 luptatum
1105 2992 1261 3026 blanditias
1275 3002 1389 3030 natnroe
1403 2998 1577 3040 infirmitate
1588 2999 1808 3039 proclives,ad·

935 3032 1039 3064 ulteria
1061 3039 1156 3066 tamen
1172 3034 1279 3078 legibus
1298 3041 1454 3072 vindicant
1469 3064 1480 3080 ,
1505 3040 1543 3075 ἐξ)
1558 3040 1728 3079 capitalibus
1743 3039 1808 3081 affi-

935 3074 1017 3104 ciunt
1031 3083 1075 3105 eos
1088 3077 1180 3116 poenis
1197 3087 1268 3118 qnos
1284 3081 1316 3111 in
1332 3081 1428 3113 aliena
1454 3080 1711 3121 comprehenderint
1718 3081 1810 3121 foede·

934 3123 968 3145 ra
979 3116 1106 3157 genialis
1113 3117 1148 3157 se
1163 3118 1261 3150 teitau·
1282 3124 1498 3164 expugnatione
1506 3121 1610 3162 jectffe.
1656 3119 1718 3154 Sed
1737 3122 1810 3156 leve

935 3155 980 3187 est
1001 3158 1137 3190 Arnobii
1155 3159 1391 3195 testimonium:
1416 3164 1488 3203 qnia
1512 3161 1576 3193 five
1593 3161 1789 3209 ,luris-artem

931 3196 994 3233 five
1009 3197 1116 3236 Latini
1140 3200 1293 3239 sermonis
1310 3203 1420 3279 ”sumti
1429 3202 1558 3276 fil-pectes
1566 3226 1579 3245 ,
1602 3203 1746 3248 ambigua
1763 3215 1782 3237 e

1611 3266 1614 3268 -
1761 3255 1807 3279 εει·
