2036 3495
156 168 234 213 328,
593 145 1045 187 Giznsnan

1079 159 1266 188 00121·
1325 154 1532 190 Confi.

160 262 234 288 runt
250 254 460 292 interpretes:
484 244 551 274 aliis
568 236 938 285 existimantibusrssum
958 233 1030 274 cogi
1073 240 1148 281 quod
1160 242 1306 282 promisti,
1323 244 1354 273 in
1367 246 1710 285 peczmz'amnmrieratcim
1720 245 1942 277 condemnatur-¹

162 296 309 337 praecise,
334 300 367 323 ut
385 288 485 319 tradat
512 291 579 314 fem
604 282 784 311 Vffllffltamss
807 278 874 308 31115
898 283 1031 312 contra,
1069 283 1148 319 ficut
1165 284 1259 314 evenit
1283 285 1314 317 in
1333 286 1464 316 omnibus
1481 286 1616 326 faciendi
1638 287 1866 326 obligationibus.
1890 270 1944 318 Siev

543 324 609 363 ejus
634 323 723 361 quod
746 317 894 356 interest,
918 326 978 348 nec
993 317 1032 347 ad

164 377 369 408 traditionem
392 367 485 408 ipfius
511 375 556 396 rei
579 372 663 403 cogi.
688 361 773 392 Mihi
800 360 926 399 placet,
952 358 1033 389 lianc

163 419 255 451 litem
278 414 420 446 dividere
445 409 476 439 in
495 407 571 438 duas
587 412 711 445 paries:
736 402 824 442 prior
840 400 971 440 quaerit,
993 408 1032 430 an

161 458 314 489 venditor
324 458 459 493 cogatur
473 458 540 480 rem
558 446 720 477 venditam
735 441 871 486 emptori
883 440 1032 471 tradere?

161 500 258 530 altera
276 503 406 535 quaerit,
424 499 489 531 quo
506 490 606 520 modo
616 496 653 518 ea
667 484 793 516 coactio
804 485 871 514 neri
889 482 1007 512 debeat
1016 481 1033 512 ’ἐ

165 539 254 579 quod
278 538 317 568 ad
342 537 482 576 priorem
507 529 642 566 attinet3
674 523 941 570 nulla—dubitatio
968 522 1033 559 est,

165 581 242 618 quin
261 579 411 609 venditor
434 573 528 615 poffit
551 571 590 601 ad
617 569 660 600 rei
677 567 813 598 venditae
830 566 1036 606 traditionem

163 622 260 662 cogi;
284 619 361 650 licut
380 618 420 648 ad
447 624 515 645 eam
540 618 688 646 tenetur,
710 618 751 639 eo
777 606 866 647 quod
881 604 912 635 se
928 606 1036 635 vendi-

166 664 258 694 tione
289 662 326 692 ad
351 660 417 699 eJus
451 654 658 688 traditionem
682 649 847 689 obligavit.
877 646 1036 685 obligatio

165 712 274 735 autem
293 701 336 732 est
353 701 427 740 juris
446 698 608 728 vinculum
625 700 690 732 quo
709 688 893 721 necessitate
908 687 1039 717 aditrin-

162 747 269 787 gimur
286 743 413 782 alicujus
430 738 473 770 rei
501 735 659 768 iolvendae
686 729 855 762 secundum
872 728 981 759 nostrae
997 728 1040 757 ci-

163 784 352 825 vitatisjura
367 791 411 823 pr.
429 777 502 819 Jth.
520 780 555 808 de
571 777 687 816 obligat.
712 780 807 813 igitur
826 776 954 815 tenetur
965 777 1040 813 ven·

168 828 256 860 ditor
271 825 410 865 emptori
427 829 492 852 rem
510 817 671 849 venditam
690 815 832 844 tradere:
857 812 887 842 &
907 814 927 841 11
943 809 1041 841 cesset

168 870 295 902 :retrone
311 876 350 898 ex
361 871 472 904 empto
489 861 526 892 ad
543 859 573 891 ii
590 858 724 898 cogitur.
749 854 812 885 Res
826 853 910 897 clara
928 852 958 883 ot
973 860 1042 881 cer-

169 920 219 944 ta:
241 909 293 941 sed
311 907 352 939 nil
371 911 480 941 vetat,
503 911 572 933 eain
598 900 723 931 firmare
746 895 935 926 auctoritate
950 892 1041 932 Just.-

168 953 271 984 niani:
287 951 317 980 in
329 947 356 989 §.
368 958 395 979 2.
409 943 480 985 Inst.
493 945 527 975 de
545 944 642 974 donat.
667 936 1042 973 dicentis‚donat10nem

169 993 258 1025 nudo
281 987 432 1022 consensu
451 984 646 1027 perfectam,
668 981 706 1012 ad
731 978 916 1021 exemplum
933 975 1042 1019 vendi-

169 1035 267 1067 tionis
290 1033 323 1064 iu
346 1031 377 1062 se
399 1026 517 1061 habere
543 1024 761 1057 neceffissatem
786 1021 982 1066 traditionis:
1008 1022 1043 1045 ut

170 1080 268 1107 etiam
279 1097 288 1114 ‚
301 1073 321 1105 fi
333 1081 397 1104 non
410 1071 549 1103 tradatur
558 1090 568 1106 ,
580 1066 695 1097 babeat
713 1060 922 1106 plenissirnum
935 1058 962 1087 dt
975 1065 1042 1101 pei-7

171 1118 294 1152 festum
318 1115 435 1152 robur,
459 1112 489 1143 ἂ,
511 1107 690 1141 traditionis
716 1100 879 1134 necestitas
894 1101 1043 1130 donatori

171 1158 350 1192 incumbat.
367 1154 549 1187 Secundum
565 1147 734 1188 hocigitur
750 1151 816 1175 non
833 1141 878 1173 eit
893 1140 1044 1186 dubium,

171 1201 248 1242 quin
267 1199 296 1230 &
316 1199 454 1229 donator
472 1195 502 1226 δι
520 1191 670 1233 venditor
685 1185 771 1231 recte
790 1190 919 1227 putetur
935 1182 973 1212 ad
998 1188 1044 1211 rei

170 1242 310 1275 venditae
322 1238 527 1271 traditionem
538 1240 659 1268 teneri,
669 1236 763 1269 cogi,
773 1224 931 1269 compelli.
948 1229 1045 1261 atque

171 1286 218 1316 ita
233 1282 348 1314 Paulus
365 1281 412 1311 lib.
433 1288 458 1310 ι.
470 1278 600 1308 Senienr.
619 1272 664 1303 tit.
688 1279 733 1309 13.
747 1268 777 1299 ἃ
792 1267 843 1298 alii
861 1266 879 1295 t.
897 1266 946 1307 46.
963 1263 982 1294 l.
993 1272 1044 1303 50.

171 1325 216 1357 D.
234 1324 262 1355 b.
280 1330 302 1354 t.
320 1323 339 1353 l.
349 1326 398 1355 28.
410 1319 451 1351 D.
466 1320 498 1350 de
514 1319 611 1349 donat.
629 1311 795 1351 Profligata
811 1306 855 1338 est
872 1314 959 1347 prior
977 1313 1045 1344 pars

173 1364 345 1408 propofitae
363 1359 564 1403 quaestionis,
588 1365 626 1387 an
653 1357 803 1384 venditor
827 1355 960 1388 cogatur
978 1354 1045 1391 rein

170 1407 340 1439 venditam
356 1404 492 1436 tradere.
517 1400 614 1431 altera
634 1397 679 1427 eit
698 1398 738 1424 de
752 1391 870 1427 modo,
887 1394 952 1433 quo
970 1395 1045 1433 cogi

170 1448 315 1486 debeat?
338 1447 364 1477 is
389 1453 454 1476 noti
489 1439 534 1472 est
558 1439 655 1475 alius,
679 1442 772 1474 quam
796 1430 956 1476 praestatio
978 1438 1046 1473 ejus

173 1490 263 1531 quod
290 1485 445 1528 emptoris
468 1480 617 1517 interest,
651 1485 717 1508 rem
741 1475 956 1517 venditamlei
986 1470 1047 1501 elle

173 1530 332 1564 traditam.
362 1525 439 1558 Non
467 1523 530 1561 est,
554 1520 643 1561 quod
666 1524 804 1561 quaeras:
836 1522 933 1544 cei-tis
957 1519 1046 1552 argu-

171 1571 292 1605 mentis
317 1570 348 1600 in
371 1567 390 1598 l.
416 1575 461 1598 11.
480 1564 509 1607 §.
528 1569 557 1598 8.
574 1560 610 1597 δ’
626 1570 654 1598 9.
671 1567 747 1606 item
764 1557 783 1587 l.
803 1564 832 1592 9.
851 1554 893 1601 Β
908 1555 937 1585 b.
954 1559 976 1584 ι.
994 1562 1044 1584 ac-

174 1613 282 1650 cedit,
306 1611 393 1651 quod
408 1611 439 1640 in
457 1607 475 1639 l.
506 1615 553 1638 10.
578 1603 620 1634 D.
636 1602 728 1645 Quib,
745 1599 817 1629 mod.
832 1602 915 1637 pega.
932 1596 978 1626 vet
993 1597 1044 1635 by-

172 1655 283 1697 poibec,
301 1651 361 1683 toll.
384 1649 535 1682 venditor
565 1654 633 1677 non
657 1642 804 1678 tradens,
823 1646 901 1684 cum
918 1638 1044 1677 potest,

171 1705 244 1729 sem
261 1692 442 1730 venditam,
466 1689 581 1722 dicitur
604 1687 644 1718 ad
667 1684 699 1716 id
715 1683 804 1723 quod
822 1678 950 1723 interest
967 1682 1044 1722 con-

175 1736 328 1770 demnari.
353 1733 510 1765 Praeterea
526 1732 557 1762 in
573 1728 602 1759 l..
621 1737 652 1767 4.
674 1725 707 1757 C.
729 1725 756 1755 b.
774 1729 794 1753 ε.
812 1720 853 1765 sic
870 1718 1048 1767 rescribitur

175 1788 195 1811 a
217 1776 422 1810 Diocletiano
443 1774 472 1805 ἀ
492 1768 711 1805 Maximiano·,
733 1765 765 1796 Si
786 1764 902 1794 traaiizo
925 1769 1048 1807 rezqven-

177 1821 245 1853 dito
258 1820 349 1861 juxta
372 1815 520 1857 emptionis
545 1808 725 1843 contrabium
745 1804 880 1847 procacia
894 1803 1050 1846 venditoris

176 1862 276 1902 (quid
293 1859 434 1900 designet
446 1855 580 1897 procacia
598 1849 778 1893 venditoris,
803 1849 883 1890 puto
895 1867 904 1883 ‚
927 1851 1050 1883 optime

176 1901 312 1943 intelligi
332 1910 374 1932 ex
393 1897 490 1931 Notis
507 1885 869 1928 Eruditiffiimscheffen
881 1886 917 1916 ad
934 1885 1052 1930 Pbaedr..

176 1945 225 1976 lib.
252 1952 276 1974 1.
300 1940 366 1973 Fab.
394 1943 443 1980 2.)
467 1947 524 1970 non
541 1935 620 1977 fian
643 1932 749 1975 quami
775 1926 904 1968 imereffe
921 1926 1052 1966 complere

178 1985 346 2026 emptionem
359 1982 459 2023 faerit
475 1980 637 2012 arbitratus
662 1971 768 2013 Prceles
783 1969 961 2011 provinciae,
985 1974 1051 2013 rari-

182 2033 248 2059 uim
270 2026 302 2057 in
318 2021 560 2056 condemnationis
578 2017 758 2051 taxationem
780 2012 913 2054 deducere
929 2010 1052 2040 curabit.

177 2067 283 2100 Forte
306 2065 457 2097 absurdus
480 2062 608 2099 videar,
632 2057 703 2100 post
728 2053 1054 2099 haec·ulter1us·1non‘-

180 2109 279 2142 strare
294 2106 485 2149 praesumens
497 2127 507 2143 ‚
531 2105 620 2145 quod
637 2109 678 2131 ex
701 2094 917 2140 superioribus
935 2094 1055 2137 liquet,

180 2150 387 2182 venditorem
407 2147 534 2189 quidem
551 2142 640 2185 cogi,
656 2148 722 2172 rein
739 2137 902 2181 venditam
917 2141 1057 2179 emptori

181 2193 330 2230 tradere3
353 2190 404 2221 sed
422 2189 586 2220 dumtaxat
605 2180 804 2224 praestatione
822 2187 888 2218 ejus
904 2176 993 2217 quod
1012 2184 1057 2206 in-

183 2231 290 2265 terest.
314 2230 391 2264 Non
408 2229 515 2262 d'ebeo
531 2235 636 2259 tamen
662 2222 846 2263 praeterire,
869 2218 961 2262 quod
974 2216 1055 2260 Imp,

182 2274 373 2315 justinianus
395 2272 413 2303 l.
442 2279 490 2311 η.
517 2269 550 2300 C.
575 2268 608 2298 de
625 2265 685 2308 fide
707 2261 841 2303 instrum.
865 2269 905 2292 ex
925 2258 979 2290 ulu
995 2257 1056 2288 fori

185 2314 348 2348 venditori
379 2313 483 2355 palam
512 2309 666 2342 concedit
697 2304 890 2336 eiectionem
902 2324 912 2340 ‚
950 2308 1056 2346 utrum

184 2358 274 2390 malit
292 2380 302 2395 ,
333 2354 474 2395 emptori
503 2361 569 2384 reni
594 2348 757 2381 venditam
784 2345 929 2389 tradere,
963 2349 1001 2372 an
1027 2341 1060 2372 id

187 2399 271 2437 quod
287 2396 417 2430 interest
440 2393 605 2436 praestare:
629 2389 736 2422 Verba
756 2385 920 2428 Justiniani
945 2382 966 2414 fi
991 2391 1060 2422 quis

188 2438 364 2476 desideret,
393 2438 463 2470 haec
479 2436 569 2473 sunt,
599 2432 687 2478 Quod
705 2430 798 2471 precio
808 2426 943 2468 statuto,
970 2430 1062 2454 neces-

181 2478 256 2518 fitas
271 2481 414 2512 venditori
440 2480 628 2518 imponatur,
650 2472 697 2505 vei
719 2469 900 2502 contratrum
923 2467 1063 2511 venditio-

186 2521 234 2552 nis
241 2520 374 2561 perficere
386 2544 396 2560 ‚
412 2521 459 2552 vel
478 2520 509 2550 id
525 2519 600 2559 quod
617 2514 750 2557 emptoris
767 2509 899 2551 interest,
923 2510 948 2538 ei
960 2507 1063 2548 persol-

189 2570 266 2594 vere.
306 2561 376 2593 Nec
392 2562 454 2593 hoc
470 2559 622 2592 abhorret
645 2567 662 2588 a
685 2553 802 2596 regulis
816 2553 910 2592 juris:
933 2559 1002 2591 quae
1018 2547 1063 2594 sa-

190 2609 305 2634 ventes
327 2603 463 2634 libertati
487 2600 622 2643 publicae
656 2599 925 2634 interpretantur,
949 2591 1062 2623 servile

191 2642 254 2676 css'e
271 2650 367 2682 atque
388 2644 594 2680 indecorum,
616 2641 722 2672 civem
738 2637 918 2668 Romanum
936 2632 1063 2674 p‘raecise

191 2685 265 2726 cogi
280 2683 387 2715 facere
410 2685 497 2723 quod
525 2681 722 2725 promiserit;
744 2678 886 2718 ideoque
909 2683 1064 2716 oportere

192 2735 269 2759 eum
292 2724 417 2757 liberari
434 2723 590 2756 solutione
607 2724 675 2765 eJ'us
699 2720 789 2761 quod
811 2717 951 2751 interest.
976 2725 1063 2757 pror·

192 2768 241 2800 sus
265 2775 332 2798 non-
354 2765 477 2805 inique:
499 2764 561 2796 five
577 2766 617 2797 de
644 2760 851 2805 promiss'ore,
872 2759 938 2792 five
957 2759 996 2790 de
1013 2757 1064 2789 sti·

193 2809 359 2851 pulatore‚
381 2811 546 2846 quaeratur.
567 2807 655 2838 illum
676 2812 765 2836 certe
790 2804 860 2843 quis
884 2801 967 2832 ferat
984 2809 1060 2841 que-

193 2857 321 2883 rentem
337 2848 377 2879 de
393 2846 559 2878 severitate
574 2847 666 2886 iuris,
693 2853 787 2886 quam
805 2844 833 2875 ei
850 2843 946 2875 liceat
963 2843 1062 2874 evita-

194 2901 230 2924 re
247 2890 419 2922 traditione
433 2887 477 2919 rei
492 2885 663 2929 promissae,
679 2887 733 2918 bic
743 2895 822 2918 vero
839 2885 949 2916 volens
966 2884 1062 2915 alium

194 2933 251 2965 fibi
275 2931 440 2971 obligare,
462 2927 600 2959 creditus
622 2926 683 2957 fuit
709 2927 849 2968 spectare
872 2926 912 2957 ad
938 2926 1062 2957 lucrum

196 2973 285 3015 quod
301 2966 665 3013 stipulationeaffectet,
688 2976 740 2998 aut
757 2970 796 2999 ad
811 2970 958 3000 damnum
977 2965 1062 3007 quod

195 3013 337 3054 alioquin
356 3018 497 3044 metuat:
512 3010 649 3046 ideoque
658 3007 841 3040 alterutrum
856 3008 877 3041 fi
892 3008 1043 3049 impetret
1052 3029 1064 3045 ,

194 3056 317 3087 habere
340 3054 429 3094 quod
455 3058 509 3083 aut
532 3048 733 3092 stipulatione
755 3057 807 3079 aut
823 3050 987 3090 emptione
1009 3047 1064 3079 fibi

196 3095 383 3127 destinavit:
408 3092 564 3134 potestate
577 3090 650 3130 iuris
667 3088 893 3128 obligationem
910 3089 1065 3130 promiss'ae

193 3138 240 3169 rei
265 3144 318 3167 aut
340 3135 415 3167 fasti
438 3134 470 3166 sn
497 3132 727 3172 obligationem
745 3131 811 3167 ejus
828 3132 915 3167 quod
935 3130 1066 3161 interest

194 3176 420 3210 transferente.
437 3177 502 3207 Aut
520 3173 633 3211 fallor,
647 3179 701 3202 aut
717 3170 778 3201 hoc
787 3167 938 3209 fignificat
954 3171 1064 3202 Celsus

195 3219 215 3251 l.
237 3226 284 3258 13.
302 3216 330 3257 §.
348 3225 374 3247 r.
398 3217 437 3247 D.
456 3218 488 3247 cle
503 3223 533 3247 re
542 3214 637 3255 judic.
659 3211 701 3244 fic
718 3210 871 3242 scribens:
897 3208 945 3240 Ita
961 3210 1060 3240 habea.

192 3266 262 3304 (4⁴7³
279 3257 357 3299 facit
374 3259 446 3298 quod
465 3254 612 3300 promzfic:
628 3252 657 3296 fi
679 3254 794 3294 minas,
814 3251 884 3294 quia
908 3259 965 3284 non
980 3251 1062 3293 facit

163 337 295 375 defungi
320 327 519 372 praeitatione

1076 322 1205 371 (vlellusz
1227 331 1300 356 ante
1323 325 1470 358 Tubero.
1497 325 1666 367 Ulpianum
1688 329 1759 358 audi
1788 327 1807 358 l.
1835 337 1883 368 72·
1903 327 1943 359 i).

1079 373 1112 395 cie
1124 366 1209 412 verb.
1227 366 1309 411 oblig.
1323 367 1419 407 Celsus
1436 368 1543 408 refert,
1570 367 1741 398 Tuberonem
1755 367 1942 409 exiliimaffi.

1077 408 1128 434 uin
1143 407 1213 451 quid
1223 408 1292 453 fieri
1301 405 1493 449 stipulamur,
1510 408 1539 447 fi
1562 418 1621 439 non
1636 409 1733 447 fuerit
1742 410 1879 447 faciam,
1899 417 1947 450 pe-

1077 454 1195 491 cumani
1205 449 1270 477 dan
1280 455 1409 488 oportere.
1430 449 1500 481 Fuit
1518 450 1576 481 boc
1586 450 1634 480 vel
1646 451 1721 481 ideo
1731 452 1947 488 monendum,

1077 497 1118 533 ne
1135 496 1204 526 quis
1222 496 1335 535 putet,
1353 492 1438 536 quod
1454 490 1558 522 multis
1578 490 1686 528 sedet,
1706 490 1726 521 fi
1745 501 1802 531 pro
1819 502 1851 523 re
1869 501 1946 522 ven-¹

1078 531 1144 558 dita
1161 536 1214 559 aut
1235 530 1380 573 promissa
1397 532 1490 570 possit
1503 531 1567 571 peti
1584 541 1636 563 aut
1655 531 1728 563 solvi
1746 534 1778 565 id
1797 534 1884 572 quod
1903 535 1948 563 in-

1081 568 1195 607 terest,
1220 570 1304 600 aliud
1321 579 1378 615 pro
1403 571 1464 602 alio
1481 572 1581 613 solvi,
1603 581 1717 604 contra
1731 574 1751 604 i.
1769 584 1795 605 2.
1815 573 1843 615 §.
1863 583 1886 605 1.
1905 574 1947 605 D.

1083 612 1120 654 de·
1130 611 1184 640 reb.
1193 612 1267 641 cred.
1285 618 1378 657 etiam
1391 614 1456 652 peti
1474 613 1555 644 aliud
1565 637 1574 652 ,
1591 624 1682 654 quam
1694 616 1781 654 quod
1792 616 1925 646 debetur
1936 638 1949 653 ‚

1084 652 1168 697 aliud
1187 659 1276 682 certe
1302 653 1493 691 adjudicari3
1516 663 1587 685 cuin
1614 656 1692 686 ultra
1708 656 1738 687 id
1757 658 1841 695 quod
1857 657 1886 686 in
1904 656 1952 695 ju-

1084 693 1201 738 dici-um
1218 692 1253 724 fit
1270 693 1461 731 deductum,
1483 697 1640 726 excedere
1655 705 1793 736 nequeat
1809 697 1952 736 potestas

1082 732 1203 772 judicis
1218 734 1235 778 l.
1258 733 1360 779 ¹8·.D·
1387 734 1537 766 Commun.
1559 737 1650 766 divid.
1673 737 1735 767 Sed
1754 739 1838 769 enim
1856 747 1952 777 appa-

1084 783 1151 811 ret,
1174 774 1381 806 aestimatione
1398 776 1463 814 ejus
1479 777 1567 815 quod
1581 776 1710 808 interest
1725 777 1755 809 in
1772 779 1879 810 locum
1898 781 1953 810 da·

1085 815 1181 847 tionis
1207 824 1259 846 aut
1284 815 1360 847 fatti
1385 815 1576 848 succedente
1591 817 1665 857 juris
1679 817 1952 860 vi&potestate;
2002 826 2003 829 ’
2035 839 2036 865 i

1085 866 1145 902 uec
1163 855 1204 901 fic
1221 858 1302 889 aliud
1321 867 1378 903 pro
1393 859 1456 889 alio
1473 857 1570 896 solvi,
1595 866 1680 899 peti,
1703 866 1757 889 aut
1772 861 1954 900 adjudicari.

1089 898 1209 944 Aliquis
1219 899 1287 929 haec
1298 899 1444 940 largiatur
1462 901 1491 929 iri
1507 899 1598 931 factis
1617 900 1727 932 meris:
1745 901 1846 939 qualia
1863 902 1956 942 sunt,

1086 938 1196 970 foliani
1213 939 1327 970 fodere
1339 964 1348 978 ‚
1361 939 1495 972 Romam
1506 942 1561 979 ire,
1573 942 1602 972 δι
1614 941 1720 972 similia
1730 964 1739 980 ‚
1751 940 1930 974 servitutem
1941 966 1955 982 ‚

1086 980 1105 1011 si
1124 989 1296 1026 cogantur,
1309 982 1504 1013 redolentia:
1523 992 1589 1014 non
1606 992 1696 1022 aeque
1714 983 1744 1013 in
1766 981 1813 1014 his
1831 991 1900 1019 quae
1915 986 1959 1015 ad

1087 1023 1249 1053 dationem
1267 1024 1444 1067 accedunt,
1461 1031 1495 1054 ut
1505 1024 1548 1055 est
1560 1047 1569 1062 ‚
1590 1033 1719 1055 vacuam
1734 1022 1958 1064 poffeffionem

1088 1065 1221 1094 tradere.
1246 1073 1310 1095 non
1328 1074 1410 1095 enim
1426 1064 1593 1097 continere
1610 1067 1730 1096 nudum
1748 1064 1888 1102 fafiton),
1904 1064 1962 1097 sed.

1088 1103 1210 1149 causam
1223 1104 1410 1150 bonvorumll.
1420 1116 1468 1145 52.
1488 1105 1525 1141 D,
1539 1109 1571 1138 de
1580 1109 1657 1138 verb.
1667 1107 1750 1147 oblig.
1775 1115 1880 1146 eoque
1890 1116 1965 1138 nort

1089 1145 1264 1193 admittere
1276 1146 1514 1183 liberationem,
1535 1148 1590 1180 nisi
1606 1149 1750 1180 dominio
1768 1148 1962 1179 omnimodo

1091 1186 1282 1226 stipulatoris
1296 1187 1380 1219 fatto
1397 1188 1415 1219 l.
1435 1198 1482 1229 75.
1502 1189 1532 1230 §.
1548 1191 1603 1221 alr.
1619 1191 1664 1221 l).
1679 1191 1739 1220 eod.
1755 1190 1801 1220 tir.
1817 1189 1964 1228 denique

1089 1237 1154 1259 non
1165 1228 1282 1260 babere
1290 1239 1383 1276 opus,
1394 1230 1610 1275 promiil'orern
1619 1232 1693 1273 cog'i
1703 1232 1741 1262 ad
1752 1230 1964 1263 traditionem
1996 1241 1999 1248 “
2016 1246 2020 1252 „

1089 1278 1133 1316 rei
1145 1278 1213 1317 quae
1225 1271 1317 1319 possit
1332 1270 1448 1302 auferri
1465 1282 1557 1304 manu
1575 1273 1699 1304 militari
1716 1272 1733 1303 Ζ.
1750 1275 1800 1306 68.
1819 1271 1859 1302 D.
1875 1273 1907 1302 de
1919 1264 1964 1302 reri

1088 1313 1198 1357 vindic.
1223 1313 1286 1342 bed
1311 1321 1409 1356 apage
1430 1312 1512 1344 hanc
1535 1314 1831 1355 comparationem:
1862 1321 1967 1352 quan}

1088 1361 1172 1383 enim
1193 1353 1243 1400 ⁰.b.
1259 1353 1379 1385 causam
1402 1354 1539 1394 placuit,
1572 1356 1602 1386 in
1627 1355 1732 1394 specie
1748 1355 1775 1384 d,
1794 1353 1812 1384 l.
1827 1358 1877 1388 68.
1895 1362 1965 1385 ma·

1089 1402 1163 1424 num
1181 1395 1346 1440 militarem
1366 1394 1527 1440 adbiberi3
1543 1395 1625 1427 hanc
1642 1396 1684 1426 ob
1700 1393 1823 1425 causam
1840 1403 1908 1425 eain
1927 1393 1964 1427 it}

1090 1435 1253 1476 proposito
1269 1437 1412 1482 adbiberi
1428 1446 1491 1468 non
1510 1437 1637 1477 placuit.
1662 1436 1777 1468 itane?
1793 1434 1847 1467 nifi'
1862 1435 1967 1466 inter⁴

1090 1476 1153 1508 est:
1176 1479 1264 1523 quod
1292 1487 1326 1524 in.
1350 1478 1377 1507 d.
1400 1477 1419 1508 l.
1445 1482 1494 1511 68.
1520 1479 1649 1518 a·gitur;
1688 1485 1722 1508 ut
1746 1487 1795 1508 res
1820 1477 1919 1515 petita
1943 1477 1966 1508 as

1091 1517 1265 1557 possesiore
1281 1519 1498 1562 cujushnullurn
1514 1520 1560 1559 jus
1578 1519 1640 1554 est.
1656 1527 1750 1549 manu
1768 1517 1895 1549 militari
1910 1525 1968 1547 au<

1090 1558 1228 1596 feratur,
1244 1559 1273 1590 &
1289 1562 1420 1604 domino
1437 1561 1523 1598 cujus
1540 1560 1677 1597 judicata
1687 1558 1732 1589 est
1744 1581 1752 1596 ‚
1768 1558 1967 1589 restituatur.

1088 1607 1119 1630 at
1136 1607 1249 1631 contra
1267 1599 1356 1644 fieret
1373 1601 1436 1631 hoc
1451 1600 1590 1640 judicio:
1613 1610 1683 1631 nam
1701 1608 1741 1630 eo
1760 1607 1809 1629 res
1827 1598 1964 1628 domino

1088 1640 1267 1672 auferretur
1282 1651 1311 1672 in
1330 1642 1486 1672 bonorem
1503 1642 1569 1682 ejus
1587 1643 1640 1682 qui
1659 1649 1722 1672 non
1741 1639 1787 1671 est
1803 1639 1968 1671 dominus.

1091 1682 1180 1727 quod
1199 1680 1369 1724 Veteribus
1387 1684 1498 1714 durum
1516 1683 1578 1714 ess'e
1594 1683 1691 1714 visum
1708 1680 1763 1713 est.

1130 1722 1236 1756 Etiam
1252 1723 1332 1755 solet
1350 1724 1402 1754 hic
1419 1723 1502 1764 injici
1525 1723 1684 1765 scrupulus
1707 1733 1747 1755 ex
1763 1721 1927 1760 Rescripto
1942 1720 1968 1753 ἴ.

1092 1767 1121 1795 6.
1141 1764 1225 1796 (Lae
1246 1765 1369 1811 rescind.
1390 1769 1503 1796 venare.
1528 1766 1626 1797 verba
1642 1765 1730 1797 sunt:
1752 1764 1825 1796 Non
1842 1762 1881 1803 esi}
1896 1769 1969 1802 pro-

1095 1805 1196 1853 babiles
1212 1808 1319 1845 caula,
1332 1812 1447 1847 propter
1461 1817 1548 1848 quam
1564 1808 1687 1845 rescindi
1703 1808 1837 1845 consensu
1845 1804 1969 1845 fastan}

1093 1848 1287 1894 venditionem
1302 1846 1449 1885 desideras.
1480 1850 1616 1890 quamvis
1635 1851 1709 1879 enim
1725 1847 1844 1888 duplum
1859 1845 1968 1887 offeras

1092 1895 1219 1936 pretium
1227 1891 1355 1930 emptori.-
1367 1896 1462 1921 tamen
1471 1891 1585 1921 invitus
1594 1891 1631 1921 aci
1639 1889 1853 1929 rescindendam
1860 1887 1969 1919 vendi-

1095 1935 1198 1976 tionem
1211 1931 1314 1976 ¹urgeri
1328 1940 1385 1962 non
1399 1933 1485 1962 debet.
1510 1932 1697 1972 Proponitur
1713 1928 1866 1962 consensu
1882 1927 1970 1959 satia

1096 1972 1250 2018 venditio.
1284 1981 1352 2004 eain
1380 1973 1529 2004 venditor·
1553 1973 1633 2012 petit
1655 1972 1694 2003 ab
1716 1969 1970 2012 Imperatoribus

1095 2012 1247 2044 rescrndi:
1272 2013 1331 2058 hac
1357 2013 1464 2050 eausa,
1490 2015 1577 2054 quod
1601 2012 1646 2045 est
1665 2020 1810 2053 pai-atus,
1830 2008 1970 2049 emptori

1098 2054 1228 2094 duplum
1249 2056 1383 2095 pretium
1411 2054 1584 2086 restituere.
1615 2054 1704 2096 Quid
1729 2050 1970 2093 Imperatores?

1099 2103 1236 2143 negant,
1249 2105 1436 2142 *emptorem
1449 2119 1458 2134 ‚
1483 2096 1625 2136 quamvis
1641 2096 1753 2127 oblato
1780 2094 1879 2134 duplo
1899 2101 1974 2131 pre·

1100 2145 1167 2176 tio,
1191 2145 1327 2169 inVituin
1352 2138 1456 2178 urgeri
1480 2138 1519 2170 ad
1544 2136 1786 2168 rescindendam
1809 2133 1973 2165 venditio-

1099 2187 1173 2225 nem
1198 2186 1358 2219 oportere.
1383 2179 1495 2210 nolunt
1520 2178 1633 2220 igitur,
1658 2177 1861 2209 venditorem
1878 2173 1976 2206 tradi.-

1098 2227 1188 2251 tione
1204 2220 1248 2266 rei
1259 2220 1396 2251 venditae
1409 2219 1531 2251 liberari
1546 2228 1678 2261 propter
1693 2218 1887 2249 oblationem
1904 2215 1973 2255 ejus

1099 2262 1187 2302 quod
1217 2260 1346 2293 interest
1362 2284 1371 2300 ,
1410 2261 1543 2300 duplum
1577 2261 1642 2292 veri
1676 2259 1767 2300 pretii
1798 2265 1974 2297 numquam

1103 2302 1301 2334 excedentis.
1326 2303 1347 2333 l.
1361 2303 1441 2333 unic.
1463 2303 1497 2333 C.
1511 2304 1544 2333 cle
1559 2302 1686 2339 isaacem.
1709 2310 1773 2342 quse
1785 2307 1837 2340 pro
1853 2308 1881 2329 eo
1897 2297 1976 2337 quod

1103 2341 1217 2384 interest
1229 2344 1337 2388 profer.
1356 2344 1442 2385 Quid
1459 2343 1616 2375 dicimus?
1633 2342 1840 2382 Imperatores
1859 2338 1976 2369 sollici-

1105 2387 1162 2417 tari
1181 2386 1219 2416 ad
1237 2385 1338 2423 aliud,
1355 2394 1449 2425 quam
1466 2385 1552 2424 quod
1569 2386 1634 2425 agit
1650 2382 1809 2424 proposita
1826 2378 1973 2419 quaestio.

1104 2436 1170 2458 non
1187 2429 1272 2458 enim
1298 2426 1452 2458 desiderat
1475 2427 1528 2457 bic
1552 2425 1746 2461 Consultor3
1764 2429 1797 2452 ut
1824 2419 1975 2451 venditor

1105 2468 1231 2500 afflone
1246 2477 1286 2499 ex
1302 2476 1413 2506 empto
1428 2475 1625 2504 conventus,
1641 2474 1713 2496 cuni
1730 2463 1834 2494 adbuc
1851 2461 1974 2501 integra

1106 2520 1155 2542 res
1176 2508 1240 2548 est,
1271 2508 1438 2540 oblatione
1464 2509 1527 2548 ejus
1553 2507 1640 2547 quod
1665 2503 1795 2537 interest
1819 2503 1976 2534 liberetur

1106 2549 1234 2592 praecisa
1256 2547 1440 2582 necessitate
1472 2549 1633 2579 tradendae
1658 2547 1702 2577 rei
1729 2545 1886 2575 venditae:
1918 2542 1974 2583 qui

1106 2593 1152 2624 est
1170 2592 1240 2624 finis
1260 2591 1404 2631 subjectae
1420 2588 1610 2628 quaestionis.
1627 2596 1737 2619 verum
1747 2593 1860 2617 contra
1878 2586 1978 2624 petit:

1107 2641 1142 2665 ut
1156 2641 1303 2671 emptor,
1326 2630 1406 2662 facta
1422 2631 1484 2670 jam
1512 2629 1701 2666 traditione,
1725 2626 1976 2665 contemplatio·
2031 2659 2032 2667 ἵ

1107 2684 1147 2706 ne
1164 2673 1263 2705 oblati
1282 2672 1493 2718 duplipietii,
1510 2670 1655 2715 adversus
1671 2670 1747 2710 juris
1759 2668 1879 2709 regulas
1891 2665 1978 2697 Prin·
2031 2680 2032 2688 i

1107 2717 1186 2757 cipis
1202 2714 1390 2746 auctoritate
1412 2720 1542 2759 cogatur
1565 2722 1593 2743 ei
1616 2710 1779 2742 restituere
1796 2718 1861 2740 rem
1882 2707 1977 2738 tradi·
2031 2741 2032 2745 Ἰ

1107 2766 1182 2790 tam.
1215 2755 1291 2787 Hoc
1317 2763 1395 2785 vero
1422 2763 1448 2784 ei
1473 2762 1538 2785 non
1565 2753 1769 2792 indulgetur,
1798 2750 1828 2781 δι
1853 2748 1977 2788 optima

1105 2800 1251 2836 ratione3
1274 2797 1346 2837 quia
1361 2803 1487 2834 emptor
1508 2793 1676 2825 traditione
1691 2792 1791 2824 saelus
1809 2791 1978 2828 dominus,
2030 2811 2031 2814 η

1104 2842 1166 2882 iam
1182 2837 1247 2880 ipse
1264 2837 1360 2869 debet
1379 2835 1440 2868 effe
1458 2837 1643 2868 moderator
1660 2834 1688 2865 ἃ
1704 2833 1822 2865 arbiter
1838 2832 1881 2863 rei
1898 2831 1976 2861 sure:
2030 2842 2031 2849 1

1106 2882 1186 2915 ficut
1204 2881 1234 2912 δι
1252 2877 1396 2910 venditor
1414 2886 1487 2909 ante
1504 2887 1570 2908 rem
1596 2876 1758 2907 venditam
1781 2874 1809 2905 ἃ
1828 2873 1977 2909 traditam

1107 2931 1174 2955 erat
1193 2923 1258 2961 eius
1275 2920 1422 2951 domi-nus
1439 2920 1468 2950 ἃ
1491 2919 1608 2950 arbiter
1620 2940 1630 2956 ,
1654 2918 1792 2956 ideoque
1809 2923 1877 2945 cam
1897 2912 1978 2944 inri-

1107 2973 1158 2996 tus
1174 2962 1314 2993 vendere
1331 2960 1360 2991 ἃ
1378 2964 1501 2991 tradere
1519 2968 1583 2990 non
1609 2958 1794 2998 cogebatur.
1824 2955 1875 2986 Sic
1899 2951 1978 2983 milii
2029 2955 2030 2967 ³

1107 3007 1254 3041 videtur,
1272 3002 1302 3034 ἃ
1316 3011 1332 3032 a
1350 3001 1541 3033 Consultore
1552 3009 1612 3031 non
1631 2999 1745 3039 quaei-i,
1762 2997 1837 3037 quid
1853 2996 1882 3025 in
1901 3002 1974 3032 pro-

1109 3046 1213 3089 pofito
1231 3043 1300 3075 usus
1317 3041 1474 3074 observari
1492 3041 1628 3082 postulet
1646 3041 1728 3080 apud
1741 3038 1910 3069 Praetorem
1932 3034 1977 3065 le-

1109 3089 1201 3131 gibus
1220 3086 1401 3126 alligatum,
1423 3083 1562 3115 instituta
1586 3082 1711 3113 attione
1734 3089 1773 3110 ex
1796 3084 1905 3115 empto
1922 3081 1977 3106 aut

1109 3128 1253 3161 vendito.
1277 3133 1391 3157 contra
1412 3125 1499 3165 peti,
1524 3124 1742 3155 venditionem
1769 3116 1912 3149 adversus
1928 3118 1976 3155 ju,-

1109 3172 1151 3203 ris
1168 3169 1292 3209 regulas
1311 3174 1401 3198 extra
1418 3166 1564 3197 ordinem
1591 3162 1720 3195 rescindi
1745 3168 1784 3190 ex
1809 3157 1976 3196 Rescripto

1106 3210 1281 3250 Principis,
1304 3208 1426 3249 legibus
1443 3207 1553 3237 soluti:
1569 3212 1602 3235 ut
1617 3204 1646 3234 in
1662 3203 1680 3232 l.
1694 3211 1719 3240 7.
1735 3200 1832 3230 Oai.
1846 3199 1881 3233 &²
1897 3199 1914 3228 i.
1928 3207 1976 3229 12.

1106 3252 1140 3287 C.
1152 3253 1185 3285 de
1194 3253 1235 3286 νει·
1244 3251 1355 3283 vindic.
1379 3249 1418 3282 de
1428 3255 1489 3289 qua
1499 3246 1587 3286 supra
1596 3243 1679 3283 dixi,
1694 3241 1747 3275 sub
1764 3239 1832 3274 Tit.
1850 3239 1896 3273 De
1905 3246 1979 3311 3332
