2036 3495
200 116 270 152 274

639 101 995 137 Geninn1
1048 99 1308 137 Noonr
1368 99 1575 136 Coun.

858 188 894 223 T
927 200 939 224 x
973 201 996 224 T
1030 201 1054 225 u
1088 199 1109 223 L
1141 200 1165 225 u
1197 202 1213 225 s
1269 190 1335 227 IV.

997 265 1094 315 ⁴quod
1103 264 1198 313 jtffir.

283 357 416 388 ostrema
435 353 517 386 aCtio
544 363 584 386 ex
606 353 707 385 tribus
731 362 808 394 quas
828 354 857 385 in
878 352 993 385 Edicto
1007 353 1077 394 jun·

292 399 354 430 ctas
373 395 483 434 fuiss'e,
509 395 662 435 Ulpianus
678 403 834 427 memorat
860 395 878 426 l.
900 404 925 426 1.
943 395 970 437 §.
990 405 1015 427 1.
1034 395 1076 427 D.

205 442 238 471 de
249 440 377 479 peculio,
401 437 520 469 ibidem
547 438 575 468 &
599 438 630 468 in
655 435 792 468 Rubrica
809 437 868 467 hac
885 435 982 479 Quod
998 435 1077 476 juffu

203 488 348 512 vocatur.
372 479 469 510 verba
496 487 603 510 autem
625 477 729 509 Edifti
746 479 920 518 (quantum
936 478 1077 518 conjicio

205 531 245 552 ex
261 521 280 552 l.
300 530 327 554 1.
350 520 390 551 D.
409 521 483 561 quod
498 529 565 550 cum
580 529 609 550 co
634 520 684 560 qui
708 521 738 550 z'n
763 519 847 550 alien.
866 517 989 559 potest.)
1008 518 1079 550 talia

203 562 296 594 fuere
311 576 316 593 ;
343 562 431 606 Quod
441 560 524 602 juffu
544 561 626 602 ejus,
649 562 679 590 in
697 561 782 601 cujus
793 558 931 601 potestate
947 561 1012 600 quis
1030 560 1080 599 effe

205 605 336 642 dicetur,
357 601 469 643 gestum
485 603 558 640 erit,
582 604 614 632 de
633 610 660 632 eo
672 601 818 643 judicium
834 603 915 632 dabo.
940 602 970 632 Si
988 600 1081 642 igitur

203 644 284 685 jussu
301 644 423 676 domini
441 651 495 674 aut
511 644 606 684 patris
621 651 692 673 cum
708 643 796 674 servo
811 651 863 673 aut
878 641 1080 674 filiofamilias

202 687 370 726 negotium
389 684 509 726 gestum
521 683 599 722 erit,
617 684 738 715 Praetor
756 683 903 716 adversus
914 684 1080 715 dominum

205 735 259 758 aut
270 735 392 768 patrem
403 726 560 757 aaronem
577 725 788 765 polliceturin
807 725 954 756 solidum.
981 724 1079 756 Meri-

205 776 256 799 to:
280 778 351 800 nam
369 770 393 800 is
421 768 472 806 qui
497 767 539 797 ita
555 765 737 804 contrahit,
763 767 888 798 videtur
905 766 1078 806 justiniano

206 810 291 849 sequi
311 810 406 841 fidem
424 807 543 839 domini
561 816 613 838 aut
630 810 725 847 patris
742 806 771 849 ὃ.
785 816 809 839 1.
824 805 895 848 Just.
914 807 1001 851 de
1015 817 1079 838 cum

204 861 234 882 eo
248 853 299 892 qui
315 853 346 882 in
362 850 446 881 alien.
460 846 557 889 potest.
582 849 734 888 Ulpianus
750 851 770 879 l.
791 859 816 880 1.
838 849 878 880 D.
896 850 922 880 h.
941 855 960 880 t.
977 848 1077 880 causa-

203 900 273 929 tur;
288 893 376 932 quod
394 891 634 930 quodammodo
651 889 854 921 contrahitur
872 899 945 922 cum
962 900 1002 922 eo
1022 891 1076 930 qui

201 933 302 973 jubet.
319 933 362 964 ait
387 939 492 963 autern
515 938 667 971 uterque,
697 940 769 962 cum
791 931 986 971 Imperator,
1011 939 1077 962 tum

206 973 378 1014 Ulpianus,
403 973 485 1004 hanc
508 971 667 1004 actionem
692 972 757 1003 dari
774 971 803 1004 in
825 972 971 1004 solidum:
992 973 1080 1004 nimi·

201 1025 272 1047 rum
284 1038 293 1053 ‚
311 1015 383 1055 quia
401 1015 452 1045 illa
470 1022 562 1054 quam
579 1013 663 1051 dixi,
679 1014 802 1044 ratione
818 1023 921 1045 motus
941 1013 1080 1053 Praetor,

204 1055 389 1097 fimplicitet
406 1056 639 1096 dixitjudicium
648 1056 737 1085 dabo:
753 1064 814 1086 nec
833 1056 963 1086 modum
980 1055 1076 1086 addit.

206 1099 260 1129 dat
278 1098 374 1139 igitur
390 1096 548 1128 actionem
567 1098 597 1127 in
609 1095 735 1127 solidum
748 1119 756 1133 ,
775 1098 805 1128 id
823 1097 867 1127 est
879 1120 887 1135 ,
905 1096 1053 1127 hactenus
1067 1119 1076 1133 ‚

205 1147 362 1179 quatenus
378 1138 491 1178 jtiss'ere
510 1146 598 1178 pater
618 1146 671 1168 aut
690 1138 834 1169 dominus
847 1161 856 1176 ‚
878 1148 942 1168 non
963 1138 1041 1168 ultra
1058 1137 1077 1167 l.

203 1191 235 1221 3.
262 1180 302 1211 D.
327 1182 355 1212 d.
381 1186 402 1212 t.
431 1179 551 1211 Eadem
576 1186 628 1210 aut
645 1178 731 1209 simili
754 1181 876 1210 ratione
892 1178 955 1210 sine
973 1177 1077 1210 distin-

208 1222 316 1253 Ctione
342 1221 422 1253 dixit
447 1220 585 1258 Praetor,
609 1218 695 1262 Quod
720 1218 829 1260 gestum
847 1221 917 1256 erit,
940 1220 1078 1257 ideoque

205 1261 349 1303 Ulpiano
372 1262 391 1293 l.
423 1271 467 1293 10.
494 1262 522 1302 §.
550 1261 603 1293 ult.
630 1262 670 1293 l).
693 1262 725 1291 de
741 1261 927 1301 fidejztfforib.
952 1261 1077 1300 placet,

205 1306 243 1335 ad
259 1313 352 1335 omnes
371 1303 537 1334 contractus
552 1304 626 1343 quoii
637 1301 719 1344 jnffu
734 1303 845 1336 referri.
870 1312 907 1333 an
926 1302 1019 1333 etiam
1040 1303 1078 1333 ad

203 1344 434 1376 liberationes?
452 1343 560 1384 Negat
577 1343 725 1384 Cujacuis
741 1344 779 1374 lib
799 1354 817 1383 5
848 1344 969 1379 Observ.
989 1353 1010 1374 c.
1026 1347 1075 1384 8⁶·

206 1386 237 1418 &
260 1385 365 1417 adfert
393 1385 455 1416 hoc
481 1385 570 1425 Gaji:
597 1387 708 1416 Servus
725 1394 774 1415 nec
783 1385 865 1426 juffu
881 1386 987 1416 domini
1002 1394 1077 1415 acce-

199 1428 397 1469 ptumfacere
411 1425 511 1467 potest.

247 1467 346 1509 Jussus
373 1476 490 1507 porro,
515 1474 550 1497 ut
575 1465 640 1496 hoc
665 1466 796 1505 addam,
821 1467 866 1498 est
891 1467 1078 1507 superioris,

202 1509 379 1550 imperandi
391 1507 577 1548 potestatem
590 1507 754 1544 habentis3
772 1509 908 1548 ideoque
918 1509 992 1540 solet
1004 1518 1079 1549 prae-

204 1552 322 1582 cedere
344 1549 362 1579 l.
386 1558 434 1589 25.
459 1549 487 1590 §.
515 1549 554 1580 A.
583 1549 629 1578 D.
652 1549 684 1577 (le
701 1550 765 1589 adq.
792 1550 883 1581 hereti.
905 1550 934 1581 ἃ
951 1550 1077 1588 parendi

201 1591 420 1623 neceffitatem
440 1588 587 1621 involvit.
604 1588 655 1620 sed
675 1589 726 1620 hic
747 1592 836 1621 latius
853 1591 1006 1631 accipitur
1022 1601 1078 1630 pro

203 1633 314 1673 quavis
335 1631 520 1662 voluntate:
537 1638 572 1662 ut
583 1632 677 1661 etiam
697 1631 766 1661 haec
782 1632 876 1663 vei-ba
896 1642 951 1671 pto
966 1632 1076 1664 iisdem

202 1672 405 1714 accipiuntur
422 1673 440 1702 l.
458 1682 487 1712 53.
506 1673 533 1703 h.
552 1677 573 1702 t.
592 1670 670 1703 Inde
692 1673 846 1711 Ulpianus
865 1674 893 1704 d.
913 1674 932 1704 l.
955 1684 980 1706 1.
1002 1674 1031 1714 §.
1052 1683 1076 1704 r.

198 1714 337 1756 Juffum,
371 1714 503 1753 inquit,
535 1713 758 1751 accipiendum
786 1713 847 1745 est:
877 1714 940 1746 five
964 1716 1077 1746 testato

198 1757 286 1796 quis,
315 1755 379 1786 five
403 1764 459 1795 per
480 1753 665 1795 epistolam,
698 1752 761 1785 five
784 1755 911 1795 verbis,
944 1765 997 1787 aut
1021 1766 1077 1796 per

200 1796 371 1833 nuncium,
395 1796 459 1828 five
476 1795 653 1836 specialiter
673 1794 809 1835 jusserit,
833 1796 896 1827 live
924 1798 1075 1837 generali-

201 1847 270 1870 ter:
294 1838 323 1869 &
339 1838 433 1876 ideo,
457 1837 487 1869 ἀ
504 1837 525 1869 ss
542 1836 582 1868 fic
599 1836 793 1868 contestatus
818 1837 874 1876 fit,
898 1837 997 1881 Quod
1024 1848 1075 1869 vo-

201 1879 249 1913 les
266 1889 338 1911 cum
356 1879 468 1910 Sticho
488 1877 579 1910 servo
600 1887 673 1909 meo
685 1878 846 1918 negotium
863 1888 975 1920 gerere
994 1880 1075 1920 peri-

201 1921 278 1953 culo
298 1930 389 1959 meo,
414 1920 541 1952 videtur
565 1920 604 1951 ad
631 1921 735 1950 omnia
757 1920 889 1960 juffiffe,
914 1921 965 1952 nisi
990 1930 1077 1952 certa

201 1963 256 1996 Iex
273 1962 391 2002 aliquid
407 1960 588 2002 probibeat.
611 1961 663 1992 sed
680 1961 708 1992 ὅ(
725 1959 747 1992 fi
774 1963 969 1993 mandaverit
988 1972 1078 2002 pater

203 2004 415 2041 dominosve,
441 2001 581 2041 Ulpiano
605 2001 632 2044 §.
657 2011 687 2042 3.
716 2003 744 2033 d.
769 2002 788 2033 l.
811 2002 923 2043 juffiffe
942 2004 1076 2035 videtur.

202 2044 291 2078 Idem
313 2043 468 2085 Ulpianus
484 2043 512 2085 §.
527 2054 557 2084 4.
573 2044 633 2083 ait‘,
651 2044 671 2074 fi
690 2041 767 2074 servi
780 2043 994 2085 chirographo
1012 2045 1077 2076 sub-

201 2086 365 2127 scripserit·
378 2086 538 2123 dominus,
565 2085 665 2116 teneri
691 2086 777 2124 quod
793 2085 888 2125 jussu:
912 2095 971 2117 nec
989 2087 1079 2118 aliter

203 2126 288 2165 effe,
311 2126 333 2158 fi
358 2134 459 2158 ratum
493 2127 637 2158 habuerit
663 2126 732 2166 quis
761 2128 848 2166 quod
880 2126 985 2159 servus
1010 2129 1076 2168 ejus

204 2168 334 2210 gesserit
357 2169 408 2200 vel
438 2166 545 2199 filius:
579 2177 650 2199 nam
677 2167 706 2198 δι
733 2175 799 2199 tum
835 2169 924 2207 quod
950 2168 1028 2208 J'ussu
1050 2178 1078 2199 a·

204 2211 343 2242 §tionem
363 2209 439 2240 dari.
478 2209 565 2251 Quid
585 2218 679 2246 erat),
703 2207 723 2239 fl
742 2209 924 2250 fidejufferit
942 2219 999 2249 pro
1022 2210 1078 2241 ser-

202 2260 246 2290 vo
263 2251 280 2283 ‚9
309 2250 486 2282 Marcellus
508 2252 593 2290 apud
618 2249 790 2289 Ulpianum
815 2250 842 2292 §.
866 2262 894 2291 5.
921 2252 947 2282 d.
970 2251 989 2282 l.
1015 2252 1079 2289 ait,

204 2301 268 2324 non
285 2292 387 2323 teneri
402 2293 489 2332 quod
503 2290 593 2332 juffu.
610 2291 639 2324 &
659 2291 717 2323 bac
735 2293 832 2322 utitur
842 2292 980 2325 ratione:
995 2294 1080 2332 quod

207 2333 291 2374 quafi
317 2342 485 2365 extraneus
508 2332 701 2364 intervenit:
725 2341 830 2371 neque
855 2334 937 2372 hoc,
961 2342 995 2365 ut
1025 2333 1080 2365 Ul-

204 2377 317 2415 pianus
337 2374 464 2412 censet,
490 2374 567 2406 dicit
584 2374 678 2412 ideo,
704 2376 790 2413 quod
809 2382 937 2406 tenetur
954 2385 993 2406 ex
1009 2384 1067 2406 cau

205 2417 237 2446 sa
254 2416 473 2456 fidejuffionis:
496 2415 549 2446 sed
576 2418 648 2455 quia
672 2415 756 2446 aliud
780 2415 824 2446 est
849 2416 968 2455 jubere.
993 2417 1079 2447 deni-

208 2466 270 2495 que
287 2458 371 2488 idem
392 2456 497 2488 scribit
514 2456 772 2494 Marcellus,etfi
791 2457 944 2489 inutiliter
960 2456 1081 2498 fidejus·

206 2496 279 2530 serit
294 2521 304 2538 ,
316 2506 422 2531 tamen
442 2507 515 2531 eum
533 2507 599 2530 non
616 2497 769 2539 obligari,
781 2498 863 2540 quasi
880 2498 1083 2539 fidejusserit,

344 2684 713 2737 LIBER
783 2684 1329 2736 DECIMUS
1397 2683 1866 2734 SEXTUS.

1121 363 1159 384 ac
1175 353 1251 386 dicit
1267 356 1438 397 Ulpianus,
1455 364 1524 388 eam
1539 353 1724 387 sententiam
1737 354 1896 387 veriorem
1913 355 1984 390 effe,

1120 395 1270 429 Similiter
1293 399 1375 437 apud
1395 397 1528 429 Paulum
1554 397 1600 428 lib.
1623 408 1652 435 4.
1697 397 1744 427 Ad
1769 395 1924 428 Plautium
1948 397 1987 430 fle

1122 444 1209 475 extat
1231 437 1249 469 l.
1278 440 1332 470 ult.
1359 439 1386 470 h.
1414 445 1435 471 t.
1461 438 1494 469 Si
1514 440 1645 469 dominus
1667 439 1714 469 vel
1732 443 1816 478 pater
1835 439 1987 477 pecuniam

1121 483 1253 508 mutuam
1268 486 1458 520 accepturus,
1475 479 1590 521 juſjerit
1601 482 1684 518 servo
1711 478 1806 517 filzuve
1827 483 1987 519 numerari,

1121 519 1205 549 nulla
1229 518 1343 559 quaeftz‘o
1367 519 1426 559 est,
1449 523 1521 562 quin
1545 519 1599 562 ²⁴le
1621 522 1730 551 condiet·
1750 518 1850 560 poffit:
1872 521 1925 550 imo
1940 522 1989 551 hoc

1125 563 1192 597 casu
1217 564 1249 590 ae
1265 561 1349 601 juffu
1372 560 1444 592 αὲῖίο
1466 572 1524 592 non
1545 564 1685 602 competit.
1709 561 1817 592 Priora
1836 562 1932 593 verba
1947 563 1991 593 vi-

1125 602 1240 632 dentur
1257 602 1388 632 Plautii:
1405 601 1579 642 posteriora
1598 603 1696 635 Pauli.
1710 603 1771 634 Sed
1788 602 1988 643 intelligitur,

1124 650 1158 672 ut
1175 643 1306 682 opinor,
1323 643 1496 674 Praetorem
1509 643 1602 682 juss'us
1620 645 1831 684 appellatione
1849 642 1878 674 in
1898 643 1992 675 Edic-

1124 691 1158 713 to
1183 684 1378 714 voluntatem
1403 683 1590 724 significate:
1617 685 1646 716 ἃ
1671 693 1792 725 patrem
1815 693 1868 723 aut
1891 685 1991 716 domi-

1123 726 1315 765 num‚cujus
1332 725 1409 765 juffit
1427 726 1591 765 negotium
1609 725 1644 756 fit
1661 736 1731 757 cum
1750 727 1838 758 servo
1855 736 1907 757 aut
1925 727 1991 758 filio

1121 766 1261 806 gestum,
1287 767 1316 797 in
1333 767 1467 797 solidum
1485 765 1645 806 obligare:
1670 769 1801 807 utique,
1824 767 1844 799 fi
1862 769 1992 799 durave-

1122 809 1162 838 rit
1177 807 1281 846 juffus.
1307 806 1359 838 sed
1381 807 1483 848 finge,
1508 816 1693 839 revocatum
1719 807 1797 845 effe,
1822 818 1991 849 antequam

1122 850 1317 880 crederetur.
1342 858 1378 879 an
1399 849 1502 887 potuit
1520 849 1688 879 revocari?
1713 847 1865 889 Ulpianus
1888 851 1906 880 l.
1923 860 1946 882 1.
1962 851 1991 891 §.

1122 898 1149 921 2.
1169 892 1195 920 h.
1207 896 1225 920 t.
1242 899 1349 930 putat,
1365 889 1468 930 poss'e:
1485 891 1754 926 Quemadmodum
1771 889 1992 930 firnatidal‘set,

1123 931 1151 976 df.
1168 931 1276 1003 pospea
1294 940 1366 962 ante
1383 930 1578 963 contractum
1597 931 1793 970 revocasset,
1817 931 1847 962 &
1864 941 1914 963 me
1925 942 1993 964 cer-

1121 979 1198 1002 tiora
1228 979 1269 1003 et.

1163 1012 1246 1056 Quae
1272 1012 1355 1051 dixi,
1379 1013 1557 1053 procedunt
1580 1013 1689 1053 procul
1716 1012 1811 1044 dubio
1830 1037 1840 1052 ,
1870 1011 1890 1044 fi
1916 1013 1992 1053 quid

1120 1063 1193 1086 cum
1209 1055 1298 1086 servo
1317 1056 1445 1095 proprio
1461 1055 1582 1096 gestum
1599 1056 1658 1085 erit
1671 1055 1748 1095 jussu
1765 1055 1899 1086 domini:
1921 1064 1993 1088 nam

1120 1096 1184 1135 ejus
1212 1097 1237 1127 is
1258 1097 1288 1127 in
1316 1095 1474 1136 potestate
1500 1096 1561 1128 est:
1586 1096 1615 1127 ἃ
1634 1097 1671 1127 ad
1690 1096 1775 1127 hunc
1792 1096 1931 1136 spectant
1955 1096 1991 1128 E-

1121 1137 1193 1168 dieti
1212 1139 1320 1169 verba.
1345 1147 1382 1168 an
1406 1138 1491 1168 idem
1519 1138 1581 1177 est,
1605 1137 1626 1168 si
1651 1137 1719 1177 quis
1735 1137 1853 1178 jusserit
1869 1146 1991 1169 contra-

1122 1178 1241 1210 hicum
1264 1179 1353 1209 servo
1368 1178 1493 1211 alieno?
1518 1178 1570 1211 sed
1593 1188 1656 1210 non
1675 1188 1769 1217 puto:
1792 1180 1873 1210 clara
1897 1180 1991 1210 ratio-

1121 1229 1181 1258 ne;
1199 1221 1269 1258 quia
1288 1220 1371 1251 hunc
1389 1229 1451 1251 non
1469 1220 1565 1251 habet
1584 1220 1614 1251 in
1633 1220 1791 1260 potestate
1808 1221 1833 1251 is
1850 1220 1902 1261 qui
1919 1230 1991 1253 cum

1121 1270 1159 1291 eo
1177 1262 1242 1301 geri
1262 1261 1351 1298 jussit.
1375 1263 1459 1301 quod
1484 1261 1636 1294 desiderat
1660 1261 1789 1293 Praetor.
1836 1261 1896 1292 Sed
1918 1260 1991 1301 quid

1121 1301 1139 1333 si
1158 1303 1182 1332 is
1202 1301 1311 1342 postea
1336 1301 1365 1332 in
1394 1302 1548 1339 potestate
1576 1302 1637 1334 esse
1657 1303 1814 1343 incipiat?
1838 1302 1949 1334 Paulus
1973 1303 1991 1333 l.
2035 1327 2036 1347 ι

1122 1354 1147 1374 2.
1167 1343 1196 1384 §.
1221 1343 1273 1373 tilt.
1290 1344 1317 1373 h.
1335 1349 1355 1373 t.
1380 1342 1429 1381 Si,
1453 1344 1575 1383 inquit,
1596 1343 1675 1383 juffu
1699 1354 1773 1375 meo
1796 1353 1868 1375 cum
1886 1345 1991 1375 alieno
2035 1350 2036 1377 l

1120 1384 1210 1415 serto
1236 1384 1435 1415 contractum
1465 1384 1583 1423 fuerit,
1609 1394 1747 1425 cumque
1771 1385 1879 1423 postea
1903 1388 1995 1415 rede·
2035 1380 2036 1429 ξ

1121 1435 1230 1461 mero,
1255 1426 1341 1465 quod
1363 1425 1441 1464 juss'u
1461 1435 1526 1456 non
1556 1427 1701 1457 tenebor.
1744 1425 1993 1468 Quamobrem?
2035 1438 2036 1445 ι

1121 1476 1162 1497 ne
1186 1466 1269 1497 aetio
1296 1476 1365 1506 quae
1392 1466 1430 1496 ab
1455 1467 1546 1497 initio
1571 1467 1689 1498 inutilis
1717 1466 1814 1498 fuerit
1831 1491 1839 1504 ,
1872 1476 1992 1498 eventu

1122 1507 1340 1538 confirmetur.
1387 1505 1431 1537 Ut
1448 1508 1541 1547 igitur
1558 1508 1591 1538 sit
1611 1509 1696 1547 quod
1713 1508 1789 1548 jussu
1806 1509 1905 1538 actio:
1929 1517 1992 1539 non

1123 1547 1253 1585 sufficit,
1279 1548 1408 1587 alicujus
1429 1548 1508 1588 juisu
1531 1548 1592 1579 effe
1615 1558 1631 1578 a
1663 1548 1752 1579 servo
1776 1549 1915 1589 gestum:
1939 1547 1991 1579 scd

1121 1597 1252 1629 oportet
1268 1598 1285 1619 a
1302 1588 1392 1619 scrvo
1409 1589 1530 1628 gestum
1549 1589 1610 1620 css'e
1625 1589 1704 1628 juss‘u
1728 1589 1793 1629 ejus
1811 1590 1840 1619 in
1859 1590 1947 1628 cujus
1967 1590 1993 1620 is

1122 1630 1278 1669 potestate
1303 1630 1348 1661 sit.
1393 1629 1500 1671 Quid,
1526 1629 1547 1661 fi
1571 1630 1756 1661 fructuarius
1776 1630 1914 1670 jusserit,
1939 1638 1993 1661 aut

1120 1673 1210 1703 bonae
1229 1671 1301 1702 fidei
1323 1670 1500 1711 poffclsor‘?
1525 1680 1650 1711 poterat
1669 1671 1817 1702 dubitari.
1841 1670 1890 1702 sed
1909 1671 1995 1712 Mar-

1120 1714 1219 1744 cellus
1253 1720 1361 1752 putat,
1385 1714 1469 1752 quod
1495 1712 1574 1753 jussu
1598 1714 1731 1744 dandam
1757 1714 1787 1743 in
1818 1722 1872 1743 eos
1896 1712 1993 1743 actio-

1119 1764 1208 1785 nem:
1231 1763 1365 1794 eamque
1381 1753 1566 1796 sententiam
1584 1755 1695 1794 probat
1711 1752 1865 1794 Ulpianus
1883 1753 1900 1784 l.
1925 1763 1947 1784 1.
1964 1753 1994 1795 §.

1121 1800 1149 1829 8.
1173 1797 1200 1826 h.
1218 1803 1238 1826 t.
1263 1795 1378 1835 opinor
1398 1819 1407 1834 ‚
1440 1796 1512 1835 quia
1534 1794 1682 1836 potestatis
1712 1795 1843 1826 verbum
1872 1797 1902 1825 in
1928 1795 1993 1826 hoc

1121 1837 1237 1868 Edicto
1255 1838 1345 1868 latius
1363 1837 1519 1877 accipitur
1536 1846 1593 1875 pro
1610 1836 1746 1868 habendi
1763 1836 1934 1868 facultate:
1958 1844 1992 1868 ut

1121 1887 1267 1909 notatum
1286 1877 1338 1909 sub
1356 1877 1490 1917 Titulo‚
1515 1878 1562 1909 De
1582 1878 1699 1918 peculio.
1745 1876 1797 1909 De
1816 1877 1878 1908 hoc
1899 1886 1995 1909 nemo⁴

1121 1920 1265 1957 dubitat,
1289 1919 1309 1951 fi
1328 1920 1463 1959 pupillus
1481 1920 1629 1951 dominus
1645 1919 1780 1960 jusserit,
1805 1929 1867 1950 non
1889 1919 1992 1951 teneri

1121 1970 1193 1992 eum
1206 1985 1215 2000 ,
1232 1960 1286 1992 nisi
1305 1969 1409 1992 tutore
1425 1961 1645 2000 austorejuffit
1661 1963 1685 1991 d.
1704 1962 1722 1992 l.
1743 1970 1770 1992 1.
1789 1960 1817 2002 §.
1838 1970 1863 2001 7.
1891 1960 1993 2002 Quid,

1120 2002 1141 2034 fi
1159 2003 1272 2033 tutoris
1286 2002 1363 2041 jussu
1380 2002 1467 2033 servo
1487 2003 1597 2044 pupilli
1623 2002 1777 2033 creditum
1803 2001 1863 2033 fit?
1889 2004 1995 2040 placet

1122 2044 1188 2075 hoc
1209 2043 1292 2075 Pauli
1316 2044 1335 2074 l.
1352 2053 1381 2075 2.
1401 2044 1427 2074 h.
1445 2050 1466 2074 t.
1492 2043 1513 2075 fi
1539 2054 1578 2075 ex
1604 2043 1740 2074 utilitate
1768 2042 1876 2082 pupilli
1894 2042 1993 2074 fuerit

1122 2085 1298 2123 creditum,
1330 2083 1360 2116 in
1387 2085 1540 2125 pupillum
1567 2085 1699 2116 dandam
1727 2084 1883 2115 aaronem
1907 2083 1993 2124 quod

1121 2127 1315 2166 tutorjussit.
1359 2125 1512 2165 Idemque
1536 2127 1565 2158 in
1591 2135 1737 2157 curatore
1761 2125 1992 2165 adolescentis,

1121 2168 1173 2199 vel
1198 2167 1322 2205 furiosi,
1349 2167 1398 2198 vel
1426 2167 1570 2208 prodigi,
1596 2168 1738 2206 itemque
1764 2175 1992 2207 procuratore,

1123 2209 1153 2239 ἃ
1177 2208 1427 2240 administratore
1444 2208 1579 2240 civitatis
1595 2209 1744 2239 traditum
1767 2209 1795 2239 d.
1820 2208 1829 2238 l
1860 2217 1884 2239 1.
1910 2207 1937 2249 §.
1961 2217 1991 2243 9·

1124 2249 1160 2285 δ’
1177 2249 1197 2281 l.
1214 2260 1242 2290 4.
1261 2252 1289 2281 d.
1307 2257 1327 2280 t.
1370 2248 1464 2281 Hoc:
1486 2249 1506 2281 fi
1530 2250 1636 2281 servus
1660 2249 1696 2281 fit
1721 2250 1750 2280 in
1777 2248 1934 2288 potestate
1959 2257 1993 2279 u-

1125 2292 1204 2323 nius.
1232 2291 1283 2322 sed
1300 2290 1371 2329 fac,
1396 2290 1458 2322 effe
1476 2291 1506 2322 in
1523 2290 1678 2331 potestate
1695 2290 1855 2322 duorum?
1880 2290 1993 2322 Paulus

1124 2333 1142 2364 l.
1158 2334 1209 2364 ult.
1228 2333 1256 2374 ᾗ.
1282 2342 1306 2364 1.
1323 2334 1350 2363 α’.
1373 2338 1393 2362 z.
1419 2332 1459 2363 sic
1483 2331 1567 2363 finit:
1591 2333 1620 2363 Si
1648 2341 1724 2363 unus
1741 2341 1781 2363 ex
1797 2332 1874 2362 servi
1893 2331 1993 2362 domi-

1124 2376 1172 2406 nis
1186 2375 1268 2414 jussit
1286 2373 1429 2404 contrahi
1450 2383 1522 2404 cum
1539 2384 1596 2412 eo,
1609 2374 1633 2405 is
1649 2374 1730 2405 solus
1748 2373 1916 2404 tenebitur.
1941 2371 1992 2404 sed

1123 2415 1144 2447 fi
1167 2418 1230 2446 duo
1254 2415 1426 2456 jusserunt,
1451 2425 1522 2446 cum
1546 2415 1658 2455 quovis
1677 2416 1706 2445 in
1724 2415 1854 2445 solidum
1872 2413 1919 2453 agi
1939 2422 1992 2453 po-

1127 2456 1200 2489 test:
1224 2459 1296 2497 quia
1312 2455 1425 2489 similes
1440 2456 1507 2488 sunt
1522 2457 1647 2488 duobus
1664 2454 1893 2487 mandantibus.

868 2803 1224 2838 T1TULus
1274 2802 1306 2838 Ἰ.

818 2883 871 2918 Ad
891 2884 1192 2930 Senatusconsultum
1210 2856 1418 2929 Vellejanums

213 2970 414 3013 &ssissffiss
425 2976 754 3016 tumesco-usum
766 2981 828 3005 ΗΜ
844 2972 930 3012 quod
948 2971 1086 3005 Rubrica

213 3020 252 3057 Q}
286 3036 306 3068 S
348 3017 385 3054 ὃ
407 3018 501 3055 vocat
523 3009 743 3058 Vellejanutn3
773 3023 789 3044 a
821 3013 989 3045 Marciano
1009 3015 1039 3045 in
1067 3016 1086 3046 l.

214 3064 253 3102 Θ
348 3062 385 3100 {5
407 3062 456 3089 ao.
481 3052 526 3083 D.
543 3053 576 3082 cle
593 3052 713 3084 concha.
732 3055 824 3100 zndelq.
842 3056 1018 3100 appellatur
1034 3055 1084 3086 Se-

213 3107 387 3147 ww
409 3092 1087 3175 Μ-ῗεῖειῖιξέπωὲῖῃὲειξῑιῑιειιῖεῑς

210 3177 341 3211 cedere.
385 3145 586 3218 chffejapmm
607 3183 716 3214 autem
737 3175 854 3212 dicitur
877 3185 895 3210 a
921 3176 998 3218 Cajo
1013 3179 1089 3216 Vel·

1130 2973 1192 3013 lejo
1210 2971 1355 3010 Tutore,
1379 2970 1514 3003 Consule
1530 2970 1681 3010 suffectm
1704 2972 1756 3011 qui
1773 2972 1826 3013 (ut
1842 2970 1940 3010 liquet
1955 2976 1997 3000 ex
2030 2971 2031 2976 ’

1130 3013 1201 3055 ipsis
1226 3013 1498 3045 Senatusconsulti
1524 3014 1629 3044 verbis
1653 3015 1682 3043 in
1707 3014 1717 3044 l
1744 3024 1769 3044 2.
1793 3012 1826 3083 ἓν
1851 3021 1869 3041 ι.
1897 3011 1922 3056 lt.
1952 3012 1995 3049 t.)

1131 3065 1204 3087 curn
1226 3055 1274 3087 M.
1306 3054 1411 3086 Silano
1439 3054 1492 3095 (is
1516 3056 1546 3086 in
1573 3054 1721 3094 Corpore
1743 3054 1767 3093 J.
1828 3060 1941 3086 tuteris
1967 3056 1996 3090 P·
2029 3086 2030 3097 χ

1129 3106 1199 3137 470.
1226 3096 1316 3137 Inscr.
1344 3106 1372 3128 1.
1397 3095 1443 3131 &³-
1469 3106 1496 3128 2,
1523 3104 1653 3127 vocatur
1676 3094 1710 3126 L.
1738 3092 1876 3128 suanm)
1901 3091 1998 3122 verba
2029 3099 2030 3123 3

1131 3137 1161 3169 in
1183 3138 1300 3170 Senatu
1324 3137 1403 3169 fecit
1429 3138 1469 3169 de
1493 3136 1691 3169 foeminarum
1716 3133 1998 3165 interceffionibus.

1131 3180 1264 3223 ponitur
1280 3189 1357 3215 vero
1380 3179 1435 3215 mc
1458 3177 1646 3214 Consulatus
1663 3186 1680 3209 a
1694 3174 1825 3210 Theod.
1843 3174 1869 3217 J.
1892 3173 2000 3252 336?ss
2028 3233 2029 3237 Ἰ
