2036 3495
257 102 504 138 stseanrro
531 99 683 149 Qjmtu
710 107 758 133 ne
785 98 989 134 Rem-‚rone
1014 109 1055 134 AB
1082 99 1231 135 hiennio
1256 99 1347 146 June
1373 99 1547 139 Gi-:NTwM
1572 103 1720 139 Lmen.

93 191 146 230 vi,
168 196 265 230 atque
289 191 383 221 armis
409 188 602 221 sustineatur.
634 196 698 227 quo
723 186 800 226 quid
823 188 965 228 turpius,

90 232 247 272 iniquius,
271 240 323 262 aut
348 229 470 263 stultius
497 229 552 268 fit,
577 228 630 270 ipsi
655 228 804 269 judicate.
830 238 870 260 an
895 229 965 270 quis

93 272 208 306 Christi
226 272 440 313 disciplinam,
456 272 540 303 illam
556 271 713 316 divinam,
731 269 884 308 sanciam,
901 271 963 316 ple·

92 324 163 348 nam
182 315 329 354 pudoris,
353 312 534 352 modestiae,
558 311 780 350 humanitatis,
804 311 966 343 fortitudi-

89 358 138 389 nis
149 380 159 395 ,
176 356 251 388 fidei
262 379 271 394 ,
281 355 466 388 constantiae
478 377 486 393 ‚
502 353 586 385 recle
598 355 775 384 damnatam
787 352 877 384 fuiffe
889 362 965 384 tem-

91 407 172 439 pore
189 396 330 430 Neronis
349 397 379 428 &
395 397 547 434 deinceps
564 395 732 435 opinetur:
749 396 903 435 quintum
920 395 965 426 vi-

90 440 120 472 sa
143 439 205 471 fuit
229 439 277 470 his
299 439 351 478 qui
371 437 599 477 rempublicam
616 435 828 474 obtinebant,
853 437 964 467 exitia·

90 481 162 512 bilis
188 480 384 520 superstitiO,
409 479 529 519 ipiique
552 478 604 517 qui
621 486 689 508 eam
710 475 965 517 profitebantur,

92 524 122 554 δε
146 522 282 554 malefici
305 522 336 552 &
354 519 494 551 convieti
513 520 576 551 odii
592 520 717 560 generis
736 519 861 550 humani
880 520 965 550 dice-

90 563 231 595 bantur?
254 561 361 603 quid‘?
384 570 421 593 an
449 560 616 601 postquam
642 561 763 601 legibus
790 560 966 600 approbata

90 613 287 645 receptaque
303 602 384 642 fuit,
410 603 515 633 verior
533 601 748 642 sinceriorque
765 601 827 633 effe
845 603 965 643 coepit,

91 648 179 686 quod
197 647 236 677 ab
254 646 318 686 eius
338 651 427 684 parte
443 643 561 675 starent
577 644 765 683 imperium,
790 644 894 684 leges,
920 652 966 674 ar-

89 697 160 726 ma,
177 696 270 728 quam
287 695 360 717 curn
378 685 441 716 sola
457 687 576 716 virtute
593 685 622 716 ἃ
639 684 838 725 simplicitate
855 684 963 716 defen·

91 729 242 761 deretur?
267 737 304 758 an
331 728 429 768 magis
454 729 492 759 ad
509 736 650 759 errorem
670 726 899 767 superstitionis
917 734 965 757 ac-

89 769 208 802 cefl'ere
227 768 395 807 Gentiles,
421 778 486 809 quo
509 777 657 809 tempore
675 768 836 812 prohibita
852 777 965 799 eorum

88 811 190 846 sacra,
207 811 324 841 eversae
339 819 399 841 arae
413 834 420 848 ,
438 811 467 842 ἀ
487 812 605 849 templa
624 810 725 841 clausa
744 809 853 848 fuere3
871 817 964 847 quam

89 863 154 891 quo
172 852 326 883 florentes
339 854 473 891 imperio
484 875 493 889 ,
504 853 678 891 impietatis
692 850 965 882 innocentiffimos

90 895 120 926 δί
144 895 230 925 omni
257 903 376 924 vacuos
399 893 517 924 scelere
535 896 723 924 damnarent
743 891 965 924 Christianos?

90 936 178 978 Quid
197 936 330 971 attinet,
349 938 494 975 proxima
511 934 611 967 secula
628 936 667 965 ad
684 933 899 965 testimonium
912 942 965 978 vo-

89 978 187 1010 cai-e?>
211 977 361 1008 omnibus
386 986 462 1007 nota
488 976 567 1008 sunt.
611 975 684 1007 Nec
707 983 813 1006 tamen
837 974 964 1020 silentio

88 1020 262 1060 praeteribo
273 1018 437 1049 Thomam
450 1017 668 1049 Crammerum
680 1041 689 1056 ,
701 1014 964 1062 Cantuariensem

89 1061 291 1093 Antissitem:
316 1068 411 1099 quem
430 1069 503 1091 cum
520 1059 689 1090 Britanniae
707 1068 807 1099 regno
827 1057 879 1088 lub
897 1056 964 1087 Ma-

91 1103 135 1134 ria
159 1102 317 1133 contraria
341 1103 497 1140 potiretur
520 1100 637 1138 factio,
661 1101 746 1131 idem
772 1096 964 1138 consumpfit

89 1144 193 1184 ignis;
216 1152 282 1183 quo
301 1142 365 1183 ipse
389 1152 461 1173 cum
482 1143 602 1173 valeret
626 1141 681 1172 sub
708 1140 876 1178 Eduardo,
901 1148 917 1170 a
935 1137 965 1186 se

90 1185 308 1216 dissentientes
327 1185 507 1215 combuffit.
530 1183 591 1215 Sed
609 1190 758 1224 apparet,
784 1190 847 1212 non
866 1188 965 1220 magis

88 1227 137 1268 jus
155 1225 269 1266 sasque
286 1225 348 1257 esse
366 1235 468 1263 verte,
494 1234 586 1265 quam
603 1224 688 1255 falsae
707 1223 871 1263 religioni,
889 1222 964 1252 alte-

90 1278 155 1300 ram
174 1269 203 1299 vi
222 1276 319 1307 atquc
337 1267 473 1305 imperio
491 1268 646 1297 coercere
662 1272 716 1296 aut
731 1264 876 1303 perdere.
928 1304 933 1310 ,

94 1320 96 1322 ’
131 1311 171 1340 At
202 1309 286 1340 enim
319 1317 395 1339 vana
426 1317 463 1338 ac
488 1306 561 1338 Deo
585 1306 681 1337 invisa
704 1305 750 1348 est
773 1305 965 1336 idololatria.

87 1350 269 1390 Tamquam
294 1349 374 1380 hanc
397 1349 502 1380 laudet
533 1347 619 1379 sanus
643 1355 739 1388 atque
765 1346 965 1391 intelligens-3

89 1401 126 1423 ac
141 1401 205 1423 non
222 1391 328 1432 potius
350 1389 534 1431 fugiendam
555 1389 641 1420 omni
660 1390 760 1420 modo
779 1387 862 1427 effe,
886 1387 964 1434 arbi-

89 1441 201 1464 tretur.
238 1431 300 1463 Sed
318 1441 382 1463 non
401 1433 464 1463 hoc
480 1432 597 1471 agimus
609 1455 618 1469 ‚
642 1440 680 1462 an
698 1437 848 1470 oporteat
864 1438 965 1460 virum

90 1475 231 1512 bonum,
253 1482 402 1515 gravem,
427 1482 464 1504 ac
491 1473 663 1513 sapientem
681 1471 836 1503 abstinere
852 1470 891 1502 ab
909 1472 962 1501 im·

90 1516 254 1556 probitate
265 1514 492 1555 superstitionis
509 1516 615 1555 impiae
630 1522 683 1545 aut
694 1513 804 1545 stultae.
829 1521 908 1543 unus
919 1511 965 1544 est

91 1557 199 1589 noster
215 1556 323 1595 labor,
340 1565 377 1587 au
395 1556 516 1587 idcirco
532 1557 619 1596 quod
635 1556 673 1586 ad
689 1563 857 1594 peccatum
875 1563 963 1585 acce-

91 1599 157 1636 dit,
182 1598 316 1628 arcenda
338 1607 354 1628 a
377 1597 541 1638 republica
568 1606 664 1637 atque
681 1597 719 1628 ab
736 1594 962 1642 hominumso·

91 1639 210 1670 cietate
235 1637 271 1669 fit
293 1639 404 1676 armis,
430 1638 569 1678 legibus,
601 1638 769 1678 poenisque
794 1637 964 1669 humanis?

94 1681 182 1719 quod
207 1679 228 1711 fi
252 1680 320 1718 quis
345 1687 455 1720 putet;
479 1688 542 1711 non
565 1679 753 1711 subscribam
772 1679 965 1719 imprudenti

96 1722 127 1754 &
151 1720 334 1760 periculosae
362 1721 534 1753 sententiae.
569 1722 704 1760 primum
731 1720 807 1760 quid
823 1730 863 1751 eo
879 1729 965 1751 com-

93 1762 269 1803 plcetemur
285 1763 464 1794 vocabulo:
477 1770 538 1793 tarn
556 1762 639 1793 varia
651 1770 747 1802 atque
764 1762 883 1793 incerta
899 1763 964 1802 ejus

94 1803 327 1836 aestimatione?
352 1802 373 1834 ss
390 1803 493 1844 vulgi,
511 1803 530 1834 fi
549 1802 722 1844 sapientum
740 1804 884 1844 ingenia,
899 1813 965 1834 mo-

95 1855 169 1883 res,
194 1845 307 1883 sectas,
333 1853 382 1876 tot
410 1845 587 1883 sententiis,
613 1853 663 1876 tot
679 1845 810 1884 ritibus,
835 1853 884 1876 tot
899 1844 964 1876 for-

95 1887 190 1919 mulis
209 1886 383 1924 distinctas,
409 1886 696 1924 considerabimus,
715 1889 783 1926 quis
799 1888 858 1917 erit
876 1885 965 1925 finis,

97 1929 166 1968 quis
183 1928 311 1959 exitus?
334 1928 477 1966 accedit,
497 1929 583 1966 quod
601 1938 664 1959 non
682 1927 726 1958 est
743 1927 967 1968 Legissatoris‚

96 1971 201 2000 omnia
214 1978 283 2009 quae
296 1968 370 2000 Deo
383 1969 477 2000 invisa
495 1970 560 2000 sunt
571 1993 580 2008 ‚
598 1970 719 2011 legibus
730 1979 850 2010 punire.
863 1970 905 2001 nil
922 1970 966 2002 di-

95 2019 163 2041 cam
182 2011 221 2041 de
244 2010 466 2048 inclementia,
490 2012 637 2049 avaritia,
662 2012 804 2050 luxuria,
827 2011 985 2050 invidia,-

94 2050 208 2082 delidia
220 2075 230 2090 ,
248 2052 445 2090 temeritate,
462 2052 636 2090 ebrietate,
652 2052 915 2092 intemperantia,
933 2054 963 2084 li·

94 2092 222 2125 bidine:
246 2102 314 2133 quae
339 2102 403 2124 non
423 2094 534 2132 procul
553 2102 688 2134 peccato
705 2093 787 2133 ess'e,
812 2095 840 2125 ἂ
857 2104 873 2125 a
892 2094 966 2126 Deo

94 2130 272 2172 observari,
297 2135 365 2175 quis
380 2135 530 2166 dubitat?
556 2135 607 2166 ubi
630 2143 734 2167 tamen
757 2145 862 2175 neque
885 2145 965 2167 rem—

93 2175 249 2214 publicam
268 2177 426 2216 attingunt
438 2199 446 2213 ,
463 2185 523 2207 nce
540 2177 617 2207 alios
634 2177 768 2215 laedunt3
796 2187 902 2208 nonne
921 2177 961 2208 ef-

92 2215 220 2257 fugiunt
239 2217 342 2257 legum
359 2216 585 2249 severitatem?
603 2219 678 2259 quid
697 2220 817 2259 turpius
837 2221 963 2250 menda-

93 2258 171 2290 cio?
195 2258 271 2298 quid
289 2258 452 2298 pei-jurio?
475 2259 561 2299 atqui
582 2260 620 2290 de
639 2260 686 2290 his
704 2259 793 2291 silent
810 2260 893 2299 jura:
911 2260 964 2292 nisi

91 2307 145 2330 aut
162 2299 391 2338 rempublicam
412 2300 519 2340 iniuria
539 2300 698 2339 afficiunt,
722 2309 775 2332 aut
791 2302 881 2333 alios.
904 2311 963 2332 cae-

90 2349 193 2371 terum
212 2342 250 2372 ad
263 2340 366 2372 Deum
384 2341 412 2372 6<
430 2342 564 2372 mendax
580 2347 607 2373 dt
620 2343 761 2383 perjurus
779 2343 963 2374 remittitur.

91 2389 205 2420 tacet),
230 2383 317 2422 quod
327 2383 403 2413 olim
423 2383 451 2413 in
472 2384 548 2413 urbe
566 2383 667 2415 Roma
684 2384 829 2424 quotidie
846 2383 874 2415 δι
893 2393 962 2423 pro·

90 2431 130 2463 pe
144 2423 246 2462 palam
265 2425 358 2454 etiam
378 2424 415 2454 ab
433 2423 600 2457 illustribus
619 2425 647 2457 ἃ
666 2425 805 2456 honestis
821 2425 964 2457 foeminis

89 2464 317 2496 admittebatur
333 2466 480 2497 abortus:
499 2475 558 2496 nec
572 2475 677 2498 tamen
694 2467 816 2507 legibus
827 2467 964 2498 vindica·

90 2505 201 2545 batur3
224 2505 279 2538 etsi
297 2507 445 2538 omnibus
461 2507 631 2539 baberetur
646 2509 760 2548 impius
777 2517 875 2548 atque
890 2518 964 2540 exe-

90 2547 237 2587 erabilis;
254 2556 423 2588 antequam
439 2549 538 2580 exilio
557 2559 629 2581 cum
647 2551 768 2590 puniri,
783 2549 896 2590 jussere
912 2550 963 2580 Se-

90 2596 183 2618 verus
201 2589 231 2619 &
250 2589 441 2620 Antoninus.
458 2590 522 2621 hoc
539 2592 693 2633 amplius,
713 2591 766 2622 An
779 2615 788 2630 ,
806 2592 875 2631 quis
894 2600 962 2629 cre-

91 2629 162 2665 dat,
185 2629 353 2669 aliquando
375 2632 555 2671 parentibus
570 2633 617 2672 jus
633 2632 724 2663 fuisse
741 2633 884 2663 infantes.
899 2631 963 2675 san7

90 2669 297 2710 guinolentos
317 2681 380 2702 non
406 2673 508 2704 dicam
533 2673 830 2714 exponerealienae
847 2672 962 2705 miseri-

89 2711 210 2741 cordiae
227 2720 319 2750 quam
331 2711 386 2751 ips1
402 2722 465 2744 non
478 2714 652 2753 haberent;
670 2715 720 2746 sed
739 2724 894 2755 praeterea
910 2715 962 2746 eli-

91 2752 187 2789 dere,
211 2752 366 2791 abjicere,
384 2756 413 2784 in
432 2763 545 2793 aquas,
563 2756 592 2786 in
610 2756 832 2792 solitudinem,
850 2766 865 2787 a
884 2755 961 2794 feris

92 2794 295 2824 devorandos
307 2802 377 2831 ‚aut
393 2794 477 2825 fame
493 2795 522 2826 ἃ
541 2795 660 2837 frigore
678 2796 871 2835 solvendos;
888 2797 960 2835 hor-

92 2844 167 2873 rco;
183 2844 255 2865 cum
266 2835 377 2873 cogito
395 2834 492 2866 scelus
504 2837 634 2875 impium
646 2861 654 2875 ,
665 2837 827 2870 infandum
837 2862 846 2876 ,
856 2838 968 2870 atrox.-

90 2876 154 2906 ἔπος
173 2884 278 2907 tamen
290 2875 415 2906 Grzecia
433 2877 483 2907 illa
500 2876 659 2914 sapientiae
676 2888 770 2919 atque
788 2880 963 2911 humanita-

92 2918 130 2948 tis
147 2917 290 2957 magistra
300 2940 308 2953 .
320 2917 385 2948 hoc
396 2916 497 2948 Roma
509 2918 559 2949 illa
570 2928 674 2950 rerum
690 2921 818 2952 domina
830 2945 838 2959 ‚
854 2930 961 2959 quam-

90 2959 147 2989 diu
163 2958 243 2998 paffa
260 2958 328 2990 est?
358 2968 398 2989 ne
418 2957 642 2990 Constantinus
660 2962 807 3000 quidem,
830 2970 963 3001 recepta

87 3000 149 3040 jam
165 2999 279 3031 Christi
299 3000 459 3037 doctrina,
485 3009 537 3040 par
555 2999 617 3031 fuit
636 3004 851 3042 expungendo
876 3002 962 3043 flagi-

88 3043 136 3073 tio
150 3042 260 3073 adulto
278 3041 307 3072 ἃ
326 3041 510 3081 praevalido.
541 3042 630 3080 primi
648 3042 707 3073 ausi
723 3042 814 3074 fuere
830 3044 861 3074 id
879 3045 962 3083 capi-

90 3082 144 3113 tali
163 3082 268 3114 ulcisci
285 3092 380 3123 poena
398 3082 523 3122 Imppp.
545 3082 805 3121 Valentinianus,
823 3084 961 3125 Valens,

91 3122 312 3156 &Gratianus
336 3123 473 3166 Quodsi
492 3131 586 3154 totae
604 3132 664 3155 tam
682 3124 810 3165 insignia
828 3126 902 3156 vitia
919 3127 962 3157 le-

1820 115 1893 149 525

1009 198 1049 221 ne
1074 189 1266 222 idololatriae
1283 190 1433 230 quidem,
1458 191 1513 223 etfi
1531 191 1625 224 bonis
1645 193 1674 225 &
1692 192 1885 233 sapientibus

1007 231 1184 270 evitandae,
1207 232 1295 272 leges
1313 232 1451 273 publicae
1473 233 1666 274 irascuntur3
1690 244 1763 267 cum
1778 244 1886 276 neque

1008 273 1267 345 miglmvcwitatls
1286 274 1410 313 turbat,
1433 284 1539 316 neque
1555 276 1622 316 eius
1640 277 1767 310 utilitati
1786 278 1886 309 inter-

1009 322 1046 345 ce
1072 322 1096 344 it
1109 340 1116 346 .

1050 354 1165 387 Itane?
1188 356 1291 396 inquit
1307 357 1438 397 aliquis,
1461 365 1494 389 tu
1509 359 1644 399 publicae
1662 360 1750 392 dabis
1769 359 1885 391 utilita-

1008 397 1051 436 ti,
1069 405 1103 427 ut
1119 405 1265 438 parcatur
1280 398 1470 431 idololatriae
1487 409 1581 440 quarn
1598 402 1649 433 lex
1662 400 1823 441 Mosaica,
1838 402 1886 434 di-

1009 439 1107 476 vina,
1137 438 1296 478 justiffima
1313 462 1322 478 ‚
1346 442 1486 481 optima,
1511 451 1615 474 morte
1641 443 1742 484 puniri
1765 442 1885 484 jubet?

1008 478 1165 523 Quisquis
1188 488 1293 511 tamen
1313 491 1365 519 es;
1389 481 1444 514 etsi
1460 491 1571 524 magna
1589 493 1623 515 ut
1639 494 1695 525 par
1713 483 1776 523 est,
1801 484 1885 526 apud

1010 530 1124 552 omnes
1141 521 1177 552 fit
1202 521 1281 563 legis
1308 523 1479 555 auctoritas
1502 534 1596 563 quam
1622 526 1687 566 ipse
1715 524 1804 557 Deus
1827 535 1884 567 per

1010 561 1139 594 Mosem
1164 561 1332 594 Hebraicae
1356 565 1446 596 dedit
1470 567 1680 606 reipublicae:
1708 575 1818 607 patere
1841 577 1886 599 ta-

1009 613 1101 639 men,
1118 613 1182 635 non
1201 605 1307 635 omnia
1326 606 1390 645 ejus
1407 607 1511 646 capita
1527 607 1573 639 his
1591 609 1811 648 temporibus,
1837 609 1886 640 his

1008 645 1170 682 moribus,
1196 645 1243 677 his
1260 645 1339 678 locis
1354 649 1600 680 accommodari.
1630 649 1684 680 Est
1702 649 1751 680 sua
1768 652 1886 690 cuique

1008 687 1191 727 reipublicae
1207 688 1373 719 conditio:
1389 698 1451 720 nec
1461 690 1559 731 magis
1575 690 1680 731 potest
1691 691 1821 731 alicujus
1832 693 1886 723 lex

1008 728 1146 759 civitatis
1163 729 1311 760 omnibus
1329 730 1530 770 hominibus,
1547 732 1696 763 omnibus
1713 733 1805 771 locis,
1817 742 1886 764 om-

1008 769 1100 800 nibus
1125 771 1325 809 temporibus
1344 770 1408 802 usui
1432 771 1514 811 effe3
1539 782 1630 814 quam
1649 775 1761 805 eadem
1778 773 1885 814 potest

1008 811 1166 841 medicina
1184 811 1214 840 in
1233 819 1323 842 tanto
1339 812 1548 846 humanorum
1565 824 1740 855 corporum
1753 839 1760 852 ,
1774 815 1887 854 sexus,

1009 851 1110 882 aetatis
1122 875 1132 889 ,
1148 852 1227 882 aeris
1239 875 1247 888 ,
1264 853 1427 891 ciborum,
1444 864 1587 895 morum,
1603 866 1640 888 ac
1657 857 1807 889 vitiorum
1825 857 1886 889 dis-

1009 893 1140 924 crimine
1155 893 1303 924 omnibus
1326 895 1472 933 prodess’e
1488 899 1618 930 morbis.
1664 898 1824 930 Praetereo
1842 900 1886 930 le-

1007 944 1062 975 ges
1080 942 1157 973 quas
1174 933 1283 964 Moses
1301 933 1371 966 fixit
1388 937 1427 967 de
1443 938 1593 978 jubilaeo,
1617 941 1656 971 de
1672 940 1818 975 foenore,
1844 941 1884 972 de

1008 976 1112 1016 poenis
1136 973 1213 1005 furti
1238 983 1335 1014 atque
1360 976 1540 1016 injuriarum
1556 1003 1565 1017 ‚
1590 981 1630 1013 de
1651 981 1773 1020 judicio
1795 978 1884 1019 Zeii,

1007 1017 1095 1057 quod
1111 1023 1250 1061 vocant,
1268 1017 1308 1047 de
1323 1016 1510 1051 abstinentia
1527 1031 1543 1051 a
1560 1021 1725 1062 sanguine,
1751 1022 1885 1055 suffoca-

1008 1065 1062 1096 to,
1078 1058 1162 1096 aliis,
1183 1066 1253 1102 quae
1272 1066 1425 1097 nusquam
1442 1061 1660 1094 observantur.
1677 1065 1746 1105 quis
1767 1064 1875 1103 nesci,

1009 1109 1081 1131 eum
1108 1098 1233 1139 singulis
1250 1099 1324 1129 viris
1342 1100 1446 1139 plures
1472 1112 1531 1134 una
1553 1113 1671 1137 uxores
1697 1105 1881 1146 permififfe:

1009 1150 1081 1172 cum
1099 1142 1131 1171 id
1149 1140 1245 1170 hodie
1262 1140 1335 1171 alibi
1353 1143 1478 1182 capite,
1502 1145 1576 1176 alibi
1596 1147 1697 1177 levius
1717 1149 1886 1187 puniatur,

1007 1182 1128 1222 ubique
1143 1183 1227 1221 apud
1235 1181 1432 1215 Christianos
1442 1184 1596 1226 flagitium
1614 1187 1793 1220 habeatur?
1807 1190 1885 1229 quid

1008 1222 1225 1254 adulterium?
1244 1232 1351 1255 nonne
1367 1234 1383 1254 a
1396 1224 1491 1257 Mose
1508 1229 1635 1267 capitali
1651 1229 1799 1268 plefilitur
1817 1230 1887 1270 sup-

1009 1264 1133 1305 plicio?
1151 1264 1392 1304 quodPopulus
1401 1266 1470 1298 fere
1480 1269 1752 1309 mediterraneus,
1769 1273 1887 1311 &prae-

1009 1306 1113 1337 sertim
1132 1307 1176 1336 rei
1195 1305 1316 1337 rusticae
1335 1307 1496 1347 intentus,
1519 1310 1626 1351 passim
1652 1312 1789 1352 conjugii
1810 1322 1888 1344 con-

1009 1348 1175 1378 suetudine
1190 1346 1367 1380 frueretur:
1386 1351 1433 1381 vir
1450 1351 1546 1383 etiam
1564 1355 1645 1392 quot
1659 1354 1758 1384 vellet
1771 1362 1889 1386 uxores

1010 1389 1153 1420 haberet.
1196 1389 1259 1420 Sed
1284 1389 1336 1421 ubi
1355 1399 1440 1422 tanta
1456 1391 1631 1424 nostrarum
1651 1394 1756 1436 legum
1774 1395 1888 1427 severi-

1010 1431 1081 1462 tas?
1106 1430 1231 1470 Populo
1257 1432 1334 1462 mari
1360 1432 1487 1472 vicino,
1510 1436 1786 1477 matrimoniisque
1805 1437 1887 1478 saepe

1010 1473 1039 1503 ἀ
1057 1471 1110 1503 diu
1128 1481 1185 1512 per
1202 1481 1355 1504 terrarum
1372 1474 1484 1506 orbem
1503 1475 1601 1516 longe
1619 1477 1749 1517 lateque
1767 1479 1886 1518 disper-

1009 1513 1054 1546 fis.
1105 1513 1171 1553 jam
1198 1514 1412 1546 divortiorum
1437 1516 1596 1554 licentiam
1620 1527 1728 1556 nonne
1751 1519 1886 1552 extorsit

1008 1554 1095 1587 Mosi
1107 1555 1226 1586 civium
1243 1554 1364 1587 ferocia
1375 1579 1384 1595 ,
1401 1557 1429 1588 ἃ
1444 1559 1565 1589 animus
1582 1559 1620 1590 ad
1632 1560 1826 1593 iracundiam
1842 1568 1888 1601 at-

1008 1606 1072 1637 que
1088 1597 1243 1629 ultionem
1256 1599 1426 1639 praeceps?
1442 1605 1515 1631 cum
1527 1599 1640 1631 nostris
1657 1602 1799 1633 moribus
1818 1612 1888 1635 non

1009 1639 1148 1670 habeant
1165 1638 1270 1670 usum:
1294 1638 1348 1671 nifi
1368 1641 1525 1673 adulterio
1542 1643 1703 1683 polluatur
1722 1645 1888 1676 matrimo-

1008 1681 1116 1720 nium,
1134 1689 1188 1711 aut
1206 1689 1328 1721 procax
1345 1690 1382 1712 ac
1397 1683 1542 1722 petulans
1560 1682 1698 1716 desertio
1715 1685 1780 1725 ejus
1797 1686 1885 1718 usum

1009 1722 1038 1753 ἀ
1057 1722 1153 1754 finem
1173 1721 1308 1755 auferat.
1354 1724 1446 1756 Plura
1462 1735 1527 1756 non
1547 1723 1648 1763 addo,
1674 1726 1741 1758 AA.
1767 1728 1886 1760 intelli-

1008 1764 1082 1804 gitis
1105 1764 1209 1803 enirn,
1233 1764 1337 1805 legum
1361 1768 1620 1807 opportunitates
1638 1777 1675 1798 ac
1692 1778 1802 1807 poenas
1820 1779 1887 1802 non

1009 1814 1135 1843 natura,
1163 1805 1364 1846 sed'publica
1381 1808 1534 1847 utilitate,
1559 1808 1724 1849 distingui:
1748 1820 1809 1842 nec
1827 1811 1887 1843 uti-

1009 1856 1071 1886 que
1097 1856 1165 1886 quae
1186 1846 1335 1879 Hebraeis
1359 1850 1453 1879 utile<
1475 1849 1585 1889 fuere,
1610 1850 1723 1883 nostris
1742 1852 1885 1884 moribus

1009 1889 1196 1919 convenire.
1222 1889 1328 1930 Magis
1347 1889 1671 1930 exspcfitatissvobis
1690 1893 1884 1926 demonstra-

1010 1930 1054 1966 ri,
1078 1939 1134 1960 cur
1160 1940 1286 1969 poenam
1315 1932 1505 1963 idololatriae
1523 1942 1616 1973 quam
1632 1936 1714 1973 apud
1732 1936 1811 1966 alios
1829 1945 1885 1976 po·-

1010 1971 1102 2012 pulos
1120 1972 1322 2013 abrinjustitia
1339 1983 1402 2004 non
1425 1974 1543 2011 libero,
1571 1984 1607 2005 ea
1624 1976 1706 2014 apud
1725 1975 1883 2008 Hebraeos

1009 2011 1177 2044 absolvam.
1207 2015 1242 2044 ‘id
1267 2015 1350 2046 enim
1377 2024 1441 2053 quo
1464 2015 1586 2055 plenius
1605 2017 1729 2048 vincam
1748 2017 1883 2057 objectae

1010 2055 1073 2086 vim
1102 2054 1297 2086 difficultatis
1316 2080 1324 2093 ,
1347 2056 1452 2087 adhuc
1473 2057 1753 2090 demonstrandum
1776 2059 1882 2092 restat.

1010 2095 1098 2137 Quid
1122 2105 1227 2127 autem
1255 2096 1405 2129 facilius?
1429 2098 1698 2139 intelligentibus,
1723 2109 1788 2132 non
1812 2111 1883 2133 eam

1009 2147 1080 2177 quae
1106 2138 1136 2168 in
1159 2136 1314 2169 Haebraeis
1339 2137 1425 2176 fuit,
1456 2139 1590 2171 aliorum
1615 2140 1772 2173 rationem
1799 2142 1881 2174 esse:

1010 2179 1082 2219 quia
1107 2188 1177 2218 quae
1203 2178 1355 2211 Hebraici
1380 2178 1484 2212 forma
1501 2181 1625 2221 imperii
1649 2181 1728 2221 fuit,
1747 2183 1882 2215 aliorum

1009 2230 1073 2251 non
1091 2220 1146 2250 eii.
1194 2220 1242 2251 An
1262 2220 1307 2252 est
1325 2228 1411 2252 tanta
1428 2222 1559 2261 alicujus
1577 2223 1761 2263 reipublicae
1778 2224 1883 2257 fortu-

1008 2270 1046 2291 na
1065 2284 1074 2299 ,
1099 2269 1133 2291 ut
1159 2261 1341 2301 Principem
1367 2262 1483 2294 habeat
1506 2262 1646 2297 Deum?
1682 2265 1883 2306 agnoscimus

1008 2311 1079 2334 eum
1097 2302 1184 2333 orbis
1201 2304 1385 2343 dominum,
1403 2304 1433 2336 ἃ
1452 2305 1592 2337 humano
1607 2310 1715 2347 generi
1729 2306 1884 2340 societate

1008 2343 1140 2374 rationis
1157 2344 1322 2384 imperare.
1341 2345 1392 2378 sed
1410 2346 1459 2377 cui
1478 2346 1606 2386 scriptas
1623 2348 1709 2389 leges
1725 2358 1761 2379 ac
1778 2350 1883 2382 civilia

1006 2385 1072 2424 jura
1089 2393 1205 2424 ponat,
1229 2386 1399 2418 constituta
1418 2388 1510 2428 pacto
1526 2389 1676 2425 civitate,
1702 2399 1799 2429 quem
1823 2400 1881 2432 po·

1009 2425 1116 2466 pulum
1144 2426 1324 2468 indigites?
1348 2427 1410 2459 fuit
1435 2437 1541 2460 tamen
1568 2429 1636 2460 haec
1660 2429 1881 2464 Haebraeorum

1006 2467 1126 2507 gloria,
1151 2476 1185 2499 ut
1208 2478 1265 2500 eos
1292 2467 1381 2502 Deus
1400 2469 1453 2501 suo
1475 2470 1600 2502 foedere
1623 2479 1719 2512 atque
1744 2474 1881 2513 imperio

1007 2508 1208 2548 dignaretur':
1232 2510 1306 2542 dum
1323 2511 1352 2542 ei
1371 2510 1467 2543 fidem
1486 2511 1646 2544 servarent
1660 2514 1736 2553 juris
1756 2516 1882 2556 religio-

1007 2550 1118 2588 nisque
1136 2549 1258 2583 forma:
1283 2551 1314 2583 in
1338 2561 1451 2592 quam,
1475 2553 1650 2592 interprete
1666 2554 1781 2595 Mose,
1804 2566 1882 2589 con-

1006 2589 1172 2623 senserant.
1196 2592 1261 2627 hoc
1271 2601 1333 2624 tam
1350 2593 1457 2635 infigni
1471 2595 1590 2635 publici
1603 2596 1679 2635 juris
1691 2599 1796 2638 capite
1806 2608 1883 2631 con-

1007 2632 1167 2665 tinebatur
1177 2634 1356 2666 communis
1366 2636 1508 2667 omniurn
1525 2635 1590 2677 spes
1600 2645 1696 2678 atque
1714 2638 1800 2672 salus.
1818 2641 1881 2672 hoc

1007 2674 1159 2714 vivebat,
1183 2674 1248 2707 hoc
1265 2676 1390 2707 valebat
1407 2678 1555 2717 populus.
1588 2678 1652 2710 hoc
1674 2681 1817 2721 quisquis
1834 2683 1881 2713 in·

1007 2716 1077 2746 vito
1098 2718 1237 2751 mutar-eli
1254 2715 1349 2755 Deo;
1374 2718 1447 2758 quid
1473 2719 1555 2751 aliud
1577 2721 1711 2761 agebat,
1735 2731 1829 2762 quam
1847 2730 1882 2754 ut

1005 2756 1208 2799 imminueret
1235 2759 1419 2798 reipublicae
1442 2760 1634 2801 majestatem
1653 2763 1670 2794 ⁸?
1693 2765 1766 2794 dum
1795 2764 1880 2803 spiri-

1005 2805 1073 2833 tum
1092 2799 1236 2837 imperii,
1259 2808 1324 2840 quo
1343 2800 1546 2840 cohaerebat,
1568 2804 1598 2835 δι
1617 2805 1785 2844 regebatur
1803 2805 1879 2834 civi·

1008 2839 1037 2870 le
1055 2848 1190 2879 corpus,
1213 2840 1312 2873 sciens
1331 2842 1407 2874 dolo
1432 2843 1516 2875 malo
1536 2844 1760 2885 abrumperet3
1785 2844 1878 2884 seque

1007 2880 1076 2926 alii,
1095 2889 1188 2920 quarn
1206 2883 1258 2921 qui
1276 2883 1398 2924 legibus
1412 2884 1565 2926 Princeps
1583 2894 1668 2925 erat,
1680 2895 1762 2917 nova
1775 2885 1878 2925 super-

1008 2920 1138 2952 stitione
1157 2922 1330 2963 subjiceret.

1048 2963 1203 3002 Audistis,
1226 2965 1251 2995 A
1267 2966 1309 3005 A,
1333 2975 1406 2999 cum
1424 2966 1593 3000 Hebraicae
1614 2967 1754 2998 indolem
1772 2967 1877 3007 reipu-

1007 3003 1120 3043 blicae,
1144 3012 1209 3037 turn
1233 3008 1354 3040 causam
1380 3017 1441 3048 qua
1467 3008 1594 3040 subnixa
1613 3007 1673 3038 fuit
1691 3008 1742 3038 lex
1759 3007 1798 3038 de
1818 3018 1875 3049 pu-

1006 3045 1122 3078 nienda
1137 3055 1241 3079 morte
1256 3049 1449 3082 idololatria.
1475 3059 1568 3088 quam
1587 3048 1606 3079 fi
1627 3050 1695 3087 quis
1715 3048 1807 3080 nobis
1824 3059 1876 3081 aut

1005 3087 1073 3118 aliis
1087 3096 1175 3128 aptet
1192 3091 1318 3130 populis
1331 3092 1384 3131 qui
1395 3091 1515 3123 diversa
1533 3097 1661 3120 utuntur
1676 3089 1798 3129 imperii
1810 3090 1875 3122 for-

1005 3137 1075 3161 ma:
1090 3138 1198 3162 nonne
1215 3141 1287 3163 eum
1307 3142 1366 3173 pro
1385 3131 1492 3163 insano
1509 3131 1547 3161 ad
1566 3138 1698 3170 agnatos
1714 3133 1878 3165 remitten-

92 3164 184 3204 gibus
200 3165 399 3203 dissimulari,
424 3166 593 3210 aliquando
612 3166 677 3196 vult
694 3167 839 3197 conditio
858 3168 959 3208 reipu-
1002 3170 1074 3201 dum
1098 3170 1180 3211 ess'e,
1204 3174 1331 3213 optimo
1358 3174 1498 3205 dicamus
1519 3171 1612 3211 jure?
1637 3172 1700 3203 Aut
1725 3182 1777 3204 me
1796 3173 1877 3206 fallit

90 3205 202 3246 blicae‚
225 3208 255 3238 ἃ
272 3208 352 3239 ratio
369 3206 472 3239 civilis
497 3207 660 3239 utilitatis:
683 3207 759 3248 quid
783 3209 912 3249 mirum,
936 3208 956 3242 fi
1000 3212 1202 3253 conjectura,
1225 3223 1279 3247 aut
1303 3215 1368 3246 hoc
1394 3213 1495 3245 senior
1511 3213 1735 3246 animadvertit
1759 3214 1877 3248 Valen-

1114 3254 1253 3296 Vvvg
1842 3266 1877 3287 ti-
