2036 3495
83 102 152 147 228

83 189 163 221 aus.
186 193 248 219 nee
265 193 347 226 opus
365 180 495 222 inspici3
509 183 615 210 utrum
631 176 671 207 ab
686 174 780 206 initio
797 173 843 205 rei
860 173 958 204 inliae-

80 230 179 262 serint
196 235 322 269 partes,
345 234 382 256 an
405 222 433 253 ei
451 218 561 260 postea
583 216 781 249 accesserint.
814 213 958 245 omnium

82 271 170 303 enim
193 270 329 302 debetur
353 261 561 296 ususfructus:
586 261 658 300 quia
683 265 817 293 omnes,
838 255 903 287 sive
919 254 958 286 ab

82 312 176 344 initio
202 311 247 342 rei
270 306 381 344 insint,
404 303 469 336 five
492 311 533 333 ex
557 298 717 341 postfacto
743 298 772 329 ei
792 297 959 328 cohaerere

82 352 260 394 coeperint,
277 348 386 386 utique
397 345 441 376 rei
455 343 543 382 cuius
558 340 752 373 ususfructus
769 338 834 377 est,
850 338 958 378 appel-

82 394 203 427 latione
219 386 556 429 comprehenduntur:
579 390 615 414 ut
631 382 662 414 in
683 381 759 413 loco
777 379 956 412 reddemus.

124 432 254 466 Interim
279 438 348 470 quae
371 427 507 469 partium
521 449 531 465 ,
555 425 666 456 eadem
679 422 795 462 jurium
811 421 841 453 &
858 421 957 461 quali·

80 483 198 513 tatum,
225 471 409 503 servitutum
423 492 433 507 ,
456 467 546 499 verbi
567 465 686 507 gratia,
707 463 789 495 ratio
806 461 861 494 est.
884 471 957 494 nam

81 517 104 549 fi
126 525 196 556 quae
219 522 287 545 rem
315 510 519 543 fruttuariam
545 507 743 539 comitentur
766 504 957 544 qualitates,

80 566 187 589 earum
204 563 336 596 quoque
351 551 422 584 usus
440 551 470 583 ἀ
488 549 610 581 ῐτυξὶιιε
625 547 665 579 ad
679 545 885 578 fructuarium
903 554 958 576 ve-

81 600 147 630 nit:
174 598 247 637 quia
265 604 377 627 verum
395 592 460 632 est,
483 600 536 623 eas
552 599 620 622 non
645 587 790 629 personae
814 586 957 625 domini,

81 639 135 671 sed
152 637 275 680 praedio
293 636 449 668 inhaerere
465 633 485 665 l.
506 642 556 665 20.
576 631 605 673 §.
625 630 679 661 ult.
700 628 742 661 D.
760 628 958 668 deservitum·-

79 682 134 760 Jus
151 680 325 721 praedjorum
349 674 540 718 rusticorum,
563 673 583 704 l.
604 674 654 707 86.
678 670 722 703 D.
745 671 779 701 de
806 669 959 701 verborum

94 732 103 753 z
126 725 159 752 ni
182 722 302 753 catione.

103 721 222 805 ἔρξω
241 761 262 794 fi
279 771 348 803 quae
365 769 429 792 non
441 757 627 790 cohaereant
642 755 687 787 rei
697 752 894 792 fru&uariae‚
905 751 959 784 sed

81 812 191 846 parata
207 803 266 836 sint
284 804 350 844 ejus
366 799 475 839 causa,
493 798 558 831 five
574 797 711 829 reditum
730 794 874 832 auctura,
894 792 959 825 five

82 856 149 879 non
162 855 234 878 eum
250 844 356 876 futura
374 843 405 874 in
421 840 519 873 finem
531 863 540 878 ‚
551 839 605 871 sed
621 845 657 869 ut
675 846 741 869 rem
756 834 959 868 fructuariam

80 888 195 930 iuvent
210 894 264 919 aut
282 892 448 917 tueantur:
473 892 510 914 ea
526 890 590 912 non
609 878 681 911 sunt
696 879 740 910 rei
757 884 882 916 parteS,
907 876 960 908 sed

83 929 292 961 instrumenta
310 927 374 959 fine
391 925 507 966 quibus
526 921 647 954 fructus
664 929 730 952 non
746 917 844 951 facile
860 918 898 949 ad
913 918 959 950 rei

82 971 307 1003 conditionem
331 967 563 1009 percipiuntur.
595 963 647 996 illa
672 962 767 1003 igitur
792 958 880 990 causa
904 969 958 991 eo-

83 1021 154 1045 rum
179 1019 309 1053 quoque
333 1007 526 1041 ususfruttus
543 1029 553 1045 ,
576 1003 598 1036 fi
621 1012 686 1035 non
709 1008 859 1042 appareat
884 1010 960 1032 con-

81 1054 175 1085 traria
200 1051 359 1084 testatoris
383 1049 554 1086 voluntas,
575 1044 739 1077 fructuarii
755 1042 800 1074 est
821 1042 840 1073 t.
861 1052 906 1082 15.
928 1042 959 1083 §-

80 1099 111 1127 6.
130 1095 172 1127 D.
189 1095 224 1126 de
246 1091 421 1135 usufruftu:
446 1091 525 1123 licet
541 1087 626 1120 aliud
642 1087 673 1118 in
691 1084 889 1127 proprietate
907 1092 960 1114 cu-

78 1137 128 1177 jus
151 1135 294 1168 infinitus
318 1133 471 1175 legatario
495 1129 616 1162 fructus
641 1126 706 1167 est,
729 1124 917 1159 observetur
937 1124 959 1158 l.

82 1177 140 1210 ult.
164 1177 207 1209 D.
227 1174 443 1218 desupelleftile
459 1173 566 1214 legata.

126 1219 190 1251 Sed
212 1219 331 1259 liquet,
354 1217 393 1248 ad
411 1213 617 1247 fructuarium
636 1210 798 1253 pertinere
822 1208 960 1250 qualem-

80 1269 221 1302 cumque
243 1259 288 1291 rei
311 1257 490 1290 fructuariae
506 1254 695 1286 utilitatemr
721 1250 849 1283 fruendi
866 1258 959 1281 voca·

80 1302 161 1334 bulo
177 1310 275 1333 omne
298 1299 420 1332 fructus
439 1305 558 1339 genus,
581 1295 645 1327 five
670 1302 802 1326 omnem
816 1291 912 1323 animi
929 1291 959 1322 ὅτ.

81 1343 229 1384 corporis
251 1340 538 1377 commoditatem,
560 1337 796 1374 utilitatemque
815 1332 958 1373 comple-

83 1385 201 1417 &ente
229 1381 304 1416 Nec
321 1390 428 1414 tamen
445 1381 510 1412 hoc
525 1378 589 1411 fine
605 1377 829 1409 moderatione
845 1373 958 1405 admit-

83 1426 228 1458 tendum.
262 1433 328 1456 non
353 1424 439 1454 enim
463 1422 537 1453 alias
561 1419 711 1456 obtinet3
732 1425 825 1456 quam
851 1414 870 1446 fi
893 1412 958 1445 fru-

83 1467 219 1500 &uarius
234 1465 354 1498 fructus
370 1464 447 1496 boni
466 1462 524 1493 viri
543 1460 697 1491 arbitratu
714 1456 880 1498 percipiat.
904 1455 958 1486 ha-

81 1509 139 1541 bet
163 1509 249 1540 enim
274 1507 304 1537 in
326 1515 360 1537 re
377 1505 478 1535 aliena
494 1501 651 1538 frustum,
675 1507 742 1530 non
758 1498 894 1529 liberum
911 1503 956 1527 at-

83 1559 147 1591 que
162 1547 342 1585 infinitum,
365 1545 419 1586 qui
441 1542 563 1575 fruetus
580 1540 724 1574 dominio
743 1537 796 1570 seu
814 1538 958 1579 proprie-

83 1592 147 1629 tati
156 1589 315 1621 cohaeret:
339 1586 393 1618 sed
410 1582 657 1621 usumfruCtum,
680 1581 712 1613 id
729 1580 793 1619 est,
817 1578 958 1611 fruetum

82 1632 155 1671 cui,
172 1639 204 1662 ut
221 1629 310 1669 supra
327 1629 414 1666 dixi,
432 1624 502 1658 usus
518 1623 598 1657 inest
614 1622 743 1655 fruendi
759 1619 859 1653 causa.
883 1629 920 1652 ea
936 1620 960 1651 i-

106 1675 168 1705 itur
184 1672 283 1714 gratia
298 1676 431 1710 oportet
452 1666 657 1699 fructuarium
674 1673 740 1696 non
757 1662 859 1695 solum
875 1661 958 1701 frui,

96 1716 136 1746 'ed
153 1715 197 1745 uti
215 1721 363 1753 quoque:
387 1711 419 1741 id
437 1709 501 1747 est,
523 1716 592 1740 rem
607 1705 813 1738 fructuariam
829 1712 958 1735 exerce-

82 1767 117 1790 re
140 1756 178 1787 ad
201 1754 332 1787 modurn
352 1775 363 1790 ,
393 1750 458 1784 five
483 1749 616 1782 arbitrio
642 1748 721 1779 boni
746 1746 831 1778 viri:
854 1744 958 1783 soliti,

82 1804 235 1838 quantum
261 1796 292 1826 in
309 1794 376 1834 ipso
391 1792 454 1829 est,
478 1800 589 1833 agere;
613 1796 648 1821 ut
664 1787 747 1820 saiva
765 1786 801 1819 fit
821 1787 867 1818 rei
887 1785 956 1817 sub-

82 1840 193 1872 stantia
209 1836 433 1876 conditioque.
451 1840 604 1865 caeterum
618 1853 628 1869 ‚
650 1829 672 1862 fi
688 1838 758 1861 eam
773 1837 839 1860 non
851 1827 956 1859 dicam

84 1879 269 1917 consumat,
293 1877 344 1909 sed
370 1883 492 1914 mutet,
516 1878 765 1912 corrumpatve‚
795 1870 868 1910 quia
885 1878 955 1902 eam

84 1931 150 1955 non
174 1926 306 1952 exercet
330 1919 369 1951 ad
395 1918 462 1958 ejus
491 1915 716 1948 conditionem
739 1921 777 1943 ac
802 1910 958 1950 modum,

83 1965 185 2004 magis
200 1961 288 1993 abuti
315 1970 352 1992 ea
374 1960 519 1997 videtur3
542 1957 572 1989 ἀ
598 1956 671 1987 ideo
687 1963 728 1986 ne
743 1953 790 1984 uti
805 1951 867 1984 frui
893 1952 959 1992 qui-

85 2006 179 2043 dem,
203 2003 257 2035 ubi
276 2011 340 2033 non
362 2001 481 2039 utitur,
505 1999 568 2031 dici
583 1995 699 2038 potest.
730 1994 827 2032 Esto,
851 1993 873 2026 fi
891 2003 958 2026 rem

85 2045 291 2078 fructuariam
314 2042 412 2075 faciat
433 2040 652 2073 deteriorem:
676 2044 848 2076 numquam
873 2037 959 2067 enim

87 2088 153 2119 hoc
177 2085 350 2118 fructuario
373 2084 530 2125 permittit
553 2081 636 2112 ratio
660 2077 853 2111 ususfructus
869 2077 900 2108 in
923 2085 959 2108 re

85 2129 187 2161 aliena
206 2126 370 2159 constituti
394 2124 475 2156 salva
490 2121 669 2155 substantia.
702 2119 756 2151 sed
779 2126 874 2159 puta,
897 2127 960 2150 me-

86 2171 204 2203 liorem
221 2168 338 2200 facere.
369 2167 412 2199 nil
429 2173 540 2198 muto:
563 2164 583 2196 si
601 2164 750 2194 abutatur
766 2170 801 2192 re
819 2158 959 2191 fructua-

87 2212 153 2244 ria:
176 2211 209 2242 id
226 2208 290 2247 est,
314 2208 333 2240 si
350 2218 386 2239 ea
401 2217 465 2239 non
481 2209 520 2238 ad
539 2204 659 2237 domini
675 2202 806 2235 modum
818 2224 828 2240 ,
850 2203 960 2243 reique

87 2252 314 2284 conditionem
330 2256 437 2281 utatur
454 2248 514 2286 l.7.
532 2246 561 2288 §.
574 2246 629 2277 ult.
650 2244 686 2280 ὅ)
701 2245 719 2276 l.
738 2248 768 2278 8.
788 2242 830 2275 D.
845 2244 879 2275 de
895 2243 961 2283 usu-

80 2293 202 2336 fruftu.
247 2291 345 2333 Atqui
370 2291 446 2323 licet
472 2287 645 2320 fructuario
668 2285 835 2318 meliorem
852 2283 962 2316 facere

85 2334 320 2376 proprietatem
337 2332 356 2363 l.
371 2341 418 2373 13.
435 2330 505 2372 §.4.
523 2328 565 2360 D.
583 2329 641 2360 eod.
653 2330 699 2359 tit.
724 2325 833 2358 Nemo
848 2333 960 2368 negat:

85 2377 109 2409 fi
134 2376 236 2407 servet
262 2374 394 2406 modum
421 2371 563 2410 domini,
587 2370 617 2401 δι
642 2369 708 2409 eius
730 2368 900 2399 voluntate
914 2367 961 2408 J‘us

86 2418 175 2450 suum
203 2416 370 2448 metiatur:
394 2423 458 2446 non
475 2436 485 2452 ,
508 2411 531 2444 fi
557 2412 689 2453 propi-io
713 2416 785 2450 agat
808 2409 960 2447 arbitrio,

87 2458 235 2500 neglecta
250 2455 451 2498 proprietarii
468 2454 658 2486 reverentia.
680 2450 822 2483 ficcine‘?
837 2451 914 2489 quid
928 2459 962 2481 tu

84 2509 186 2532 vocas
204 2499 316 2531 melius
336 2505 389 2529 aut
406 2495 572 2528 deterius?
597 2503 662 2525 non
687 2493 771 2524 enim
788 2492 819 2523 id
839 2491 962 2533 semper

87 2549 200 2574 natura
218 2547 271 2571 aut
288 2539 412 2577 reditu,
434 2537 625 2578 plerumque
644 2533 895 2574 utentisjudicio
915 2533 961 2565 di-

85 2581 256 2623 stinguitur
271 2589 330 2620 pro
348 2581 501 2619 qu'usque
515 2578 628 2618 copia,
653 2575 781 2616 inopia,
805 2575 960 2615 parcimo-

85 2625 158 2662 nia,
183 2621 325 2659 luxuria,
349 2621 524 2660 dignitate,
548 2619 691 2655 vilitate,
715 2617 847 2656 aliisque
864 2615 961 2648 causis

89 2674 167 2707 quas
183 2671 236 2695 aut
253 2662 411 2699 fortunae,
430 2669 483 2692 aut
500 2660 718 2702 ingeniorum,
734 2665 788 2689 aut
798 2657 893 2689 seculi
909 2667 961 2689 va-

86 2709 184 2740 rietas
197 2705 227 2737 δι
242 2703 404 2742 disciplina
419 2701 536 2742 probet
550 2709 603 2733 aut
620 2700 762 2742 castiget.
787 2700 869 2731 adeo
886 2698 962 2740 quid

87 2747 235 2790 praestet,
254 2743 299 2776 est
315 2743 444 2775 difficile
461 2743 557 2774 dictu.
581 2743 731 2782 quotiens
743 2741 828 2773 enim
848 2740 904 2779 fit,
927 2747 963 2771 ut

89 2788 179 2832 quod
197 2787 249 2819 uni
266 2785 379 2818 melius
396 2783 461 2822 est,
480 2784 569 2815 alteri
587 2783 727 2815 deterius
745 2783 909 2820 videatur;
933 2781 964 2813 δι

89 2830 179 2873 quod
198 2829 273 2860 huic
287 2826 366 2858 utile
380 2824 444 2862 est,
465 2824 508 2856 illi
521 2825 633 2856 inutile
648 2832 702 2856 aut
716 2824 813 2855 etiam
830 2824 965 2855 noxium

87 2871 296 2911 intelligatur.
320 2866 555 2911 Quintilianus,
577 2865 625 2896 lib.
642 2875 671 2906 3.
689 2863 762 2905 Inst.
782 2865 868 2896 Orat.
888 2874 912 2896 c.
930 2874 960 2905 7.

85 2921 157 2957 pag.
179 2921 249 2952 271.
280 2908 463 2950 frugalitas,
486 2906 610 2947 inquit,
634 2907 713 2946 apud
731 2906 884 2946 Sybaritas
900 2907 963 2937 odio

84 2957 183 2998 soret,
209 2952 355 2984 veteribus
377 2949 515 2981 Romanis
527 2947 678 2987 flammam
699 2947 821 2979 luxuria
841 2948 961 2979 crimen.

90 2996 180 3030 Absit
195 2995 308 3035 igitur,
332 2998 366 3024 ut
384 2989 504 3022 domini
520 2987 636 3020 utilitas
655 2989 792 3027 pendeat
817 2998 834 3020 a
859 2988 962 3020 libidi-

93 3048 136 3071 ne
158 3034 329 3068 fructuarii.
360 3041 418 3064 cur
440 3031 524 3062 enim
539 3028 577 3061 sit
599 3029 665 3067 ejus
684 3028 782 3059 libera
797 3029 964 3062 &infinita

92 3077 254 3119 dispositio
280 3076 321 3107 de
345 3084 381 3105 re
405 3073 525 3110 aliena,
548 3070 652 3103 invito
677 3070 823 3101 domino:
849 3071 903 3109 qui
932 3071 964 3103 ei

91 3120 173 3153 nihil
200 3125 313 3158 praeter
336 3113 585 3151 usumfructum,
608 3111 640 3142 id
664 3109 729 3148 est,
758 3110 801 3141 nil
820 3110 876 3141 nifi
899 3111 964 3142 fru-

91 3162 178 3193 Ctum
203 3158 258 3189 usu
282 3157 419 3189 mixtum
443 3162 540 3196 atque
561 3158 807 3192 attemperatum
822 3151 965 3190 denique

92 3203 133 3236 ad
148 3202 236 3236 suum
247 3221 259 3239 ‚
269 3208 336 3233 non
349 3198 391 3232 ad
407 3198 474 3238 ejus
489 3196 621 3231 modum
635 3192 763 3227 indulsit
773 3191 791 3225 ⁴?
805 3190 847 3224 fic
862 3192 966 3233 palam

696 87 1005 122 Canai-»nr
1054 79 1286 118 Nonni-

1000 169 1152 203 Neratius
1161 171 1181 204 l.
1191 179 1241 211 44.
1251 170 1293 202 D.
1311 171 1344 202 de
1360 168 1528 210 usufruftu.
1544 175 1606 200 nec
1622 168 1668 202 est
1682 170 1760 203 alius
1774 171 1877 207 sensus

1000 210 1121 260 Nervae
1131 215 1215 253 apud
1226 211 1398 252 Ulpianum
1411 213 1439 243 d.
1451 211 1471 243 l.
1484 219 1529 253 13.
1540 209 1609 252 §.7.
1634 212 1770 244 dicentis
1780 215 1876 253 ,Eum

1000 263 1050 284 cuz
1065 255 1171 286 cedrum
1186 253 1374 295 ususfruttus
1389 253 1503 294 legatus
1512 251 1574 291 fit,
1597 252 1689 285 altius
1709 253 1804 286 tollere
1817 265 1876 288 nnn

995 294 1091 342 paffe,
1113 296 1248 337 quamvis
1265 295 1379 327 lumina
1394 304 1451 326 non
1477 294 1661 334 obscurentur
1682 296 1754 337 quia
1769 295 1877 329 tectum

1000 346 1097 383 magt-5,
1123 338 1266 369 turbatur.
1312 336 1411 378 Igitur
1436 336 1491 377 qui
1512 334 1685 368 fructuario
1701 346 1741 368 ex
1758 346 1792 369 re
1809 336 1877 369 fru-

1001 378 1117 424 stuaria
1134 379 1269 410 debetur
1283 377 1425 417 fructus,
1450 385 1516 408 non
1533 375 1579 408 est
1598 376 1695 417 alius,
1712 387 1808 419 quam
1822 378 1877 420 qui

1000 418 1076 467 usu,
1099 419 1131 451 id
1147 419 1212 458 est,
1236 420 1314 451 boni
1331 420 1389 450 viri
1402 418 1576 457 arbitratu,
1599 417 1665 451 five
1681 419 1720 451 ad
1736 421 1779 452 rei
1800 429 1877 452 con-

1000 461 1158 492 ditionem
1179 461 1219 492 ab
1234 470 1276 492 eo
1292 460 1498 502 percipiatur.
1542 458 1599 492 Est
1620 469 1699 492 vero
1720 459 1876 503 Ulpianus

999 502 1110 550 auctor
1132 502 1152 533 l.
1176 511 1207 548 9.
1232 501 1274 534 D.
1297 503 1330 533 de
1353 500 1513 542 usufruftu
1529 524 1540 540 ,
1572 500 1699 534 Celsum
1718 502 1874 544 scribere,

1000 551 1096 591 etiam
1112 552 1186 584 cogi
1202 552 1276 575 eum
1291 542 1380 584 poss'e
1396 542 1483 574 refte
1500 542 1621 575 colere.
1644 543 1733 584 quod
1749 552 1784 576 ut
1797 543 1875 584 fiat,

999 585 1073 633 alibi
1090 583 1328 616 demonstrabo.
1359 583 1493 616 Interim
1511 593 1578 616 non
1596 586 1763 625 omittam,
1788 587 1877 627 quod

1000 627 1092 674 idem·
1106 625 1262 673 Ulpianus
1277 625 1297 656 l.
1321 634 1368 665 15.
1395 624 1425 667 §.
1441 628 1472 656 6.
1491 624 1533 658 D.
1550 627 1609 658 eod.
1635 629 1680 659 tit.
1699 629 1878 668 proprieta-

1001 675 1061 707 tis,
1084 675 1208 716 inquit,
1231 667 1378 699 dominus
1393 676 1458 698 non
1476 667 1608 699 debebit
1632 668 1789 710 impedire
1811 668 1877 701 fru—

1002 709 1155 757 §tuarium
1173 717 1216 755 ita
1233 715 1398 747 utentem,
1413 716 1454 740 ne
1470 708 1666 743 deteriorem
1682 711 1748 751 ejus
1764 711 1877 744 condi-

1002 759 1126 783 tionem
1143 749 1255 782 faeiat.-

1029 792 1117 840 essgo
1134 792 1247 824 addam
1263 801 1272 828 ;
1296 790 1386 832 quod
1411 799 1484 823 cum
1501 789 1566 823 hoc
1583 792 1649 834 agit
1666 785 1876 832 frutkuarius,

1003 835 1049 867 nil
1066 833 1185 873 refert,
1208 841 1314 864 utrum
1331 831 1385 864 usu
1401 839 1522 863 teratur
1538 833 1745 875 deteriorque
1761 834 1817 866 fiat
1828 845 1878 868 res

1003 876 1198 914 fructuaria,
1228 883 1268 906 an
1296 882 1362 906 non
1386 871 1451 905 fiat.
1483 881 1555 905 nam
1582 875 1730 907 dominus
1753 875 1878 908 faciens

1003 917 1179 949 fruetuario
1196 916 1325 957 copiam
1343 915 1453 946 utendi
1470 914 1598 947 fruendi
1616 925 1650 947 re
1668 914 1738 956 sua,
1761 918 1879 958 procul

1004 960 1103 991 dubio
1118 958 1198 990 facit
1214 958 1243 989 ei
1259 958 1304 989 rei
1320 956 1462 988 tereiidae
1487 955 1698 997 potestatem:
1721 967 1795 990 cum
1819 959 1879 991 im·

1002 1000 1149 1042 poffibile
1167 998 1224 1038 fit,
1245 1006 1282 1030 ut
1299 997 1387 1030 usum
1415 997 1554 1038 accipiat
1571 1008 1622 1030 res
1645 1000 1801 1032 attritioni
1820 999 1880 1032 ob·

1003 1042 1121 1081 noxia,
1142 1041 1238 1073 &usu
1253 1049 1320 1072 non
1339 1046 1469 1070 teratur.
1492 1039 1621 1080 quarefi
1637 1049 1704 1073 rem
1723 1042 1798 1074 terit
1809 1041 1878 1073 fru-

1004 1084 1160 1123 ctuarius,
1184 1081 1306 1114 domini
1332 1080 1523 1120 voluntate,
1546 1081 1578 1113 id
1595 1079 1659 1120 est,
1680 1082 1749 1123 jure
1772 1091 1878 1115 terere

1002 1125 1147 1157 videtur:
1170 1123 1349 1164 sufficitque
1374 1122 1423 1161 ei,
1447 1122 1597 1163 quamdiu
1620 1123 1712 1155 durat
1740 1123 1879 1157 ususfru-

1004 1166 1072 1199 ctus
1085 1189 1094 1207 ,
1120 1166 1197 1197 boni
1216 1166 1274 1197 viri
1290 1164 1443 1196 arbitratu
1459 1163 1506 1195 uti
1523 1162 1607 1203 frui;
1630 1164 1659 1196 ἀ
1675 1174 1749 1198 cum
1766 1165 1878 1198 finitus

1003 1209 1064 1240 erit
1079 1206 1293 1244 ususfructus,
1318 1203 1485 1237 restituere
1508 1205 1597 1245 quod
1619 1215 1660 1238 ex
1681 1216 1716 1238 re
1736 1206 1878 1241 fructua-

1002 1250 1047 1281 ria
1062 1248 1210 1280 exstabit.
1248 1245 1411 1286 Exemplo
1430 1244 1466 1277 fit
1484 1245 1549 1277 hoc
1567 1244 1695 1287 Ulpiani
1710 1248 1729 1280 l.
1745 1257 1775 1286 9.
1794 1249 1824 1291 §.
1843 1259 1876 1290 3.

1003 1290 1046 1322 D.
1068 1288 1320 1330 Usafruftuarius
1334 1288 1569 1328 quemadmodum
1590 1294 1701 1320 caveat.
1741 1290 1775 1322 Si
1788 1289 1877 1332 vestis·

1002 1331 1188 1371 ususfructus
1211 1329 1323 1371 legatus
1333 1327 1395 1367 fit,
1408 1326 1527 1369 scripsit
1551 1328 1626 1360 Pom
1648 1331 1751 1371 onius,
1774 1341 1877 1374 quam-

1001 1382 1090 1414 quam
1105 1372 1182 1403 heres
1192 1369 1355 1411 stipulatus
1367 1368 1426 1408 fit,
1441 1367 1535 1401 finito
1553 1369 1606 1402 usu
1625 1371 1733 1411 ruCtu,
1752 1373 1875 1408 vestem

1002 1414 1116 1452 reddi,
1140 1418 1270 1444 attamen
1288 1421 1345 1442 non
1363 1411 1485 1450 obligari
1495 1410 1705 1452 promzjfflirem‚
1716 1412 1746 1451 fi
1759 1423 1820 1446 eam
1829 1414 1875 1454 fi-

1001 1464 1036 1486 ne
1052 1455 1112 1486 dolo
1130 1453 1203 1485 malo
1215 1453 1357 1485 attritam
1377 1453 1541 1483 reddiderit.
1586 1451 1742 1493 Ulpianus
1758 1454 1874 1497 fignifi-

1000 1504 1072 1534 cat,
1087 1505 1104 1527 a
1122 1494 1317 1532 fructuario,
1329 1493 1437 1534 legato
1453 1492 1482 1523 ei
1499 1492 1591 1526 vestis
1602 1494 1782 1536 usufructu,
1798 1506 1879 1538 prae·

999 1537 1071 1569 stari
1095 1536 1279 1568 cautionem
1297 1535 1365 1566 veri
1388 1532 1603 1574 ususfructus,
1625 1535 1711 1576 cujus
1735 1537 1878 1572 formula

1001 1578 1047 1610 est
1066 1602 1075 1617 ‚
1106 1578 1195 1624 reddi
1220 1576 1308 1617 quod
1331 1575 1405 1621 inde
1434 1574 1579 1609 exstabit.
1612 1586 1649 1609 ea
1670 1578 1854 1620 interposita

1000 1619 1226 1657 frustuarium,
1247 1616 1269 1649 fi
1286 1616 1380 1649 finito
1401 1615 1582 1657 usufructu,
1605 1618 1738 1652 domino
1753 1603 1876 1655 vesteni

1000 1662 1114 1694 reddat
1138 1660 1280 1692 attritam
1301 1658 1380 1690 dolo
1403 1658 1507 1698 ma103
1530 1659 1559 1691 ei
1575 1661 1676 1692 teneri
1692 1670 1733 1693 ex
1749 1661 1874 1704 stipula-

1003 1711 1055 1736 tu:
1071 1702 1114 1735 fin
1124 1702 1203 1734 boni
1220 1701 1280 1732 viri
1296 1700 1469 1739 arbitratu3
1484 1709 1549 1732 nori
1568 1701 1678 1734 teneri.
1695 1709 1792 1745 atque
1807 1704 1875 1737 hoc

1001 1744 1063 1776 ess'e
1074 1745 1157 1776 adeo
1173 1742 1375 1783 exploratum
1392 1742 1425 1774 in
1442 1740 1503 1773 hac
1519 1741 1773 1782 formula,reddi
1786 1746 1877 1787 quod

1000 1786 1076 1818 inde
1094 1784 1250 1831 exstabit:
1276 1790 1310 1816 ut
1325 1783 1357 1815 in
1373 1783 1442 1823 illa,
1464 1782 1585 1816 vestem
1601 1785 1709 1825 reddi,
1723 1786 1808 1819 idem
1824 1788 1876 1828 jus

998 1827 1045 1860 sit.
1064 1826 1127 1859 ess'e
1144 1835 1230 1858 emm
1247 1825 1386 1857 animum
1404 1823 1524 1857 vestem
1538 1826 1689 1859 utendam
1703 1826 1876 1862 fruendam

1000 1870 1121 1902 dantis:
1140 1875 1175 1900 ut
1190 1866 1382 1899 fruCtuarius
1398 1875 1468 1899 eam
1485 1865 1564 1899 boni
1582 1867 1640 1900 viri
1658 1867 1809 1902 arbitratu
1826 1878 1874 1902 te·

1000 1917 1056 1957 rat.
1081 1911 1202 1956 absque
1214 1908 1298 1955 enim
1315 1909 1379 1940 hoc
1390 1907 1486 1947 ess'et3
1498 1917 1558 1940 nec
1572 1909 1621 1949 J'us
1638 1910 1749 1942 utendi
1765 1910 1876 1944 fruen-

1001 1953 1032 1983 di
1048 1951 1121 1984 fore
1141 1960 1170 1984 ei
1185 1959 1239 1997 cui
1256 1950 1370 1982 voluit.
1393 1950 1531 1990 proinde
1547 1951 1601 1991 qui
1618 1950 1799 1993 stipulatur,
1818 1963 1876 1985 ve-

1002 1993 1081 2026 stem
1102 1992 1220 2031 reddi,
1251 1990 1344 2024 finito
1369 1990 1530 2023 usufructu
1546 2014 1556 2030 ,
1589 1999 1711 2024 tantum
1735 1992 1875 2034 stipulari

1001 2035 1091 2075 quod
1109 2043 1150 2066 ex
1167 2033 1254 2065 veste
1276 2032 1421 2064 exstabit.
1463 2032 1516 2063 Sic
1537 2033 1569 2064 in
1593 2032 1679 2065 veste
1706 2033 1872 2076 Ulpianus.

1002 2075 1109 2108 Etiam
1126 2076 1157 2107 in
1173 2083 1275 2121 nave,
1292 2074 1400 2115 legato
1416 2074 1504 2105 navis
1518 2072 1687 2106 usufructu.
1713 2076 1756 2107 ait
1767 2078 1874 2116 enim,

1003 2116 1093 2158 posse
1110 2123 1293 2157 navigatum
1309 2115 1411 2155 mitti3
1435 2113 1491 2146 etfi
1512 2116 1690 2155 periculum
1706 2117 1872 2149 immineat

1003 2161 1022 2190 l.
1047 2168 1092 2191 12.
1109 2158 1138 2201 §.
1158 2166 1184 2204 .¹·
1202 2157 1244 2203 D:
1259 2158 1293 2188 de
1308 2155 1483 2197 usufrubtu:
1506 2156 1539 2188 id
1561 2156 1626 2196 est,
1647 2164 1682 2189 ut
1697 2166 1759 2199 ego
1776 2159 1874 2191 inter-

1003 2209 1135 2247 pretor,
1157 2207 1321 2230 imminere
1338 2198 1442 2239 possit.
1468 2197 1635 2238 quomodo
1650 2199 1797 2231 videbitur
1811 2209 1873 2242 pro

1003 2242 1104 2274 videri
1132 2241 1252 2282 poterit
1268 2263 1278 2279 ,
1301 2239 1330 2271 &
1351 2246 1431 2271 nocet
1453 2248 1513 2280 pro
1536 2248 1656 2272 nocere
1678 2242 1818 2281 poterit,
1839 2241 1874 2274 in

1004 2282 1191 2316 Duodecim
1206 2280 1359 2320 Tabulis,
1377 2281 1405 2313 ἃ
1416 2281 1499 2322 apud
1509 2280 1696 2313 Labeonem
1712 2283 1875 2323 accipiun-

1005 2333 1057 2357 tur
1072 2325 1093 2356 l.
1117 2333 1167 2357 21.
1185 2322 1226 2354 D.
1246 2324 1279 2354 de
1292 2321 1379 2361 statu
1394 2322 1500 2354 liberis.
1531 2321 1635 2354 sensus
1660 2318 1788 2364 Ulpiani
1807 2323 1874 2362 est,

1004 2366 1134 2399 Navem
1157 2363 1245 2411 poss'e
1263 2364 1443 2406 navigatum
1467 2363 1552 2396 mitti
1567 2373 1584 2395 a
1600 2359 1793 2405 frueluari03
1816 2365 1873 2398 etsi

1006 2417 1072 2440 non
1089 2407 1153 2440 fine
1174 2406 1320 2448 periculo
1336 2407 1499 2438 mittatur:
1523 2412 1656 2446 propter
1672 2405 1794 2438 incerta
1808 2416 1875 2439 ma-

1005 2451 1067 2489 ris,
1091 2449 1123 2481 in
1147 2457 1213 2489 quo
1235 2447 1340 2479 tiiiieri
1363 2446 1457 2488 poffit
1481 2446 1651 2488 tempestas
1667 2469 1677 2486 ,
1709 2457 1750 2480 ex
1774 2457 1876 2490 eaque

1005 2490 1216 2538 naufragium.
1247 2489 1276 2521 &
1293 2488 1339 2520 est
1355 2497 1429 2520 vera
1450 2486 1578 2529 Ulpiani
1596 2489 1695 2520 ratio:
1721 2490 1810 2530 quod
1825 2499 1880 2522 na·

1004 2542 1052 2564 vis
1069 2532 1108 2563 ad
1125 2533 1190 2562 lioc
1206 2538 1351 2571 paratur,
1367 2537 1402 2561 ut
1417 2530 1557 2571 naviget.
1582 2529 1677 2570 igitur
1692 2529 1712 2562 fi
1729 2540 1813 2563 mare
1830 2531 1877 2563 in-

1003 2574 1146 2621 greditur
1165 2573 1243 2604 boni
1261 2572 1318 2603 viri
1339 2571 1491 2603 arbitrio:
1513 2571 1544 2602 id
1562 2571 1626 2610 est,
1644 2570 1792 2604 instrusta
1807 2573 1876 2604 ido-

1004 2625 1072 2647 neis
1091 2615 1212 2652 nautis,
1236 2620 1333 2653 atque
1350 2619 1537 2653 opportuno
1551 2619 1717 2653 tempore:
1734 2615 1794 2655 (de
1809 2623 1875 2655 quo

1004 2656 1156 2688 adductus
1172 2664 1189 2686 a
1205 2654 1326 2686 Budaeo
1343 2652 1502 2695 Vegetius
1517 2653 1605 2691 lib.4.
1617 2652 1749 2695 Institut.
1768 2656 1810 2687 rei
1823 2657 1878 2687 mi-

1005 2699 1084 2730 litar.
1109 2707 1133 2728 c.
1160 2697 1232 2737 39.)
1254 2696 1284 2727 &
1311 2694 1478 2736 naufragio
1500 2703 1612 2736 pereat
1628 2718 1638 2735 ,
1662 2704 1717 2727 aut
1735 2697 1877 2729 deterior

1004 2739 1078 2772 fiat:
1101 2744 1313 2784 non-tenetur
1328 2735 1529 2769 fructuarius.
1544 2737 1622 2777 quid
1639 2738 1726 2770 enim
1741 2738 1880 2780 impute-

1005 2790 1057 2813 tur
1081 2786 1184 2812 utenti
1212 2788 1311 2816 nave,
1333 2786 1369 2810 ut
1389 2778 1520 2817 debuit,
1544 2777 1677 2811 arbitrio
1695 2779 1772 2812 boni
1791 2779 1878 2813 viri?

1008 2822 1097 2864 quod
1113 2819 1134 2867 fi
1151 2829 1220 2852 eam
1236 2820 1268 2852 in
1284 2829 1371 2852 mare
1393 2818 1476 2851 mifit
1496 2829 1563 2851 non
1586 2828 1774 2861 opportuno
1790 2821 1879 2854 navi-

1005 2864 1143 2906 gationis
1169 2869 1335 2902 tempore‚
1359 2860 1419 2934 {de
1443 2869 1509 2901 quo
1528 2861 1614 2893 idem
1632 2861 1786 2903 Vegetius
1803 2862 1831 2893 d.
1850 2872 1878 2894 c.

1005 2905 1076 2948 39.)
1091 2910 1144 2935 aut
1152 2912 1221 2935 eam
1237 2903 1354 2934 commi
1370 2910 1394 2934 it
1409 2902 1592 2934 hominibus
1609 2911 1718 2944 parum
1734 2903 1877 2937 idoneis:

1005 2954 1121 2979 conti-a
1146 2944 1316 2976 dicendum
1341 2943 1396 2975 est.
1429 2953 1496 2976 non
1520 2942 1583 2976 esse
1605 2953 1686 2976 nave
1700 2944 1758 2983 ita,
1782 2950 1817 2975 ut
1841 2953 1876 2975 o-

1005 2994 1135 3035 portet,
1158 2985 1266 3018 usum:
1287 2986 1362 3026 quia
1385 2994 1453 3017 non
1476 2984 1522 3017 est
1546 2984 1617 3018 usus
1641 2985 1772 3018 arbitrio
1797 2983 1876 3016 boni

1005 3038 1064 3062 viri
1081 3028 1099 3060 l.
1121 3031 1167 3059 16.
1187 3026 1230 3059 D.
1249 3028 1282 3057 de
1297 3028 1340 3058 rei
1353 3027 1559 3059 vindicatione.

1045 3070 1089 3101 At
1112 3068 1192 3101 ficut
1216 3067 1390 3100 fructuario
1412 3068 1461 3108 jus
1487 3067 1533 3100 est
1560 3067 1723 3100 auferendi
1745 3071 1876 3096 omnem

1005 3110 1146 3144 frufilum
1170 3119 1212 3142 ex
1230 3120 1265 3141 re
1282 3109 1471 3148 fruCtuaria3
1494 3109 1594 3141 modo
1610 3106 1731 3140 auferat
1746 3105 1825 3136 salva
1842 3113 1876 3135 e-

1005 3154 1054 3194 ius
1083 3151 1268 3184 substantia:
1290 3152 1336 3183 ita
1358 3159 1484 3191 aequum
1506 3149 1571 3189 est,
1594 3157 1666 3181 eum
1685 3146 1764 3185 tueri
1787 3144 1877 3184 quod

1008 3193 1136 3235 accepit
1160 3193 1182 3226 l.
1207 3202 1259 3234 44.
1282 3192 1327 3228 D.
1352 3193 1386 3227 de
1402 3190 1572 3235 usufrublu.
1603 3188 1647 3224 fic
1661 3188 1745 3224 enim
1762 3184 1877 3270 ”guia-i&
