2036 3495
129 146 198 180 452

767 227 1119 262 T1Tutus

548 128 901 164 Genium
961 122 1230 156 Nooua-

1295 121 1511 157 Cotti-t.

1208 223 1279 279 tv.

691 333 741 368 De
768 331 927 366 contraria
952 329 1052 364 tuteloe
1079 326 1120 369 δὲ’
1146 329 1218 362 utili
1245 328 1383 365 afcionw

941 381 953 394 .

205 451 295 478 raeter
329 441 488 474 actionem
520 438 560 469 de
584 435 760 468 rationibus
784 432 1011 470 distrahendis,

138 448 202 525 P
225 483 366 523 exposita
397 480 556 522 superiore
586 477 703 509 Titulo
733 475 778 508 est
818 475 937 507 directa
966 481 1012 504 tu-

135 530 212 562 telae
233 527 326 558 acuo.
360 524 441 555 hanc
472 521 611 562 sequitur
640 518 817 555 contraria,
839 517 881 547 sic
905 514 1013 559 appel-

139 572 202 604 lata
224 569 297 609 quia
319 574 451 603 contra,
474 564 507 594 id
531 561 596 598 est,
613 560 742 591 viciffirn
767 559 883 589 datur:
906 565 940 587 ut
962 556 1013 601 ali-

141 612 174 644 bi
206 609 327 642 monui.
376 605 430 638 De
459 614 496 636 ea
525 601 710 634 Ranchinus
741 600 802 631 tale
833 596 1014 638 composuit

140 652 246 685 Edieti
274 656 388 688 caput:
423 647 455 677 Si
487 647 558 687 quid
592 652 628 674 ex
657 638 903 681 administratione
932 640 1013 669 bono—

138 704 210 727 rum
235 691 341 734 pupilli
366 691 519 725 debeatur,
550 695 578 716 eo
610 685 723 714 nomine
746 684 778 714 in
808 691 873 712 eum
903 686 1014 710 contra-

142 737 218 768 riam
240 733 379 765 astionem
401 731 480 761 daho.
522 726 584 757 Sed
607 732 700 756 errat.
739 731 910 769 numquam
935 720 1015 766 lJrae-

143 785 196 809 tor
218 774 410 807 contrariam
433 769 593 801 astionem
623 763 792 810 proposuit
823 763 951 802 ipeciali
975 759 1016 806 Ef-

143 818 218 851 dicti
251 817 366 856 capite.
402 812 433 842 id
457 807 561 850 potest
597 815 636 838 ex
660 804 778 837 Editus
809 805 848 852 de
879 810 1017 844 negotns

141 849 260 901 gestis,
283 860 322 887 de
344 851 554 885 commodato
569 871 579 887 ‚
610 847 744 887 aliisque
777 845 837 877 suis
861 846 941 876 locis
964 851 1016 873 ex—

143 900 253 942 positis
283 895 427 935 intelligi.
473 891 555 923 Meo
584 889 705 930 judicio
723 886 913 934 „profesta
942 893 1017 932 con-

144 941 237 974 traria
255 938 364 969 tutelae
385 934 468 967 actio
492 943 532 964 ex
555 933 821 971 interpretatione
845 926 950 973 Edisti
976 924 1018 955 su-

142 982 269 1024 periore
291 977 407 1010 Titulo
429 975 524 1007 allati.
565 972 615 1004 Eo
637 980 711 1004 cum
734 970 854 1016 Praetor
876 970 1017 1003 diceret,

139 1023 285 1066 judicium
306 1030 334 1051 eo
356 1019 468 1050 nomine
490 1016 579 1053 dabo,
610 1022 704 1053 agere
733 1011 873 1042 creditus
896 1008 960 1056 est3
984 1014 1018 1052 ut

144 1073 210 1097 tam
233 1064 354 1100 tutori,
377 1068 472 1100 quam
501 1055 645 1098 pupille,
675 1052 839 1100 praestetur
862 1048 1017 1091 quidquid

145 1115 186 1138 ex
209 1105 307 1136 tutela
337 1101 422 1143 gesta
451 1106 503 1131 aut
527 1096 671 1138 neglecta
702 1095 776 1125 hinc
800 1093 874 1138 inde
896 1090 1016 1131 praeila-

145 1148 172 1180 ri
195 1152 328 1187 oportet
351 1153 390 1175 ex
409 1140 473 1173 fide
493 1140 589 1171 bona.
633 1136 683 1168 Eo
702 1135 787 1167 sensu
804 1142 930 1180 accrpio
949 1139 1018 1170 quae

145 1190 185 1221 ab
209 1188 345 1228 Ulpiano
369 1185 389 1216 l.
417 1193 442 1215 1.
467 1182 495 1213 b.
520 1186 541 1211 t.
572 1179 654 1210 dicta
678 1187 736 1217 pro
766 1176 903 1207 utilitate
932 1181 1018 1217 rece-

146 1239 210 1272 ptae
231 1226 400 1260 contrariae
421 1222 566 1255 actionis.
607 1220 718 1259 Itaque
741 1217 802 1249 est:
835 1216 913 1247 sicut
936 1214 1018 1245 actio

146 1271 270 1313 pupillo
293 1266 440 1300 adversus
473 1270 613 1295 tutorem
644 1261 735 1291 datur
764 1257 846 1299 quasi
878 1265 918 1303 ex
942 1264 1018 1285 con·

148 1313 265 1345 tra‘t‘Jtu:
290 1320 331 1341 eo
354 1308 453 1340 modo
476 1304 634 1336 contraria
665 1302 756 1332 datur
786 1306 884 1331 tutori
913 1297 1019 1328 adver·

148 1353 197 1386 sus
215 1352 456 1394 pupillumznec
476 1347 578 1378 minus
592 1342 702 1374 heredi
718 1342 748 1373 ἀ
767 1339 914 1372 adversus
931 1338 1019 1368 here-

147 1397 220 1428 dem
237 1417 247 1433 ‚
270 1398 470 1429 cccterosque
492 1384 692 1430 successores.
737 1382 847 1418 Adde,
879 1379 966 1421 quod
987 1385 1022 1408 ut

146 1438 199 1469 illa
242 1434 283 1466 fic
305 1434 391 1469 haec,
415 1436 569 1470 perpetua
593 1426 708 1471 dicitur
731 1424 751 1455 l.
775 1433 804 1463 3.
828 1422 856 1468 §3
881 1421 934 1452 ult.
957 1421 982 1451 b.
999 1425 1021 1450 t.

147 1459 304 1510 Prae'terea
328 1474 403 1504 licut
434 1470 503 1506 illa,
534 1467 575 1498 sic
596 1465 650 1497 ista
667 1488 676 1502 ,
712 1471 871 1504 competit
893 1463 1022 1493 demum

148 1518 242 1551 finito
265 1514 397 1547 officio:
429 1517 580 1549 caeterum
611 1505 760 1548 quamdiu
786 1507 905 1551 durat,
920 1545 925 1549 ἡ
943 1511 1021 1534 non-

149 1563 225 1592 dum
257 1553 416 1595 competit
445 1552 464 1582 l.
492 1560 518 1583 1.
543 1549 571 1592 §.
596 1558 625 1590 3.
649 1549 675 1578 d.
701 1552 722 1577 t.
749 1545 854 1592 'Quid
886 1552 980 1585 1g1tur
1003 1542 1023 1574 si

147 1607 290 1634 remotus
320 1606 336 1627 a
368 1593 467 1625 tntela
498 1591 534 1624 sit
559 1588 673 1621 tutor?
696 1587 834 1627 Julianus
859 1586 878 1616 l.
903 1586 981 1631 4·.‘²·
1000 1590 1022 1616 t.

148 1642 190 1675 fic
208 1639 328 1672 scribit:
356 1636 379 1669 A
396 1634 496 1666 tutela
509 1638 651 1664 remotus
674 1638 714 1661 eo
737 1629 814 1660 loco
837 1627 946 1672 haberi
970 1627 1023 1657 de-

149 1684 224 1720 bet,
255 1689 321 1721 quo
350 1676 429 1709 esset
450 1675 539 1707 finita
563 1672 682 1708 tutela,
719 1670 749 1702 &
779 1669 857 1702 ficut
880 1669 1022 1700 actiones

147 1725 287 1766 patitur,
311 1718 443 1762 perinde
468 1726 505 1748 ac
527 1715 548 1747 si
570 1713 708 1755 pupillus
731 1711 832 1758 pubes
857 1708 957 1756 faetus
979 1717 1025 1740 es-

147 1766 213 1798 set:
236 1766 279 1796 ita
303 1768 466 1794 contrario
487 1757 626 1799 judicio,
649 1753 671 1785 si
689 1753 766 1793 quid
783 1762 811 1783 ei
827 1752 1024 1790 aberit,per-

148 1806 235 1848 sequi
253 1803 396 1837 debebit.
418 1795 496 1832 nihil
517 1800 601 1829 enim
619 1795 772 1841 prohibet
787 1793 961 1838 suspectum
978 1799 1024 1822 tu-

151 1857 257 1881 torem
275 1845 357 1883 esse,
380 1841 525 1883 quamvis
547 1838 713 1878 complura
736 1835 931 1876 impenderit
953 1840 1024 1874 quae

148 1899 223 1923 eum
246 1889 394 1920 amittere
412 1893 476 1915 non
494 1887 638 1922 oportet.
675 1920 681 1926 ι
732 1920 737 1925 Ι

193 1930 293 1962 Causa
314 1929 410 1969 igitur
431 1923 601 1956 contraria:
623 1920 755 1952 aelionis
785 1917 849 1957 est3
879 1921 1025 1962 utututor

151 1973 241 2006 finita
265 1972 364 2001 tutela
381 1991 390 2006 ,
421 1976 437 1997 a
468 1964 593 2006 pupillo
622 1963 756 2001 recipiat
779 1959 867 2005 quod
896 1967 924 2004 ei
951 1965 1023 1995 pro-

149 2023 222 2057 pter
245 2011 376 2043 tutelam
400 2007 486 2039 absit.
508 2006 576 2037 fac:
608 2002 762 2043 impensas
792 2000 873 2032 fecit
902 2008 932 2030 in
957 2005 1023 2028 rem

148 2054 259 2097 pupilli
283 2053 303 2084 l.
330 2061 356 2083 1.
380 2051 408 2081 h.
434 2054 454 2079 t.
480 2047 556 2088 quid
579 2045 600 2077 fi
623 2051 694 2075 auat
725 2044 763 2074 ad
796 2043 858 2073 hoc
875 2064 884 2078 ,
914 2048 948 2071 ut
978 2047 1024 2085 tu-

151 2098 222 2131 telae
243 2094 364 2135 judicio
387 2088 563 2123 liberetur?
600 2068 696 2118 ceffac
719 2085 787 2116 haec
809 2083 930 2128 astiog
951 2089 1024 2118 quia

150 2140 178 2170 ei
202 2137 279 2169 nihil
303 2133 388 2166 abest
411 2133 430 2163 l.
454 2141 482 2172 3.
505 2129 534 2171 §.
551 2137 575 2160 1.
598 2129 626 2158 d.
653 2134 674 2158 t.
699 2127 727 2158 δὲ
750 2125 850 2156 solum
866 2131 947 2163 petit
963 2122 1023 2152 hac

150 2180 275 2212 afflone
299 2184 406 2212 tutor,
429 2172 450 2204 fi
474 2171 549 2212 quid
571 2169 599 2200 ei
626 2167 721 2199 abest.
740 2167 804 2198 imo
824 2165 843 2197 fi
862 2172 949 2196 tutor
965 2172 1023 2209 pro

151 2220 274 2262 pupillo
307 2217 337 2248 se
360 2213 541 2255 obligavit3
579 2210 676 2241 habet
706 2216 897 2240 contrariam
928 2205 1024 2235 astio-

152 2271 245 2300 nem,
270 2260 299 2291 &
323 2264 492 2296 antequam
517 2253 610 2284 solvit
635 2252 653 2281 l,
679 2251 729 2281 ult.
755 2251 782 2280 d.
804 2255 824 2279 t.
849 2248 948 2279 modo
970 2246 1025 2284 (ut

154 2302 301 2334 observat
336 2298 480 2339 Cujacius
509 2295 557 2325 lib.
591 2296 639 2324 26.
664 2292 785 2337 lel'rfv·
810 2300 834 2320 c.
859 2289 929 2328 20.)
954 2296 1025 2333 non

153 2343 335 2383 simpliciter
358 2338 553 2379 fidejusfione
577 2334 606 2365 se
629 2333 779 2374 obligarit
801 2340 860 2376 pro
885 2329 1025 2370 pupillo,

152 2384 206 2416 sed
229 2393 286 2424 pro
310 2391 350 2414 eo
374 2376 597 2421 expromiserit
624 2374 706 2406 fasta
730 2381 931 2417 novationez-
954 2379 1026 2401 nam

153 2426 225 2467 quia
247 2425 272 2455 is
294 2424 383 2456 finita
408 2421 507 2454 tutela
529 2418 631 2450 statim
646 2414 753 2457 potest
767 2422 932 2447 conveniri
950 2420 1027 2443 tam-

1055 440 1147 471 quam
1172 439 1242 462 reus
1264 431 1463 472 principalis:
1484 429 1590 473 potest
1613 431 1707 464 etiam
1729 431 1833 464 statim
1854 441 1927 474 age-

1056 481 1090 504 re
1113 471 1273 502 contraria
1294 472 1441 511 actione,
1465 480 1500 504 ut
1517 473 1684 504 liberetur:
1708 473 1858 514 exemplo
1875 483 1928 506 cu-

1057 514 1171 544 ratoris
1193 513 1402 553 reipublicae:
1425 515 1465 545 de
1489 523 1553 555 quo
1575 513 1673 546 fimile
1697 515 1846 547 traditum
1862 515 1880 547 l.
1897 525 1928 557 3.

1057 554 1087 596 §.
1112 565 1140 586 2.
1172 553 1215 585 D.
1248 556 1280 584 de
1310 555 1420 594 admin.
1450 564 1506 586 rer.
1536 557 1573 586 ad
1596 557 1677 587 civit.
1705 557 1812 596 pertin.
1864 556 1929 589 Sed

1057 597 1246 636 plerumque
1277 595 1359 636 petit
1387 595 1447 627 hac
1476 596 1602 628 afflone
1631 605 1720 629 tutor
1749 598 1837 637 quod
1869 599 1929 630 im-

1057 637 1181 677 pendit.
1207 646 1267 667 nec
1298 637 1433 668 multum
1466 636 1589 675 refert,
1619 647 1723 671 utrum
1748 639 1868 670 bonurn
1898 648 1932 670 e-

1059 686 1189 764 ἷξὲὲὲἳῗ
1202 686 1287 749 ὲηῖῗη
1299 676 1462 756 ἶῗιῖἓῖἷῖω
1466 677 1566 750 1223?
1570 685 1610 751 a&
1623 679 1933 762 Ἓῖἒὲεῇῗὲᾞέέέἰ

1060 766 1138 791 tium
1163 758 1282 800 geffiss'e
1305 759 1334 789 d.
1358 759 1377 790 l.
1399 769 1428 799 3.
1453 759 1480 801 §.
1506 770 1534 800 7.
1566 761 1654 799 quod
1684 763 1714 792 ὄι
1743 763 1773 792 in
1804 771 1931 794 contra-

1059 801 1103 832 ria
1127 801 1332 841 negotiorum
1353 801 1497 841 gestione
1527 802 1641 833 tradidi
1671 801 1725 833 sub
1747 801 1862 834 Titulo
1885 803 1934 835 De

1059 847 1154 883 negot.
1174 839 1247 882 gest..
1290 840 1378 884 Quid
1401 852 1499 884 ergo,
1523 843 1543 873 si
1567 843 1597 873 in
1612 844 1767 884 pupillum
1791 843 1859 884 plus
1874 845 1934 876 im-

1061 883 1172 923 pendit
1196 890 1305 921 tutor‚
1328 892 1422 923 quam
1446 884 1489 915 est
1512 884 1543 914 in
1565 882 1791 923 facultatibus,
1815 894 1852 915 an
1877 895 1935 926 po-

1063 923 1121 955 test
1145 923 1210 954 hoc
1233 922 1414 964 consequi?
1440 924 1549 956 Labeo
1573 924 1714 957 affirmat.
1740 926 1790 957 sed
1822 924 1934 967 Ulpia⁴

1061 974 1119 1010 nus
1143 966 1170 996 d.
1196 965 1215 995 l.
1240 975 1270 1006 3.
1289 971 1337 1005 pr.
1374 966 1404 997 id
1434 965 1476 997 fic
1499 967 1634 1007 accipit3
1664 967 1686 999 fi
1716 967 1848 1006 expedit
1878 977 1935 1009 pu-

1061 1006 1159 1046 pillo,
1198 1014 1241 1037 ita
1274 1007 1405 1038 tutelam
1435 1008 1680 1040 administrai-i2·
1704 1017 1876 1048 caeterum,
1912 1008 1935 1041 fi

1060 1047 1606 1122 iss’f‘§xiiaeedffititfiss‘fficjossffllle
1618 1050 1938 1125 ‘'effiJJQPmX-mss‘ssi

1060 1139 1125 1160 non
1150 1130 1181 1160 in
1207 1129 1271 1160 hoc
1293 1100 1554 1163 administrantur?
1570 1100 1766 1172 tutelae,put
1793 1101 1940 1174 meslgan-

1062 1178 1112 1202 tur
1135 1171 1257 1211 pupilli.
1303 1170 1405 1210 Judex
1434 1173 1529 1213 igitur
1560 1173 1613 1214 qui
1650 1175 1680 1205 in
1709 1175 1871 1205 contrario
1892 1176 1939 1215 iu·

1062 1212 1149 1243 dicio
1171 1210 1358 1253 cognoscit,
1382 1213 1553 1246 utilitatem
1579 1215 1689 1256 pupilli
1714 1215 1864 1256 spectabit
1880 1239 1890 1255 ,
1906 1215 1939 1249 ὃς

1062 1262 1100 1284 an
1124 1260 1212 1284 tutor
1236 1263 1276 1285 ex
1300 1253 1409 1286 officio
1432 1253 1572 1296 sumptus
1604 1256 1730 1289 fecerit.
1773 1256 1939 1289 Postremo

1062 1293 1212 1325 observat
1232 1294 1425 1327 Callistratus
1448 1297 1468 1327 l.
1492 1307 1543 1338 33.
1569 1297 1597 1338 §.
1620 1299 1673 1329 ult.
1701 1298 1741 1329 D.
1767 1299 1800 1329 de
1821 1299 1935 1332 admin.

1063 1340 1121 1366 tut.
1146 1336 1234 1376 quod
1258 1336 1488 1376 Principalibus
1520 1338 1811 1371 Constitutionibus
1834 1341 1939 1372 decla·

1064 1383 1167 1414 ratur,
1194 1376 1373 1416 sumptuum
1398 1379 1450 1418 qui
1468 1379 1553 1410 bona
1571 1379 1636 1410 fide
1658 1381 1687 1410 in
1707 1380 1936 1417 tutelam,non

1066 1417 1119 1490 irs}
1141 1417 1280 1490 Ῐέῂῑίῗε
1291 1417 1559 1498 43502221533?
1583 1420 1939 1494 {zsssslssfflo‘ilhgffie‘ei

1541 1482 1551 1499 9

1065 1498 1273 1531 constitutum
1296 1499 1351 1530 est.

1108 1540 1189 1572 lllud
1219 1549 1283 1571 non
1315 1539 1470 1573 inutiliter
1500 1541 1554 1573 hic
1577 1548 1754 1582 quaeratur,
1785 1551 1846 1583 qua
1874 1543 1942 1575 for-

1067 1591 1116 1614 ma
1139 1589 1264 1622 repetat
1287 1588 1376 1613 tutor
1400 1583 1431 1614 id
1455 1584 1543 1622 quod
1566 1583 1746 1624 expendit?
1779 1585 1942 1625 duplicem

1068 1624 1214 1669 reperio:
1249 1632 1309 1669 una
1337 1622 1383 1655 est
1412 1633 1469 1665 per
1500 1625 1631 1656 modurn
1662 1626 1891 1665 exceptionis,
1920 1624 1944 1658 fi

1068 1663 1189 1696 directo
1210 1664 1331 1704 judicio
1355 1674 1426 1707 agat
1451 1667 1605 1707 pupillus:
1627 1666 1726 1698 altera
1741 1666 1785 1698 est
1802 1676 1859 1707 per
1875 1676 1944 1699 mo-

1068 1706 1144 1737 durn
1166 1706 1319 1746 actionis,
1340 1706 1362 1738 si
1384 1716 1449 1739 non
1479 1716 1558 1749 agat.
1590 1708 1679 1748 hujus
1708 1708 1853 1740 meminit
1885 1707 1942 1741 Ul-

1069 1748 1180 1788 pianus
1210 1747 1229 1778 l.
1256 1756 1283 1779 1.
1314 1747 1344 1789 §.
1366 1748 1420 1780 ult.
1453 1752 1619 1790 utriusque
1641 1749 1670 1791 §.
1692 1759 1722 1787 4.
1765 1748 1843 1781 Inde
1871 1749 1942 1782 sunt

1069 1787 1298 1829 consequentia
1320 1799 1392 1830 quae
1413 1791 1453 1821 ab
1476 1789 1617 1831 Ulpiano
1642 1791 1807 1823 traduntur
1829 1792 1856 1823 d.
1874 1791 1894 1822 l.
1915 1800 1944 1824 1.

1067 1830 1096 1872 ᾗ.
1122 1841 1150 1871 5.
1171 1834 1202 1862 6.
1227 1830 1264 1865 ὅ)
1286 1840 1314 1870 7.
1339 1830 1411 1862 sane
1435 1832 1583 1872 pulchra:
1614 1831 1665 1863 sed
1696 1832 1769 1872 quia
1800 1833 1944 1873 liquent,

1067 1871 1233 1903 abstinebo
1256 1873 1523 1912 interpretatione
1540 1873 1740 1914 supervacua.
1784 1873 1869 1906 Petit
1887 1875 1945 1913 igi·

1069 1921 1119 1945 tur
1149 1913 1208 1945 hac
1239 1913 1365 1945 actione
1403 1922 1491 1946 tutor
1521 1914 1681 1955 sumptus,
1721 1914 1751 1946 ἀ
1787 1915 1943 1955 impensas

1069 1964 1145 1995 quas
1169 1965 1228 1996 pro
1252 1956 1374 1996 pupillo
1397 1955 1477 1987 fecit
1509 1959 1593 1988 bona
1624 1954 1706 1994 fide,
1737 1956 1781 1988 ita
1802 1958 1888 1997 quod
1912 1957 1943 1988 ei

1066 1995 1170 2035 abest,
1195 2004 1328 2038 propter
1351 1998 1495 2029 tutelam.
1541 1997 1590 2030 An
1615 1998 1645 2028 dt
1667 1997 1796 2029 usuras?
1826 1998 1855 2029 ἀ
1879 1997 1945 2030 hoc

1066 2041 1221 2070 convenit
1244 2036 1356 2069 officio
1377 2039 1517 2078 Judicis:
1541 2039 1684 2078 patiente
1706 2038 1832 2070 afflone
1847 2039 1942 2071 bonae

1066 2079 1158 2111 fidei:
1183 2088 1217 2111 ut
1239 2080 1304 2111 dixi
1331 2080 1381 2110 De
1396 2080 1510 2120 soenore
1532 2079 1568 2115 ὅ)
1590 2081 1695 2121 usuris.
1728 2078 1779 2112 sed
1802 2089 1878 2119 quas
1909 2080 1941 2112 δι

1065 2120 1220 2162 quando?
1243 2122 1282 2151 de
1307 2120 1370 2152 hoc
1395 2121 1551 2162 Ulpianus
1579 2123 1609 2154 ci.
1625 2121 1645 2152 Ι.
1663 2131 1692 2162 3.
1710 2120 1739 2163 §.
1755 2130 1780 2152 1.
1805 2121 1841 2156 ἃ
1856 2122 1939 2163 seqq.

1066 2163 1162 2204 plene
1185 2162 1215 2193 &
1240 2162 1335 2193 clare.

1108 2204 1216 2235 Altera
1249 2202 1396 2234 Rubricae
1425 2212 1495 2244 pars
1519 2203 1582 2243 est,
1613 2202 1666 2235 De
1698 2203 1766 2235 utili
1789 2204 1938 2242 actione,

1068 2245 1099 2277 id
1123 2244 1187 2284 est,
1212 2245 1252 2276 de
1276 2245 1344 2276 utili
1368 2246 1539 2278 curationis
1568 2244 1657 2276 causa
1687 2245 1821 2277 actione.
1847 2254 1940 2286 quam

1068 2287 1229 2327 superiore
1251 2285 1368 2317 Titulo
1391 2287 1529 2318 indicavi
1561 2285 1623 2318 esse
1654 2286 1762 2319 utilem
1793 2289 1941 2328 negotio·

1068 2337 1138 2411 {um
1162 2327 1323 2405 {ggstorgmg
1345 2328 1527 2361 astionem:
1551 2329 1592 2360 de
1613 2336 1675 2369 qua
1696 2327 1850 2369 Ulpianus
1866 2328 1886 2359 l.
1910 2334 1937 2359 ι.

1092 2380 1146 2403 ,2.
1219 2379 1250 2411 3.
1285 2392 1292 2400 .
1325 2391 1333 2400 .

817 2498 1165 2533 Trrunus
1230 2494 1279 2530 V.

564 2577 614 2613 De
639 2589 669 2611 eo
694 2578 743 2622 qui
770 2586 824 2622 pro
849 2581 965 2614 tutore,
985 2580 1080 2617 prove
1103 2579 1242 2607 curatore
1269 2570 1392 2617 negotia
1419 2567 1525 2617 gfft.
1557 2570 1565 2572 ‘

231 2671 348 2703 dietum
367 2667 454 2708 quod
471 2667 523 2698 sub
546 2667 609 2698 hoc
619 2665 734 2697 Titulo
749 2662 810 2694 fuit
827 2686 836 2700 ,
860 2661 902 2693 fic
924 2660 1031 2691 conci-

159 2674 229 2750 E
252 2716 326 2753 pio:
350 2710 382 2740 St
403 2709 467 2749 quis
487 2709 591 2748 pupilli
612 2708 728 2747 negotia
748 2712 799 2745 pro
822 2709 915 2734 tutore
932 2699 1032 2746 gestit,

155 2756 302 2800 Judicium
322 2761 351 2784 eo
372 2750 484 2782 nomine
506 2751 584 2781 dabo.
630 2749 725 2780 Rat1o
748 2743 954 2787 proponendi
977 2745 1031 2773 hu-

1071 2660 1120 2699 jus
1145 2658 1247 2690 Edisti
1278 2657 1324 2689 est
1353 2657 1426 2688 inl.
1452 2666 1478 2688 1.
1494 2663 1539 2698 pr.
1563 2656 1591 2688 b.
1614 2661 1637 2687 t.
1682 2654 1795 2688 Sensus
1826 2663 1868 2688 ex
1889 2662 1944 2687 eo-

1074 2702 1149 2732 dem
1170 2701 1247 2732 loco
1271 2698 1301 2730 ὅ(
1323 2705 1396 2730 toto
1418 2696 1533 2730 Titulo
1557 2697 1641 2730 ultro
1664 2698 1862 2739 intelligitur.

811 2836 1163 2871 TtruLus
1221 2831 1287 2867 VI.

633 2928 727 2975 Quod
748 2926 832 2972 falfi>
857 2933 954 2961 tutore
979 2926 1100 2959 amore
1123 2921 1246 2969 gestum
1269 2917 1326 2965 ff?
1348 2919 1476 2956 dicatur.

180 3033 195 3107 Ι
229 3033 320 3106 {unc
345 3026 494 3060 Titulum
518 3035 534 3056 a
556 3023 760 3056 Triboniano
784 3021 844 3053 esse
862 3020 1043 3053 transsatum

281 3073 311 3103 in
335 3071 428 3102 alium
453 3069 580 3105 locum,
605 3074 698 3105 quam
724 3072 883 3108 quo-eum
906 3063 969 3093 ess‘e
986 3071 1042 3092 vo·

163 3117 222 3149 luit
251 3113 390 3149 Praetor,
422 3119 487 3140 non
513 3108 577 3147 est,
611 3106 697 3147 quod
727 3105 865 3136 dubites.
896 3105 933 3134 ad
958 3103 1044 3149 bunc

166 3163 254 3188 certe
278 3163 343 3185 non
368 3152 523 3192 pertinet:
548 3157 620 3180 nam
644 3149 674 3179 in
697 3144 850 3191 praesente
874 3152 1040 3183 quaerimus

164 3198 308 3229 astiones
333 3194 445 3234 quibus
470 3201 509 3222 ex
531 3190 615 3231 gesta
638 3197 690 3220 aut
724 3185 831 3233 omissa
852 3184 962 3230 ‘tutela
984 3193 1040 3222 pu-

160 3240 261 3280 pillo,
289 3243 343 3267 aut
384 3233 484 3265 tutori
520 3230 714 3265 consulatur.
744 3228 822 3261 alius
850 3225 905 3259 ille
936 3232 1041 3265 neque

1087 3017 1230 3059 pupillo,
1254 3025 1359 3062 neque
1381 3016 1480 3048 tutori
1499 3015 1670 3062 providet:
1686 3013 1746 3062 ‘sed
1767 3015 1876 3062 majori
1899 3023 1953 3047 an·-

1085 3060 1134 3132 Ess
1157 3059 1275 3131 “³33ss
1291 3066 1433 3130 (ὲὶἒωφιῧ
1453 3057 1739 3130 ἓῖῃςέἶὲερέυῗὲξῗ
1754 3058 1956 3138 ἷζὲοωῗῃὲἓέἰ

1086 3109 1122 3173 sut
1142 3109 1267 3172 seleurus
1291 3108 1513 3186 est'pgpillus,
1543 3142 1662 3181 quippe
1683 3139 1746 3172 fine
1768 3148 1847 3183 vero
1870 3146 1956 3170 tuto·

1085 3193 1119 3214 re
1149 3192 1215 3214 non
1248 3181 1417 3222 obligatus.
1451 3182 1504 3213 led
1533 3190 1589 3221 per
1622 3190 1761 3212 errorem
1792 3181 1877 3212 laelus
1908 3179 1955 3210 est

1084 3223 1140 3265 qui
1163 3232 1237 3258 cum
1258 3223 1383 3265 pupillo
1413 3223 1504 3264 geffit
1526 3222 1644 3264 aliquid
1653 3231 1664 3261 ;
1700 3222 1867 3264 ignorans,
1889 3220 1956 3294 ffugi,

2011 741 2014 752 l

2004 755 2021 799 :al

2003 1975 2036 2211 ndns-⁹
