2036 3495
541 37 627 72 DE

63 142 128 169 tem
145 128 366 171 recipiendos,
381 127 413 160 id
432 126 496 165 est,
520 135 556 159 ut
573 126 858 173 diversoriumsit,
882 126 931 175 ¹0.ss

62 184 134 209 care
158 183 222 205 non
252 171 377 212 potest:
399 168 565 202 manifesta
587 169 701 214 domus
719 169 747 199 ἃ
764 167 929 200 diversorii

62 215 262 252 differentia,
288 213 337 244 vel
363 211 528 244 Ciceronis
554 209 759 248 testimonio,
786 210 832 240 De
850 212 929 248 sene-

62 259 137 290 &ute
153 264 214 297 cap.
232 256 287 286 uit.
311 256 342 286 in
362 253 409 284 his
428 253 551 291 verbis,-
576 250 626 282 Ex
640 249 695 292 ista
713 252 777 282 vita
787 251 831 288 fic
846 252 930 292 (lis'ce-

60 302 114 339 do,
139 306 287 340 tamquam
311 305 347 327 ex
370 295 506 336 bospitio,
529 302 586 324 non
610 299 759 334 tamquam
781 302 817 323 ex
839 294 928 324 domo.

59 340 253 373 commorandi
268 338 343 369 enim
357 343 465 368 natura
482 335 672 374 diversorium
691 335 788 372 nobis,
803 344 860 364 non
878 335 928 365 ha-

60 383 175 414 bitandi
188 381 274 412 dedit.
298 378 359 409 Sed
377 387 417 408 eo
433 377 548 413 redeo.
567 376 609 406 ait
626 375 778 414 Sabinus,
796 375 860 421 Nep
876 382 928 416 per

59 422 207 455 caenacula
223 421 347 452 dividere
363 421 485 450 domum.
517 415 592 449 Hoc
610 418 686 458 quid
704 417 759 455 Γπ,-
783 426 895 457 accipe
911 426 928 448 a

59 465 214 496 Vitruvio
229 463 276 493 lib.
290 469 318 492 2.
334 460 381 491 De
393 458 588 491 architectura
603 469 628 490 c.
639 463 667 492 8.
692 458 733 490 sic
750 459 927 497 scribente3

64 506 139 538 Cum
153 506 273 544 recipere
287 511 344 533 uon
356 501 445 542 poffet
467 501 604 540 (Romo)
625 509 694 531 area
705 501 796 539 plana
814 506 927 531 tantam

58 547 275 579 multitudinem
297 543 334 574 ud
359 543 548 574 habitandum
571 543 601 572 in
617 544 703 580 urbe5
726 544 764 573 ad
781 541 927 572 auxilium

58 588 224 621 altitudinis
248 585 434 624 aedificiorum
454 592 499 613 res
512 583 572 624 ipsa
587 584 677 624 coigit
696 584 838 614 devenire.
869 585 925 613 ita-

58 639 113 673 que
124 629 192 670 pilis
208 628 343 667 lapideis,
360 623 519 666 struituris
536 623 662 665 tqiuceis
673 649 682 664 ‚
702 626 862 665 parietibus
878 634 926 654 σαι-

59 670 198 703 mentitiis
221 668 388 699 altitudines
412 665 568 704 eximam,
592 667 855 708 contignationibus
869 675 926 696 cre-

58 713 116 744 bris
139 716 266 742 coaxotae
283 707 320 743 &³
343 709 552 740 coenaculorum
559 708 692 748 summus
710 710 850 739 utilitates
864 716 928 748 per-

52 754 182 795 ficiunt,
207 751 243 785 &³
258 750 484 791 despeitutiones.
509 751 560 781 Sic
579 750 741 782 Vitruvius
757 750 845 781 nullo
864 749 928 780 sen-

57 795 102 828 su.
124 788 307 831 Salmasius,
333 792 464 823 Plinian.
484 793 598 823 exercit.
613 798 682 833 pag.
703 796 771 831 703.
789 791 838 822 col.
861 800 883 822 1.
901 800 927 820 e-

55 838 110 870 dis.
136 834 292 875 Uitrajeci.
309 834 445 865 restituit
463 843 502 864 ex
519 833 645 872 optimo
664 834 798 870 codice,
814 832 928 864 Altitu-

57 878 139 910 dines
162 875 301 907 extruuae
326 875 592 917 contignationibus
612 876 717 905 crebris
733 881 859 905 coaxatae
875 883 928 904 εω-

58 918 250 956 παστιίονιιηι,
274 918 457 956 adjuvimus
478 916 639 954 utilitates,
658 914 818 956 proficiunt
834 917 927 955 dispa-

57 962 180 992 ratione.
224 957 321 990 Sensu
345 962 441 998 aptoz
467 965 545 997 puto
570 959 673 995 enim,
696 966 712 987 a
729 957 878 988 Vitruvio
897 956 929 987 fi-

57 1000 220 1044 gnificari‚
244 999 427 1031 altitudines
451 1000 490 1029 ad
514 998 646 1031 summas
664 999 817 1029 utilitates
835 997 930 1038 profi-

57 1053 133 1075 cere
149 1040 357 1074 aedificiorum
374 1040 584 1080 disparatione
601 1050 657 1081 per
673 1040 858 1071 coenacula:
875 1048 928 1085 pas·

56 1086 83 1117 ri
99 1084 204 1116 forma
223 1092 284 1123 qua
303 1083 385 1122 apud
406 1081 576 1123 Ulpianum
593 1085 619 1113 d.
639 1081 666 1123 §.
687 1085 714 1115 8.
733 1082 752 1111 l.
775 1090 818 1122 13.
853 1082 929 1112 dici-

58 1134 111 1158 tur
129 1127 242 1157 domus
260 1125 359 1158 dividi
376 1132 432 1165 per
448 1124 623 1155 coenacula.
673 1121 718 1153 Ut
740 1129 774 1152 ut
792 1121 853 1153 est:
878 1130 930 1162 ap-

56 1175 167 1209 paret,
189 1166 353 1198 coenacula
375 1165 437 1196 effe
459 1163 616 1202 superiora
640 1165 753 1195 domus
779 1164 866 1194 loca:
890 1163 930 1195 ad

63 1219 134 1249 quae
159 1208 246 1239 scalis
271 1206 446 1245 adscendi,
475 1204 584 1237 Festus
607 1205 659 1236 ait.
682 1214 718 1236 ea
742 1213 798 1243 per
825 1212 929 1244 partes

58 1249 288 1282 conducebant
313 1248 494 1285 tenuiores,
518 1255 583 1277 non
610 1247 769 1286 impleturi
789 1253 872 1276 totas
890 1255 928 1276 ae-

60 1293 128 1324 des.
153 1289 334 1329 exemplum
352 1289 435 1328 apud
451 1287 641 1319 Suetonium
662 1287 780 1318 Vitellio
796 1297 821 1317 c.
834 1297 860 1326 7.
879 1286 931 1318 Ab

57 1332 119 1364 hac
141 1330 230 1362 causa
256 1330 466 1368 Prudentius,
489 1329 538 1360 lib.
568 1338 595 1360 1.
627 1329 778 1366 Adversus
801 1328 930 1369 Syrunza-

58 1375 162 1412 chum,
185 1372 352 1405 coenacula
375 1371 455 1404 dicit
477 1369 577 1409 celsa,
600 1379 637 1401 ac
659 1370 765 1402 scandi
785 1379 803 1401 a
819 1370 929 1411 vulgo.

56 1415 157 1448 verba
179 1414 354 1445 Prudentii.
494 1441 498 1445 .
711 1443 730 1445 Α,

99 1457 205 1488 Omnis
223 1457 273 1497 qui
289 1455 359 1491 celsa
374 1455 487 1492 scandit
505 1454 653 1486 caeuacula
670 1453 789 1495 vulgus.

95 1498 164 1539 lpsa
181 1506 311 1538 quoque
328 1496 452 1528 idcirco
469 1497 616 1527 domibus
628 1520 637 1534 ‚
654 1496 793 1534 aeerus,
810 1493 929 1527 insulis-

57 1548 123 1581 que
140 1546 360 1579 opponuntur.
385 1540 480 1569 mitto
498 1537 625 1570 Livium
638 1538 717 1577 l.39.
736 1547 759 1568 c.
783 1546 829 1575 14.
847 1536 946 1577 l.-30.'.

58 1582 104 1614 1).
129 1580 250 1620 Locati‚
274 1579 479 1620 Martialem,
502 1580 550 1610 lib.
572 1589 595 1611 1.
618 1579 722 1619 Epigr.
744 1587 810 1624 109.
836 1577 929 1625 Juve-

59 1624 164 1655 nalem
180 1623 230 1660 Ιὶιι,
254 1631 300 1653 10.
320 1623 393 1659 vers.
406 1625 437 1655 -8.
460 1630 502 1651 eo
520 1622 617 1655 modo
630 1621 712 1660 apud
732 1619 929 1658 Reinebum,

60 1663 149 1706 Cioff.
168 1673 194 1704 7.
215 1663 305 1699 Inicr.
327 1672 376 1702 34.
394 1670 423 1702 p.
444 1671 514 1701 509.
545 1672 584 1693 ex
607 1661 799 1702 Fragmento
819 1661 927 1692 Petro-

83 1709 100 1736 'ii
119 1716 158 1736 ex
177 1705 342 1735 Dalmatia.
364 1702 404 1734 C.
425 1702 662 1735 POMPEIUS.
684 1701 926 1740 DlOGENES.

57 1716 134 1779 ἓΧ.
157 1743 394 1778 KALENDIS.
426 1743 566 1776 IULIIS.
594 1742 925 1776 COENACULUM.

59 1781 227 1820 LOCAT.
260 1785 362 1818 IPSE.
397 1784 526 1816 ENlM.
568 1784 757 1816 DOMUM.
798 1784 927 1824 EMIT.

59 1829 194 1861 Inseruit
209 1828 274 1859 hoc
290 1828 425 1858 editioni
443 1827 584 1858 Petronii
604 1836 703 1867 nuper
721 1825 779 1858 Vir
797 1826 853 1858 CL<
873 1827 931 1859 Pe-

59 1879 126 1907 trus
142 1871 340 1903 Burmannus
356 1873 440 1910 ⁶·38·
452 1875 485 1910 p.
499 1872 565 1910 165.
590 1878 685 1910 quem
698 1869 794 1900 etiam
809 1868 881 1901 vide
897 1869 929 1902 in

761 1971 976 2011 CAPUT

692 36 937 72 Usura

972 49 993 73 u
1028 49 1045 72 c
1079 48 1100 71 T
1136 49 1156 74 u
1222 38 1309 73 Lito,
1348 35 1373 74 L

1785 52 1853 90 349

973 125 1083 161 Notis.
1105 127 1205 170 igitur
1221 129 1297 169 quid
1314 128 1386 162 est?
1401 128 1478 162 ficut
1494 123 1681 170 frustuarius
1698 126 1729 164 in
1746 133 1848 166 domo

973 169 1143 202 fruCtuaria
1169 179 1233 202 non
1258 171 1356 204 debet
1374 171 1482 203 facere
1501 173 1681 211 meritoria,
1705 174 1850 206 diverso-

973 212 1036 250 ria,
1052 212 1142 244 verbi
1159 212 1277 253 gratiae
1295 213 1338 244 ita
1357 223 1420 245 non
1440 213 1538 245 debet
1555 214 1685 247 domum
1704 216 1850 248 dividere

973 253 1004 284 in
1033 257 1217 292 coenacula3
1242 254 1437 296 divisamque
1456 255 1598 296 plui-ibus
1620 258 1849 291 coenaculatim

972 295 1097 327 locare:
1123 295 1262 327 facturus
1279 296 1344 327 illic
1364 297 1392 328 ἀ
1409 296 1451 328 fic
1466 298 1646 338 meritoria,
1662 307 1703 330 ex
1720 297 1849 331 senten-

971 337 1014 367 tia
1024 337 1168 368 Suetonii
1179 358 1189 376 ,-
1206 335 1323 368 Vitellio
1338 347 1362 369 c.
1375 343 1403 379 7.
1429 339 1630 371 coenaculum
1647 341 1849 373 meritorium

971 376 1173 418 appellantis.
1199 385 1289 409 certe
1307 388 1372 410 non
1395 379 1503 411 usurus
1524 381 1588 412 hoc
1605 382 1706 413 modo
1723 383 1848 421 domo,

972 426 1133 458 tamquam
1160 421 1282 458 domo,
1305 420 1337 451 id
1360 420 1426 460 est,-
1452 430 1511 461 pro
1530 422 1730 455 habitatione
1751 424 1846 456 unius

970 460 1116 492 familiae:
1140 461 1218 492 ficut
1241 462 1553 503 convenitvarbitrio
1573 464 1630 495 viri
1652 464 1741 496 boni.
1785 464 1847 496 Po·

970 501 1088 540 stremo
1117 504 1194 534 dicit
1212 502 1366 543 Sabinus,
1388 502 1455 535 Nec
1473 504 1606 536 balneum
1622 507 1662 536 ibi
1670 507 1846 545 faciendum

968 541 1017 584 esi.
1061 542 1215 576 Obscure.
1247 544 1348 576 solum
1373 554 1457 577 enim
1482 545 1656 585 significant
1674 557 1710 578 ea
1731 549 1848 587 verba,

969 595 1034 617 non
1060 585 1123 617 effe
1150 585 1334 617 faciendum
1352 586 1393 618 ibi
1416 596 1432 618 a
1450 585 1624 618 fructuario
1642 598 1761 620 novum
1779 590 1846 620 bal-

972 636 1067 658 neum
1085 627 1173 668 quod
1190 631 1263 658 ante
1281 636 1344 658 non
1362 628 1468 659 fuerit.
1502 628 1571 666 sed,
1588 628 1609 660 fl
1626 630 1771 662 audimus
1789 630 1848 663 Ul-

971 669 1100 709 pianum
1121 668 1209 699 versu
1221 688 1231 708 ,
1256 668 1320 709 Ego
1336 670 1449 710 quidem
1466 668 1540 706 &fi
1555 670 1687 701 balneum
1696 670 1738 709 fit
1749 695 1758 710 ‚
1778 681 1846 712 quo

972 709 1062 741 versu
1079 711 1265 741 continetur
1281 709 1370 742 Nota
1386 712 1425 742 ad
1449 711 1618 749 Sabinum3
1643 712 1687 743 est
1704 714 1736 743 id
1753 721 1847 744 extra

972 761 1101 783 omnem
1118 751 1365 784 dubitationem.
1383 752 1452 783 vult
1466 753 1562 794 igitur
1578 752 1753 792 Ulpianus,
1770 753 1848 785 aSa-

972 793 1049 824 bino
1074 792 1145 832 plus
1169 792 1231 823 dici
1248 798 1256 824 t
1280 803 1350 825 narn
1373 794 1402 824 ἂ
1419 793 1440 825 fi
1457 802 1531 825 ante
1543 794 1606 833 jam
1624 794 1723 826 fuerit
1739 796 1849 827 balne-

972 843 1046 872 um,-
1071 833 1174 865 usibus
1199 835 1368 866 dominicis
1393 834 1518 867 solitum
1545 845 1659 867 vacare
1683 837 1713 868 in
1736 837 1850 868 intima

972 882 1062 915 parte
1081 875 1215 914 domus,
1233 875 1284 906 vel
1302 876 1385 908 inter
1402 877 1511 909 diaetas
1528 882 1686 917 amoenas,
1704 877 1734 910 ἃ
1751 879 1784 910 id
1802 879 1849 910 lo-

972 925 1044 947 care
1070 916 1206 956 coeperit
1228 913 1436 956 fructuarius,
1461 926 1495 949 ut
1513 919 1640 957 publice
1657 920 1757 951 lavet:
1781 929 1848 951 non

973 957 1058 988 reete
1076 965 1181 997 neque
1205 966 1246 987 ex
1264 957 1340 988 boni
1359 959 1417 990 viri
1434 961 1588 992 arbitratu
1604 959 1760 993 fastui-um
1781 962 1848 993 illic

972 999 1190 1036 meritorium,
1209 998 1239 1029 ἃ
1254 999 1341 1029 addit
1358 998 1532 1041 Ulpianus,-
1552 1011 1617 1033 non
1635 1003 1734 1044 magis
1751 1002 1851 1035 faCtu-

975 1049 1043 1071 rum
1064 1040 1127 1070 hoc
1140 1039 1208 1079 jure
1228 1039 1282 1070 suo
1299 1040 1360 1071 effe
1386 1040 1593 1075 fructuarium
1605 1067 1614 1081 ‚
1640 1053 1733 1084 quam
1751 1044 1773 1076 fi
1789 1045 1848 1076 do-

974 1090 1060 1114 mum
1082 1081 1270 1111 habitationi
1285 1081 1489 1121 destinatam,
1514 1084 1669 1117 locaverit
1686 1087 1725 1117 ad
1742 1086 1850 1118 natio-

973 1132 1045 1154 nem
1067 1123 1314 1162 jumentorun13
1344 1131 1397 1155 aut
1419 1123 1574 1156 stabulum
1599 1127 1781 1158 domesticis
1803 1127 1853 1168 Ju-

973 1165 1090 1196 mentis
1107 1164 1287 1195 carrucisve
1305 1173 1468 1204 paratum,-
1492 1167 1626 1206 pistrino
1643 1168 1799 1200 locaverit
1816 1170 1851 1201 in

974 1215 1040 1242 quo
1058 1204 1120 1236 effe
1137 1203 1340 1237 manifestum
1365 1206 1480 1237 domus
1504 1216 1558 1238 aut
1575 1206 1684 1240 stabuli
1701 1210 1851 1249 abusum,

973 1246 1146 1278 fruCtuario
1163 1246 1309 1278 illicitum
1322 1270 1332 1286 ,
1348 1248 1456 1289 negari
1475 1249 1596 1288 nequit.
1622 1250 1719 1290 idque
1736 1251 1852 1283 Paulus

973 1287 1143 1320 confirmat
1161 1288 1241 1328 l.14.
1260 1287 1302 1319 D.
1320 1289 1354 1319 de
1370 1288 1539 1328 usufrutitu.
1566 1289 1668 1329 Licet,
1685 1292 1853 1332 inquiens,

973 1330 1061 1361 multo
1077 1331 1174 1361 minus
1193 1328 1334 1361 fructum
1347 1331 1499 1371 percipiat.
1549 1331 1600 1362 Sic
1616 1331 1790 1364 Florentiae
1807 1334 1854 1364 le-

976 1372 1077 1412 gitur:
1103 1371 1153 1402 sed
1171 1370 1392 1410 scribendum,
1408 1368 1584 1410 fruitUm:
1600 1374 1632 1405 id
1652 1374 1715 1414 est,
1732 1374 1853 1407 fruftu-

975 1422 1046 1447 um:
1072 1420 1106 1444 ut
1120 1411 1245 1444 ostendi
1261 1413 1386 1453 pridem
1405 1413 1451 1445 lib.
1471 1424 1500 1446 2.
1520 1414 1640 1452 Observ.
1660 1425 1684 1447 c.
1710 1419 1756 1448 16.
1788 1416 1853 1448 Sed

974 1456 1014 1485 de
1032 1455 1060 1486 d.
1078 1453 1107 1495 §.
1126 1459 1155 1489 8.
1174 1454 1192 1485 l.
1214 1463 1261 1496 13.
1289 1455 1341 1487 vel
1364 1455 1473 1487 nimis:
1496 1456 1551 1488 nisi
1576 1457 1758 1490 addendum
1783 1458 1854 1490 obi-

974 1503 1041 1535 ter,
1065 1505 1217 1527 carrucam
1242 1496 1331 1536 cujus
1353 1497 1392 1527 ab
1420 1495 1561 1537 Ulpiano
1577 1498 1629 1529 ‘ibi
1654 1498 1692 1530 fit
1707 1502 1855 1539 mentio,

974 1536 1037 1569 ess‘e
1058 1531 1241 1569 vehiculum
1260 1538 1442 1578 dignitatis,
1459 1540 1487 1568 ἃ
1506 1539 1612 1580 bijugo
1630 1539 1647 1569 i.
1665 1541 1745 1571 unic.
1769 1541 1802 1572 C.
1818 1541 1854 1572 de

973 1579 1179 1610 honoratorum
1201 1579 1353 1611 vehiculis.
1376 1580 1395 1610 l.
1412 1581 1491 1610 unic.
1511 1580 1579 1611 Cod.
1603 1579 1705 1612 Theoti.
1725 1583 1785 1612 eod.
1801 1584 1850 1615 tit.

963 1628 1069 1661 atque
1093 1629 1293 1662 argentatum
1315 1622 1486 1662 aliquando
1502 1644 1511 1659 ‚
1536 1628 1589 1653 aut
1613 1629 1766 1654 auratum.
1797 1623 1852 1657 sed

972 1662 1036 1694 hoc
1053 1670 1252 1703 occuparunt
1268 1662 1335 1694 Viri
1350 1662 1536 1702 dottiffimi,
1553 1662 1674 1696 isaacus
1691 1663 1853 1697 Casaubo-

973 1714 1031 1737 n-us
1049 1728 1060 1744 ,
1090 1702 1187 1736 Notis
1209 1704 1248 1735 ad
1273 1703 1490 1745 Lampridium
1508 1727 1519 1744 ,
1549 1704 1733 1737 Alexandro*
1747 1707 1853 1739 Severo

972 1756 997 1778 c.
1015 1755 1068 1784 42.
1092 1744 1204 1777 Guido
1225 1744 1421 1779 Pancirollus
1433 1770 1443 1784 ‚
1467 1745 1609 1785 Thesauro
1627 1747 1703 1779 Var.
1720 1747 1782 1780 teu.
1799 1749 1852 1782 lib.

972 1797 1001 1859 (11.
1019 1797 1043 1859 ἵ
1057 1797 1110 1828 57.
1140 1788 1171 1819 &
1193 1786 1333 1828 Jacobus
1351 1787 1580 1822 Gomon-edus
1596 1789 1634 1822 ad
1654 1788 1724 1822 Cod.
1742 1788 1850 1825 Ἠκοιί,

994 1852 1001 1860 .
1031 1838 1072 1860 oc.

1036 1970 1154 2012 XIV‘.
1191 2005 1195 2008 .

684 2062 736 2099 De
754 2066 892 2102 ouer-ibus
899 2065 1092 2112 fi‘uitztciriae
1110 2067 1225 2104 domus.

114 2161 154 2193 ed
178 2160 365 2194 fruttuarius
391 2169 455 2193 non
473 2166 595 2192 tantum
612 2161 784 2193 commoda
799 2161 934 2199 frustua-

61 2163 110 2237 S
135 2204 187 2235 riae
205 2205 317 2236 domus
334 2205 491 2244 percipit,
514 2211 622 2234 verum
643 2203 672 2234 ἃ
689 2213 787 2234 onera
804 2204 870 2243 ejus
887 2203 932 2234 su-

62 2246 177 2278 stinet:
201 2254 287 2284 certa
305 2246 447 2282 ratione,
464 2253 535 2275 eum
553 2253 618 2275 non
634 2245 736 2276 minus
753 2245 818 2282 uti,
836 2254 931 2285 quam

61 2287 124 2319 frui
148 2294 313 2326 oportere.
344 2286 376 2318 in
396 2285 504 2326 primis
527 2288 780 2317 autem'tenetur
799 2287 931 2318 domum

62 2337 157 2370 quam
175 2328 316 2368 accepit,
332 2327 413 2358 tueri
431 2327 510 2366 l.44.
522 2326 564 2357 D.
583 2326 802 2366 deususrubiu:
819 2327 850 2358 id
865 2327 930 2366 est,

61 2378 206 2401 veterem
224 2378 293 2409 quae
311 2368 373 2407 est,
390 2366 533 2400 reficere.
556 2376 622 2408 quo
639 2369 765 2400 modo?
782 2368 931 2400 hactenus

62 2419 99 2443 ut
116 2411 152 2442 fit
171 2411 248 2442 sarta
265 2409 345 2442 tCEta
360 2410 378 2441 l.
391 2419 418 2450 7.
435 2408 463 2450 §.
476 2418 503 2440 2.
521 2407 562 2439 D.
583 2411 641 2440 eod.
661 2411 707 2440 tit.
734 2409 842 2441 Festus
861 2419 933 2450 por-

61 2461 118 2491 ro,
143 2452 248 2490 Sorte,
271 2451 394 2491 inquit,
413 2451 556 2492 ponebant
567 2456 623 2491 pro
646 2450 773 2491 integre.-
795 2452 826 2482 ob
845 2461 931 2492 quum

62 2494 177 2532 causum
199 2500 281 2534 opera
302 2493 418 2534 publica
432 2502 494 2533 quae
510 2491 660 2531 locuntur,
685 2499 718 2523 ut
734 2494 848 2534 integra
860 2500 930 2533 prce-

57 2533 192 2576 flentur,
207 2536 295 2574 sarta
311 2533 386 2566 tetta
401 2539 554 2567 vocantur.
581 2533 700 2573 sarcire
715 2535 789 2565 enim
804 2532 842 2573 est
859 2536 930 2565 ime-

40 2574 47 2584 ⁰
63 2585 150 2618 grum
159 2576 269 2614 facere.
294 2575 417 2609 Sartum
433 2576 527 2616 igitur
544 2574 574 2606 &
590 2575 709 2606 tectum
727 2574 849 2607 servare
865 2576 930 2615 est,

60 2621 121 2654 :(ut
139 2616 321 2648 observavit
336 2617 492 2654 Budaeus,
515 2616 670 2647 Annom'n
680 2616 848 2657 Pandpag.
861 2627 931 2657 205.

66 2657 187 2697 ἑξῆς.)
203 2658 361 2698 integrum
379 2658 408 2690 ἃ
426 2658 647 2696 incorruptum
665 2656 798 2690 servare.
824 2657 934 2689 Faciet

56 2706 173 2729 -autem
189 2697 376 2732 fructuarius
391 2698 583 2731 refectiones
599 2708 664 2730 non
681 2698 780 2731 solum
797 2698 932 2731 necess'a-

66 2741 147 2778 rias,
171 2737 223 2769 sed
242 2739 336 2772 etiam
357 2740 530 2780 voluptatis
547 2739 652 2778 causa,
671 2747 705 2771 ut
725 2742 857 2773 tectoria
870 2764 879 2778 ‚
905 2741 933 2773 ἅ

68 2781 251 2821 pavimenta
276 2780 304 2811 &
322 2779 448 2817 fimilia;
470 2781 570 2812 modo
587 2781 631 2812 nil
648 2783 797 2821 ampliet,
823 2791 883 2813 nec
901 2791 933 2814 u·

68 2822 126 2853 tile
143 2820 290 2851 detrahat
305 2822 332 2851 d.
349 2821 368 2852 l.
389 2830 416 2859 7.
434 2821 463 2862 ᾗ.
481 2830 510 2862 3.
527 2821 624 2853 debet
641 2832 725 2854 enim
744 2825 788 2854 uti
806 2824 934 2855 arbitra-

69 2870 105 2894 tu
122 2862 200 2893 boni
217 2861 292 2892 viri:
315 2861 348 2892 id
365 2861 429 2898 est,
446 2871 510 2893 non
527 2863 566 2893 ad
583 2862 690 2901 suum,
708 2863 760 2895 sed
778 2866 816 2896 ad
834 2865 933 2896 domi-

67 2905 99 2937 ni
124 2903 267 2935 modum.
309 2900 362 2935 De
386 2903 522 2934 tectorio
543 2902 614 2934 satis
634 2905 763 2937 dicium.
796 2913 828 2937 at
846 2907 932 2946 pavi-

66 2952 176 2977 menta
195 2952 265 2984 quae
281 2942 358 2981 sint,
382 2944 509 2984 quando
536 2944 683 2983 inventa,
707 2956 766 2987 qua
785 2947 933 2981 constite—

60 2988 133 3019 *rint
149 2992 217 3016 arte
230 3008 239 3023 ,
255 2984 379 3021 forma,
398 2985 552 3026 elegantia
570 2985 697 3024 piCturae
713 2997 809 3028 atque
827 2988 933 3027 operis

69 3027 234 3065 teffellati,
251 3026 413 3065 postremo
431 3027 596 3065 quomodo
615 3036 655 3057 ex
674 3027 772 3060 humo
785 3031 815 3060 in
833 3038 934 3061 came·

63 3072 117 3101 ‘ras
132 3069 183 3100 seu
198 3067 339 3099 fornices
356 3067 551 3105 transierint,
567 3067 740 3100 dicendum
756 3070 861 3102 foret:
879 3070 933 3103 nifi

61 3110 165 3149 *plene
182 3116 337 3141 executus
355 3108 432 3140 effet
458 3108 576 3140 Plinius
591 3109 638 3140 lib.
659 3113 708 3149 36.
727 3110 803 3142 Not.
821 3109 886 3152 hist.
906 3122 930 3143 c.

60 3156 122 3191 25·
142 3151 290 3184 cui.adde
305 3149 343 3184 fis
366 3149 587 3185 Casaubonum
601 3151 641 3185 acl
655 3151 798 3186 Suetonii
812 3151 931 3195 Julium

976 2173 1000 2194 c.
1026 2167 1076 2199 46.
1101 2163 1130 2194 &
1156 2162 1355 2203 Salmafium,
1378 2165 1511 2198 Plinian.
1540 2172 1657 2201 exercit.
1686 2169 1767 2201 Edit.
1793 2169 1851 2201 Ut-

975 2205 1201 2246 traj.pog.854.
1230 2205 1329 2246 Igitur
1346 2206 1456 2238 sufficit
1474 2208 1666 2249 fructuario,
1679 2212 1769 2251 (nam
1786 2211 1849 2243 huc

975 2246 1141 2284 revertor)
1164 2246 1295 2278 domum
1324 2247 1432 2280 sartam
1452 2250 1568 2283 tectam
1587 2252 1732 2292 praestare
1748 2254 1850 2284 modi-

974 2296 1010 2317 ca
1027 2285 1204 2318 refectione
1219 2287 1247 2319 δι
1264 2289 1373 2321 tutela.
1398 2292 1446 2322 Ad
1466 2301 1559 2323 novae
1576 2293 1826 2326 aedificationem
1838 2317 1849 2333 ,

974 2335 1027 2358 aut
1051 2328 1169 2360 veteris
1194 2328 1257 2360 fine
1275 2331 1368 2370 culpa
1387 2331 1436 2362 sua
1456 2334 1622 2374 collapsae,
1647 2334 1849 2366 restauratio-

974 2378 1047 2407 nem
1065 2378 1135 2400 non‘
1148 2375 1286 2402 tenetur.
1330 2372 1393 2403 Sed
1417 2382 1477 2404 nec
1495 2374 1646 2406 heredem
1665 2377 1759 2417 cogi,
1782 2377 1851 2408 col-

975 2409 1089 2450 lapsam
1107 2410 1291 2450 restituere‚
1316 2414 1441 2445 curiose
1460 2415 1612 2447 observat
1632 2416 1771 2457 Cicero,
1795 2417 1850 2449 To-

970 2452 1045 2496 picis
1064 2461 1094 2482 n.
1112 2462 1142 2492 3.
1191 2451 1298 2484 Verba
1319 2454 1498 2487 Ciceronis.
1544 2457 1578 2488 Si
1594 2459 1666 2489 aedes
1681 2469 1717 2490 eae
1735 2469 1849 2491 corrue-

974 2498 1061 2532 runt,
1071 2494 1216 2525 vitiumve
1228 2495 1380 2535 fecerunt,
1396 2506 1519 2536 quarum
1534 2499 1720 2540 ususfrubius
1735 2501 1849 2543 legatus

973 2533 1012 2575 ⁶st
1024 2557 1033 2573 ‚
1055 2535 1132 2565 heres
1149 2534 1296 2575 restituere
1314 2546 1372 2567 uon
1389 2538 1483 2578 debet,
1502 2548 1552 2570 nec
1567 2540 1699 2581 reficere,
1715 2552 1772 2573 non
1789 2553 1850 2575 rna·

971 2577 1018 2616 gis
1030 2599 1039 2614 ‚
1063 2586 1150 2617 quam
1162 2579 1278 2612 [ervum
1297 2576 1458 2618 restituere,
1474 2579 1504 2618 fi
1519 2582 1543 2612 is
1557 2582 1642 2624 cujus
1662 2584 1851 2622 ususfrubtus

974 2617 1088 2659 legatus
1105 2615 1162 2658 est,
1177 2618 1331 2659 deperiffet.
1355 2620 1407 2651 Sic
1422 2621 1550 2654 Cicero.
1574 2625 1671 2656 etiarn
1690 2622 1848 2665 Ulpianus

976 2660 1004 2690 d.
1029 2659 1048 2690 l.
1073 2669 1100 2699 7.
1126 2658 1153 2700 §.
1179 2668 1205 2690 2.
1233 2658 1270 2693 ὅ)
1285 2660 1304 2690 l.
1322 2664 1372 2702 65.
1395 2662 1423 2703 §.
1446 2673 1472 2695 1.
1491 2663 1530 2695 D.
1550 2666 1607 2697 eod.
1627 2667 1673 2698 tit.
1705 2666 1846 2707 scilicet,

977 2701 1050 2739 quia
1067 2699 1261 2731 ususfruffitus
1281 2701 1423 2742 respectu
1447 2705 1566 2737 domini
1584 2708 1787 2747 proprietatis
1803 2709 1849 2740 est

975 2740 1128 2773 servitus:
1146 2742 1233 2788 cujus
1243 2745 1407 2784 proprium
1418 2745 1480 2786 est3
1501 2748 1699 2780 ncdominus
1717 2749 1847 2789 facere,

979 2782 1031 2814 sed
1050 2790 1084 2814 ut
1101 2790 1186 2822 pati,
1211 2790 1356 2818 teneatur
1371 2786 1390 2818 l.
1413 2796 1458 2827 15·
1477 2788 1495 2830 §
1527 2798 1552 2822 1.
1582 2789 1624 2822 D.
1651 2791 1848 2831 deservituti-

977 2825 1039 2856 bus.
1063 2823 1094 2855 Si
1112 2831 1218 2856 tamen
1238 2825 1350 2867 heres,
1373 2836 1407 2860 ut
1425 2830 1548 2870 potest,
1565 2830 1679 2872 sponte
1696 2832 1849 2863 refecerit:

976 2864 1145 2905 collapsam
1171 2873 1312 2906 partem:
1334 2870 1378 2901 ait
1409 2869 1562 2910 Ulpianus
1583 2897 1591 2912 ‚
1623 2872 1775 2914 paliurum
1801 2874 1849 2905 uti

973 2906 1182 2953 fructuarium
1199 2909 1227 2940 d.
1246 2909 1264 2940 l.
1285 2918 1313 2950 7.
1333 2911 1361 2953 §.
1382 2922 1409 2943 2.
1435 2911 1583 2946 Tenetur
1599 2916 1693 2956 igitur
1710 2913 1847 2945 fructua-

977 2957 1039 2980 rius
1056 2949 1186 2981 domum
1201 2948 1312 2983 sartam
1329 2953 1446 2992 tectam
1464 2954 1585 2987 servare
1606 2966 1614 2986 :
1638 2964 1674 2986 ac
1690 2953 1710 2985 fi
1729 2954 1846 2996 ceffet3

977 2990 1021 3021 ait
1040 2988 1193 3031 Ulpianus
1210 2992 1237 3023 d.
1255 2992 1277 3024 l.
1295 3002 1323 3033 7.
1341 2994 1369 3037 §.
1391 3005 1419 3027 2.
1444 2996 1532 3036 poffe
1550 3006 1606 3037 per
1622 2995 1773 3027 arbitrum
1789 3005 1849 3030 co,-

977 3031 1020 3072 gi.
1046 3032 1153 3069 addit,
1177 3034 1264 3074 quod
1283 3035 1313 3067 &
1330 3037 1388 3068 alia
1405 3045 1502 3070 onera
1521 3037 1680 3078 agnoscit:
1704 3044 1846 3079 utputa,

976 3073 1097 3113 inquit,
1106 3071 1300 3116 stipendium,
1315 3079 1364 3109 vel
1382 3081 1540 3116 tributum,
1558 3079 1605 3109 vel
1620 3078 1775 3118 salarium,
1798 3079 1846 3112 vel

975 3114 1110 3147 alimenta
1123 3117 1159 3147 ab
1174 3126 1206 3148 ea
1221 3127 1251 3148 re
1269 3118 1377 3151 renea.
1405 3119 1450 3151 lta
1466 3119 1649 3152 Florentiae.
1676 3120 1750 3152 alibi
1769 3121 1848 3164 legi-

974 3157 1194 3232 turJotarichrKn:
1215 3157 1346 3194 fortass'e
1362 3162 1491 3195 melius:
1508 3168 1542 3195 ut
1558 3161 1649 3204 supra
1666 3163 1786 3197 monui.
1797 3165 1846 3236 scle

1184 3210 1206 3233 x
1228 3210 1248 3242 3
1810 3214 1845 3236 o-
