2036 3495
190 53 257 93 1:³24

195 136 266 169 infit
283 135 432 168 modum:
454 133 675 174 Jusjurcmclum
697 131 735 165 &²
759 132 796 162 ad
815 132 952 172 pecunias
976 129 1013 165 &³
1028 131 1066 162 ad

195 188 290 209 omnes
305 187 347 207 res
364 177 453 207 luerim
469 177 559 205 babet.
584 175 671 203 etiam
695 174 727 202 (le
752 174 841 212 operis
854 173 1066 213 jusjurandum

194 219 302 258 deferri
322 216 429 257 potest.-
451 225 501 244 nec
524 215 556 243 cle
580 214 692 254 injuria
718 215 799 253 queri
822 215 1064 254 adveryuriuspo-

196 259 248 299 list
260 284 268 297 ‚
291 268 354 289 cum
365 254 446 296 poffiz
457 255 671 295 jusjurandum
686 255 797 293 referre.
821 256 890 294 quid
907 260 1001 285 tamen
1012 279 1021 289 ,
1036 253 1066 293 fi

198 303 259 331 iueo
275 301 350 329 dicut
367 306 432 327 reus
440 303 473 335 se
488 296 636 325 libri-atum
647 316 656 332 ,
679 296 815 335 quonium
834 296 966 326 Stichum
981 305 1064 337 quem

192 342 378 381 promiserat,
392 343 480 376 putat
495 335 653 376 deceffisse?
676 336 747 367 Nun
763 338 815 365 eru
831 340 911 367 tritus
924 344 975 377 per
991 338 1065 368 relu-

197 383 309 411 tionem.
332 377 368 412 δέ)
390 379 449 409 ideo
469 384 555 418 putet
574 377 752 416 Marcellus,
777 377 813 412 ἐξ
838 377 928 416 νεὲἶε,
951 385 1003 409 aui
1026 388 1064 409 re-

197 421 370 452 mittendum
383 420 408 450 ei
417 419 647 459 jusjurandum,
667 425 720 449 aut
729 420 860 459 spatium
876 421 1066 458 dandum,ut

196 463 370 492 certioretur.
413 459 496 502 Quia
524 459 674 491 obscurus
701 461 791 491 locus
807 459 872 498 est,
896 460 1065 501 explicabo

196 504 366 542 integrum.
413 502 551 533 Primum
581 502 623 532 ait
650 500 821 541 Ulpianus,
853 501 1065 541 jusjurandum

195 543 313 575 deferri
333 542 420 583 posse
442 541 472 573 in
497 542 583 573 omni
611 541 698 573 causa
715 542 800 573 civili
819 542 847 573 ἀ
865 544 1066 583 pecuniaria,

196 587 296 625 idque
319 584 377 615 suis
395 584 534 615 ostendit
557 584 723 623 exemplis.
747 584 862 614 deinde
877 584 940 622 ait,
963 593 1066 615 errare

196 636 270 658 eum
287 626 336 657 cui
361 626 391 656 in
415 625 461 656 his
479 625 883 664 deferaturjusjurandum3
906 624 927 656 fi
954 634 1064 665 quera-

195 674 265 706 tur,
287 677 324 698 ea
347 667 507 705 delatione
532 665 585 697 fibi
609 665 677 697 fieri
701 666 862 706 injuriam:
888 666 970 706 quasi
993 675 1069 707 prae-

196 709 276 747 stet,
300 707 509 739 adversarium
527 708 629 747 urgeri
650 707 688 738 ad
705 708 949 748 probationem,
974 716 1068 747 quam

194 750 227 781 se
243 750 341 782 invita
360 747 579 789 superstitione
595 750 717 779 onerari
733 748 944 788 jurejurando,
962 748 1068 793 Quam

195 792 240 823 ob
265 791 357 822 rem?
389 791 430 821 ait
457 788 637 829 Ulpianus;
666 788 688 821 si
711 797 831 821 metuat
855 791 977 830 jurare,
1002 800 1067 822 non

195 834 268 874 cogi
285 833 406 871 jurare,
430 832 505 871 quin
526 830 612 871 poffe
625 831 839 871 jusjurandum
869 831 999 863 referre.
1022 842 1068 863 re-

197 874 295 905 {testi
316 872 443 914 quidem
461 871 525 911 ipse
544 872 636 912 poffit
653 872 755 912 jurare
771 882 811 903 ex
832 874 924 904 animi
943 873 985 904 sui
1004 872 1068 904 sen-

196 914 316 952 tentia,
340 923 372 945 re
398 914 426 944 ei
451 920 528 944 nOta
545 914 574 944 dt
592 922 695 944 certa:
720 921 785 944 tum
806 914 891 945 enim
910 923 1003 951 quam
1022 915 1064 946 di-

194 965 249 987 cat
273 955 415 993 causam,
440 964 480 986 ne
507 962 560 985 aut
580 955 681 995 juret,
704 963 757 985 aut
779 953 897 986 referat
918 956 1065 996 juduran-

195 997 298 1029 dum?
323 997 450 1028 nullam.
474 994 525 1026 sed
542 995 637 1036 quid,
661 995 682 1027 fi
708 1004 821 1037 neget,
846 1006 910 1028 rem
935 996 988 1028 fibi
1012 1006 1066 1028 no·

196 1048 260 1070 tam
284 1037 346 1069 esse
374 1046 427 1068 aut
452 1036 553 1075 dicat,
578 1038 617 1067 de
643 1046 678 1068 ea
704 1037 733 1068 se
755 1038 926 1068 dubitare?
947 1038 1006 1077 jam
1032 1044 1066 1068 ut

194 1079 291 1111 'ceffat
309 1079 445 1117 eiectio,
470 1078 511 1110 fic
535 1079 578 1109 ait
595 1076 767 1118 Ulpianus,
792 1088 854 1109 non
874 1078 944 1110 fore
962 1087 1064 1110 tutum

193 1130 252 1161 per
270 1121 475 1152 relationem:
492 1120 522 1151 δι
541 1120 615 1151 ideo
633 1129 673 1150 ex
693 1119 751 1150 hac
767 1119 874 1158 causa,
895 1119 1065 1152 secundum

193 1162 389 1194 Marcellum
407 1185 416 1199 ,
448 1169 502 1192 aut
526 1160 752 1192 remittendum
783 1162 811 1192 ei
833 1161 1078 1201 jusjurandum,

194 1213 249 1236 out
268 1203 399 1243 spatium
419 1202 556 1234 dandum
568 1225 577 1241 ,
595 1210 628 1233 ut
645 1204 854 1240 certioretur,
871 1204 899 1233 dt
917 1202 957 1234 fic
971 1203 1064 1243 juret.

235 1244 393 1284 Exposito
420 1244 621 1284 jurejurando
639 1265 648 1281 ,
680 1252 752 1274 cum
777 1244 974 1281 voluntario,
999 1253 1065 1276 tum

193 1285 396 1324 necessari0‚
432 1286 512 1326 parti
549 1284 643 1315 solito
676 1294 692 1314 a
725 1293 813 1325 parte
845 1293 906 1316 tam
936 1285 1065 1325 aliqua,

193 1336 288 1368 quam
314 1327 398 1358 nulla
423 1325 613 1366 probatione
644 1322 762 1357 deferri
795 1333 848 1356 aut
876 1325 1004 1358 referri:
1035 1336 1065 1358 a·

193 1378 252 1409 ge,
284 1377 369 1400 nunc
397 1367 436 1398 de
465 1367 601 1407 judiciali
630 1367 832 1407 jurejurando
861 1367 1066 1407 disputemus.

193 1409 250 1442 Est
275 1419 352 1441 vero
375 1408 557 1439 observatio
580 1408 645 1447 ejus
675 1408 769 1449 longe
794 1408 859 1439 alia.
889 1418 953 1440 non
982 1410 1066 1441 enim

193 1460 212 1483 a
235 1458 323 1492 parte
347 1448 491 1481 defertur
517 1448 614 1489 parti:
639 1447 691 1480 sed
709 1458 724 1479 a
740 1449 851 1489 Judice
868 1450 1009 1482 alterutri
1032 1451 1066 1482 li-

192 1492 382 1533 tigantium,
405 1490 456 1521 vel
480 1489 579 1529 actori
607 1490 658 1520 vel
684 1499 739 1521 reo
764 1490 923 1522 defertur:
955 1501 1014 1522 nec
1039 1501 1069 1522 a·

193 1534 286 1571 liter,
310 1540 401 1571 quam
418 1531 448 1562 in
466 1530 562 1562 caufis
579 1531 693 1563 dubiis.
717 1531 769 1562 Sic
783 1532 894 1564 definit
911 1531 1064 1572 Ulpianus

191 1575 212 1606 l.
230 1583 279 1615 31.
301 1573 343 1604 D.
360 1573 387 1604 h.
405 1578 426 1604 c.
451 1572 502 1604 sed
519 1581 588 1613 quae
606 1571 642 1604 fit
666 1569 763 1604 dubia
779 1573 887 1611 causa,
910 1583 974 1605 non
991 1574 1066 1605 defi·

191 1615 250 1648 nit.
268 1613 330 1645 visa
346 1621 451 1646 autem
470 1612 701 1653 Interpretibus
722 1613 863 1646 Eruditis
877 1616 937 1655 jam
953 1624 969 1646 a
986 1616 1064 1647 mul-

193 1657 235 1688 tis
253 1655 362 1688 seculis
377 1654 467 1687 causa
485 1654 634 1686 talis:ubi
651 1655 739 1686 actor
755 1655 836 1687 suam
851 1655 1065 1688 intentionem

190 1707 258 1737 uno
274 1697 423 1737 probavit
441 1696 538 1728 teste:
563 1694 628 1727 hoc
648 1704 823 1736 praetextu,
841 1696 924 1737 quafi
941 1707 1004 1729 uno
1022 1706 1065 1729 te-

191 1739 238 1772 ste
262 1739 317 1771 fiat
342 1736 514 1778 semiplena
541 1738 709 1778 probatio,
734 1748 807 1769 cum
830 1740 923 1779 plena
940 1738 1066 1770 constet

192 1781 329 1816 duobus.
352 1779 522 1820 semiplena
545 1788 662 1819 porte,
685 1786 721 1810 ut
737 1779 840 1820 ajunt,
866 1779 910 1811 est
937 1780 1063 1820 aliqua,

190 1822 269 1854 licet
284 1830 351 1852 non
368 1820 404 1852 fit
420 1830 493 1852 vera
511 1829 547 1851 ac
566 1816 717 1861 perfecta.
742 1822 785 1851 ita
809 1830 873 1852 non
897 1821 1008 1855 sufficit
1026 1825 1064 1853 ad

192 1861 496 1895 condemnationem
511 1870 564 1893 aut
580 1861 813 1893 absolutionem
825 1885 834 1899 ‚
855 1872 926 1894 curn
944 1862 1064 1894 causam

191 1914 259 1936 non
282 1903 379 1936 faciat
403 1904 518 1935 claram
543 1903 573 1934 δε
600 1911 730 1935 certam.
760 1911 792 1935 at
818 1899 896 1935 facit
918 1905 1064 1943 dubiam;

191 1947 345 1985 valetque
367 1943 539 1983 haetenus,
563 1951 598 1975 ut
617 1943 740 1983 Judex,
763 1945 876 1976 exasto
896 1945 1066 1985 jurejuran-

192 1987 236 2019 do
252 1989 282 2019 in
300 1986 554 2027 supplementum
572 1985 750 2017 deficientis
768 1986 967 2026 probationis
990 1988 1064 2027 (un-

193 2028 235 2060 de
262 2027 491 2068 suppletorium
517 2027 651 2065 dicitur)
676 2027 768 2066 poffit
797 2026 968 2059 secundum
993 2038 1064 2059 eum

192 2070 246 2110 qui
262 2069 412 2110 juraverit
428 2069 577 2109 judicare.
608 2068 659 2099 Sic
677 2068 745 2100 fere
763 2066 966 2109 Interpretes.
1005 2070 1065 2100 Sed

191 2111 269 2143 mibi
294 2120 465 2151 numquam
490 2110 617 2150 placuit.
642 2110 708 2141 imo
732 2109 854 2150 semper
872 2110 1064 2148 existimavi,

192 2162 317 2185 tantum
343 2152 465 2190 abeise3
489 2160 522 2182 ut
545 2151 638 2183 dubia
660 2151 695 2182 sit
717 2151 823 2190 causa,
847 2161 910 2183 uno
937 2151 1065 2183 subnixa

192 2194 289 2226 teste:
315 2203 348 2224 ut
364 2203 381 2224 e
400 2194 562 2225 contrario
579 2191 660 2223 clara
678 2192 784 2223 baberi
797 2216 805 2230 ‚
829 2202 936 2233 eoque
953 2203 1016 2224 non
1035 2203 1062 2224 a·

191 2236 287 2267 (toris
314 2235 514 2275 jurejurando
534 2258 544 2272 ‚
577 2234 628 2264 sed
653 2234 696 2264 rei
723 2233 923 2265 absolutione
943 2258 952 2272 ‚
984 2234 1064 2266 finiri

193 2278 319 2308 debeat.
363 2277 458 2317 Atqui
476 2285 554 2307 unus
573 2274 677 2313 testis,
701 2274 756 2306 etsi
776 2285 838 2307 non
859 2274 983 2315 praestet
1001 2277 1064 2317 ple·

192 2328 263 2350 nam
283 2318 524 2359 probationem,
541 2315 652 2357 utique
668 2315 746 2347 facit
765 2316 976 2357 semiplenam.
1003 2318 1064 2348 Au-

192 2360 264 2391 dio:
289 2360 339 2391 sed
365 2359 408 2391 est
433 2357 607 2396 somnium,
632 2358 662 2389 ἀ
687 2367 789 2390 merus
814 2368 914 2390 error.
937 2368 1000 2390 non
1021 2359 1062 2389 ita

191 2396 365 2441 Ulpianus,
390 2410 450 2431 nec
474 2400 641 2440 quisquam
682 2397 846 2431 Veterum.
879 2399 953 2439 quin
980 2401 1062 2440 apud

192 2442 345 2474 Senecam
369 2442 415 2472 lib.
434 2445 463 2473 6.
481 2444 513 2472 de
534 2440 648 2479 benefic.
677 2451 700 2472 c.
719 2445 748 2475 8.
772 2441 969 2481 Adversarius
985 2451 1063 2472 meus

193 2485 263 2514 dum
277 2485 421 2515 contraria
438 2484 527 2520 dicit,
539 2481 575 2517 δέ)
586 2483 856 2523 judicemsuperbia
873 2482 1009 2523 offendit,
1026 2480 1062 2516 ἐξ

191 2526 224 2554 in
239 2534 329 2555 uuum
347 2523 443 2564 testem
459 2531 557 2555 temere
572 2524 839 2563 dinzitlic‚cuusam
856 2533 946 2554 meam
960 2526 1061 2554 erexit.

193 2564 260 2604 Jam
283 2565 425 2597 Valerius
449 2565 612 2597 Maximus
637 2565 683 2596 lib.
703 2576 731 2603 4.
755 2575 778 2596 c.
800 2574 821 2596 t.
840 2565 867 2607 §.
889 2574 934 2596 11.
965 2563 1063 2595 Unius

193 2604 347 2646 testimonio
369 2607 492 2648 aliquem
518 2607 644 2644 credere,
671 2605 800 2647 peffimi‚
833 2606 960 2646 inquit,
997 2605 1063 2644 efflet

193 2648 321 2688 exempli.
347 2646 434 2689 Quid
455 2647 679 2680 Constantinus
702 2649 721 2678 l.
738 2657 766 2684 9.
789 2647 808 2689 §
839 2657 862 2679 1.
883 2647 915 2678 C.
934 2649 966 2678 cle
988 2645 1063 2685 telli-

193 2688 271 2720 bus?
303 2695 408 2726 vetat,
429 2692 520 2720 unius
548 2689 633 2720 testis
661 2688 896 2729 responsionem
929 2688 1061 2720 omnino

192 2729 310 2766 audiri,
331 2728 449 2760 etiamsi
472 2731 629 2770 praeclnrae
653 2730 757 2762 Curiae
782 2731 907 2761 honore
938 2729 1062 2770 praeful-

192 2779 277 2812 geat.
303 2768 379 2801 Non
398 2769 491 2810 igitur
508 2771 551 2802 est
570 2771 737 2812 semiplena
753 2772 902 2813 probatio
913 2781 977 2802 uno
988 2780 1063 2802 con-

191 2813 273 2845 stans
296 2810 394 2848 teste3
425 2810 476 2841 sed
502 2812 596 2844 nulla.
620 2812 854 2853 consequenter
878 2822 914 2844 ca
939 2822 1001 2844 non
1027 2810 1063 2843 fit

193 2854 289 2886 dubia
306 2851 414 2883 causa:
431 2853 461 2882 in
480 2860 540 2890 qua
556 2854 609 2893 (ut
625 2852 779 2893 Ulpianus
797 2852 898 2886 refert
915 2854 942 2885 d.
960 2855 978 2884 l.
992 2854 1064 2894 31.)

191 2896 295 2927 solent
311 2893 390 2933 saepe
409 2892 554 2932 Judice8‚
576 2895 687 2926 exacto
711 2895 932 2936 jurejurando,
957 2894 1062 2926 secun·

191 2938 266 2970 dum
285 2944 356 2967 eum
373 2935 512 2974 judicare
528 2935 580 2978 qui
595 2935 753 2973 iuraverit.
798 2936 883 2968 Mihi
908 2936 972 2968 hoc
995 2936 1063 2978 plus

192 2978 339 3012 videtur,
365 2975 426 3007 ess'e
445 2975 562 3014 pessimi
581 2977 608 3005 ἀ
626 2978 791 3015 periculosi
817 2979 955 3018 exempli
974 3001 984 3017 ‚
1008 2977 1061 3009 ali-

192 3028 290 3061 quem
307 3018 414 3048 saltem
431 3025 527 3048 unum
546 3017 663 3047 habere
684 3019 813 3057 testem,
839 3020 868 3050 dt
886 3021 915 3050 in
941 3018 1062 3059 supple·

189 3069 333 3093 mentum
358 3057 536 3090 deficientis
562 3057 761 3097 probationis
784 3069 800 3088 a
817 3061 928 3098 judice
954 3061 1062 3092 delato

187 3101 391 3143 jureiurando
409 3101 438 3131 in
457 3099 582 3140 propria
601 3097 689 3129 causa
709 3099 737 3129 ὅ(
750 3097 1058 3140 [είὶρῐῃὸζῳιοόᾶῐῃ-

189 3143 290 3175 modo
307 3139 450 3180 judicem
470 3139 628 3172 constitui.
673 3141 779 3180 Atque
798 3140 878 3170 hanc
894 3142 1062 3174 absurdita-

190 3192 256 3217 tem
273 3182 328 3224 ipsi
347 3183 398 3223 qui
418 3190 566 3222 tuentur,
589 3180 746 3222 sentiunt,
768 3180 908 3222 ideoque
932 3190 1062 3224 vetant,

617 41 972 81 Gesstxnx
1029 37 1291 77 Noonr
1348 39 1564 77 Coit-u·-

1110 139 1151 161 ne
1171 130 1233 162 tale
1251 130 1462 171 J'usjurandum
1479 140 1495 162 a
1510 130 1623 170 Judice
1638 130 1689 162 alii
1707 130 1979 172 deferatur,quam

1108 171 1178 201 viro
1195 171 1284 204 bono
1308 174 1337 204 &
1364 173 1404 203 de
1429 172 1564 212 perjurio
1592 171 1656 203 non
1685 173 1837 213 suspecto.
1880 172 1991 220 Tam-2

1108 220 1202 249 quam
1219 223 1267 246 res
1285 213 1448 252 injudicio
1471 214 1506 245 sit
1522 213 1712 254 litigantium
1730 215 1890 253 moribus,
1909 219 1974 250 nod

1107 251 1170 284 fide
1186 256 1232 294 rei
1246 254 1339 295 gestae
1364 255 1552 294 aestimanda.
1594 254 1656 286 Sed
1678 255 1750 294 lex,
1775 259 1848 287 cum
1866 257 1904 288 de
1921 263 1986 297 pe„

1107 295 1199 325 cunia
1221 296 1380 336 litigatur,
1405 296 1520 327 merito
1546 304 1658 327 omnes
1681 297 1778 328 habet
1803 296 1972 337 inspectos}

1108 330 1244 376 peffi'mis
1264 337 1461 376 quibusque,
1479 346 1544 376 quo
1561 337 1673 369 melius
1690 338 1850 378 decipiant
1864 338 1973 380 {impli-

1108 375 1231 416 ciores,
1255 379 1441 450 plerumque
1468 378 1497 409 se
1519 387 1578 418 pro
1603 378 1676 409 viris
1701 378 1795 410 bonis
1818 379 1847 410 ἃ
1866 378 1991 412 Γεηίὶὶέι,

1108 419 1302 458 gerentibus.
1344 419 1387 450 So

1109 460 1333 499 providentia3
1356 469 1390 491 ut
1406 459 1514 492 sedulo
1532 470 1662 500 caveat,
1685 471 1725 492 ne
1746 462 1811 492 hoc
1826 462 1974 502 jusJurana

1109 501 1185 531 dum
1202 499 1325 532 deferat
1344 502 1375 532 in
1395 501 1490 534 caufis
1505 503 1651 543 gravibus
1669 502 1698 533 dt
1714 502 1834 541 arduis,
1859 503 1911 535 sed
1934 504 1988 540 le-,

1109 541 1212 572 vibus.
1257 541 1327 582 Ego
1350 552 1427 573 vero
1452 553 1513 576 nec
1539 541 1603 575 hoc
1620 543 1722 584 reperi
1741 553 1871 585 usquam
1894 545 1977 584 apud

1112 578 1265 613 Veteres:
1288 582 1370 613 nulla
1388 582 1532 623 ratione,
1555 594 1611 616 cur
1628 585 1725 626 magis
1744 586 1774 617 in
1794 585 1992 625 levioribus..

1109 632 1204 696 guam
1220 623 1436 664 gravioribus,
1460 629 1551 657 unius
1575 626 1758 659 testimonio
1776 625 1865 658 causa
1883 627 1993 659 dubia*
2017 637 2020 642 ·

1135 665 1178 696 eri
1196 665 1300 705 poslit.
1324 664 1437 704 mitto,
1460 667 1547 704 quod
1571 667 1699 699 difficile
1719 668 1803 699 diflu
1821 668 1883 706 est,
1908 672 1993 709 quae.

1109 706 1146 737 fit
1170 706 1266 744 levis,
1291 714 1359 746 quae
1383 707 1504 746 gravis,
1528 708 1616 739 causa
1638 708 1667 739 in
1696 717 1780 740 tanta
1804 710 1974 748 prael'ertim

1111 747 1277 778 hominum
1304 746 1529 788 causarumque
1557 749 1748 790 disparitate.
1792 748 1878 793 Quid
1902 751 1978 791 ergo

1111 788 1181 820 est?
1205 786 1280 819 mihi
1297 788 1326 819 in
1345 788 1507 828 proposito
1524 790 1617 826 dubia
1634 792 1759 822 videtur
1777 792 1883 823 causa:
1906 801 1979 824 cum
2010 821 2016 827 ,

1111 829 1180 861 talis
1202 839 1239 860 ac
1266 836 1351 860 tanta
1377 831 1535 870 utrimque
1556 830 1698 863 adfertur
1720 830 1888 872 probati03
1920 835 1980 872 qua

1110 871 1352 911 quodammodo
1369 879 1424 911 par
1442 870 1496 902 fiat
1512 871 1624 904 actoris
1641 873 1670 903 ἀ
1688 874 1731 904 rei
1749 873 1856 913 causa3
1869 875 1895 905 a&
1908 879 1980 913 rau-

1110 913 1143 944 lo
1168 920 1336 944 momento
1357 913 1456 943 modo
1480 912 1567 952 huc,
1593 914 1691 945 modo
1715 915 1789 946 illuc
1808 938 1817 953 ,
1848 916 1993 947 inclinet.

1109 953 1227 993 judicis
1250 952 1387 984 animus:
1411 953 1552 993 nescius,
1576 956 1650 995 quid
1671 964 1710 986 ex
1736 955 1881 987 omnibus
1900 966 1978 996 prae-

1110 996 1203 1035 cipue
1222 994 1306 1034 sequi
1331 1004 1403 1026 eum
1423 1004 1586 1036 oporteat.
1634 995 1707 1027 Hoc
1726 997 1824 1027 modo
1842 998 1978 1036 dubium,

1109 1045 1204 1077 atque
1227 1037 1415 1076 ambiguum,
1445 1038 1528 1077 apud
1555 1037 1684 1068 Latinos
1709 1038 1830 1078 accipi,
1850 1038 1978 1075 ,ostendi

1108 1078 1156 1109 lib.
1173 1087 1202 1118 3.
1223 1077 1365 1108 Probabil.
1386 1087 1410 1108 c,
1427 1081 1456 1108 6.
1483 1079 1665 1118 eodemque
1693 1079 1792 1111 modo
1811 1081 1893 1120 apud
1911 1079 1977 1111 Te-

1110 1121 1245 1150 rentium
1265 1139 1275 1153 ,
1307 1118 1518 1158 Ciceronem,
1550 1118 1739 1159 Horatium,
1769 1130 1860 1153 coena
1885 1122 1991 1153 dubia.

1110 1168 1261 1197 vocatur,
1286 1166 1348 1191 non
1368 1169 1403 1191 ea
1420 1161 1449 1191 in
1467 1169 1527 1200 qua
1549 1170 1676 1201 parum,
1702 1162 1753 1193 sed
1770 1163 1800 1193 in
1826 1171 1887 1201 qua
1904 1164 1980 1195 mul-

1110 1209 1198 1239 tum,
1221 1200 1283 1231 cibi
1302 1202 1514 1242 undequaque
1537 1202 1580 1233 ita
1596 1205 1781 1243 praeparati3
1806 1213 1838 1234 ut
1858 1205 1978 1235 animus

1109 1243 1255 1273 convivae
1272 1242 1308 1273 sit
1326 1243 1484 1282 incertus,
1508 1244 1583 1284 quid
1602 1243 1769 1284 praefern'm
1789 1245 1906 1285 eligere
1925 1247 1976 1277 de-

1109 1283 1192 1314 beat.
1225 1282 1347 1314 Demus
1366 1284 1444 1315 baec.
1476 1285 1517 1315 At
1534 1285 1660 1316 turbant
1678 1286 1778 1327 impp.
1804 1285 1978 1318 Diocletia-
2005 1295 2008 1298 ’

1109 1334 1166 1356 nus
1185 1325 1212 1356 ἃ
1237 1324 1450 1356 Maximianus
1474 1327 1505 1357 in
1529 1326 1548 1356 l.
1566 1336 1596 1366 3.
1624 1327 1656 1357 C.
1676 1328 1708 1357 cle
1733 1329 1788 1357 reb.
1814 1329 1912 1359 credit.
1936 1328 1981 1359 ita

1110 1365 1337 1397 rescribentes:
1363 1366 1401 1396 In
1424 1368 1499 1397 home
1517 1366 1590 1406 fidei
1612 1367 1822 1407 commetiens,
1845 1378 1895 1400 nec
1920 1379 1978 1400 non

1111 1406 1227 1448 [etiam]
1251 1408 1281 1437 in
1307 1409 1413 1438 ciererz's
1435 1406 1544 1446 causis,
1567 1409 1663 1449 inopia
1690 1411 1908 1449 probationum,
1927 1418 1980 1450 per

1103 1450 1229 1489 judicem
1240 1448 1430 1489 jurejurando
1448 1449 1533 1485 cuusu
1554 1452 1668 1490 cognitu
1692 1460 1736 1481 res
1759 1452 1851 1482 decidi
1865 1457 1978 1492 oportet.

1111 1488 1283 1520 Difficilem
1303 1498 1397 1529 atque
1415 1491 1601 1530 impeditum
1622 1490 1728 1523 locum
1754 1491 1895 1523 efficiunt
1912 1502 1982 1523 ver-

1108 1531 1167 1569 ba,
1190 1531 1285 1570 inopia
1295 1532 1516 1570 probationum:
1540 1532 1653 1571 quibus
1672 1532 1746 1572 quid
1774 1533 1980 1573 indigitetur,-

1107 1572 1249 1603 nondum
1267 1571 1444 1602 indicarunt
1457 1572 1632 1613 praestantia
1649 1572 1782 1613 ingenia.
1808 1573 1876 1614 Ego
1888 1597 1897 1612 ,
1922 1583 1980 1613 pro

1107 1622 1178 1644 mea
1196 1613 1439 1651 mediocritate,
1463 1623 1531 1644 eam
1551 1613 1748 1645 locutionem
1768 1624 1807 1646 ex
1826 1614 1980 1655 professo,

1109 1655 1157 1692 «St,
1181 1662 1216 1685 ut
1237 1653 1312 1685 mihi
1333 1654 1497 1692 blandior,
1520 1654 1659 1686 feliciter
1683 1657 1710 1686 d.
1727 1665 1751 1687 c.
1767 1657 1796 1687 6.
1821 1657 1989 1697 explicui,'

1107 1695 1189 1726 faeta
1205 1695 1269 1735 ejus
1295 1697 1536 1737 comparatione
1562 1706 1634 1727 cum
1653 1696 1740 1728 fimili
1761 1698 1790 1728 in
1808 1697 1826 1728 l.
1851 1707 1874 1729 1.
1894 1698 1925 1729 C.
1947 1699 1980 1729 de

1107 1735 1326 1778 quaestionibus,
1344 1737 1372 1768 ἀ
1390 1736 1532 1778 singulari
1554 1737 1676 1778 ApuleJi
1694 1738 1778 1770 loco.
1803 1739 1897 1780 igitur
1915 1739 1978 1771 non'

1108 1777 1247 1809 adferam
1273 1778 1384 1818 plura:
1414 1780 1606 1818 contentus,
1630 1780 1797 1819 indicasse,
1821 1782 1908 1812 unde
1935 1780 1982 1812 lu-

1110 1829 1181 1851 men
1202 1820 1267 1859 peti
1284 1819 1387 1864 poffit.
1960 1857 1963 1861 .

1149 1860 1307 1891 Notabilis
1333 1860 1395 1892 fuit
1420 1860 1560 1902 superior
1587 1862 1752 1904 utriusque
1779 1862 1985 1904 jurisjurandi,

1109 1899 1299 1934 differentia.
1327 1900 1380 1933 sed
1403 1902 1596 1935 non-minus
1621 1905 1713 1945 digna
1737 1904 1783 1936 est
1809 1905 1912 1936 notari
1935 1903 1979 1935 se*

1107 1943 1324 1983 quens:quod
1342 1942 1412 1984 post
1424 1944 1635 1984 jusjurandum
1655 1955 1671 1976 a
1686 1945 1797 1985 Judice
1813 1946 1979 1984 exactum,

1107 1994 1171 2016 non
1191 1984 1296 2025 potest
1314 1985 1413 2016 videri
1440 1986 1628 2018 transactum
1642 2009 1650 2023 ,
1674 1996 1738 2018 non
1766 1990 1981 2018 concurrente

1109 2026 1297 2067 litigantium
1317 2025 1479 2058 consensu.
1504 2030 1601 2068 magis
1628 2026 1689 2058 fuit
1706 2029 1827 2068 jurandi
1849 2028 1979 2059 neceffi-

1109 2075 1174 2106 tas,
1199 2075 1339 2108 cogente
1357 2068 1486 2107 judice,
1510 2067 1598 2099 causa
1625 2069 1764 2110 alioquin
1780 2069 1983 2100 inextricabi-

1108 2107 1153 2140 11:
1184 2117 1289 2148 coque
1316 2109 1509 2148 permittitur
1531 2109 1664 2149 deinde,
1697 2111 1785 2142 litem
1818 2105 1980 2141 instaurari

1108 2149 1190 2190 quafi
1208 2151 1381 2190 integram
1404 2147 1425 2181 fi
1448 2151 1515 2190 quis
1541 2151 1645 2189 dicat,
1671 2150 1699 2182 se
1721 2151 1872 2182 invenisse
1894 2153 1980 2182 nova'

1107 2190 1312 2222 instrumenta
1334 2190 1451 2231 quibus'
1466 2201 1550 2223 nunc
1567 2191 1637 2223 solis
1661 2191 1766 2224 usurus
1786 2192 1830 2224 fit.
1854 2201 1884 2222 at
1907 2192 1927 2224 fi
1952 2202 1981 2223 a·

1107 2232 1161 2263 lias
1177 2233 1258 2263 inter
1277 2232 1359 2272 ipsos
1376 2233 1535 2273 litigantes
1554 2241 1666 2265 mutuo
1684 2233 1834 2265 consensu
1853 2232 1979 2265 finitum

1105 2273 1305 2314 jurejurando
1322 2273 1356 2305 fit
1374 2276 1560 2315 negotium,
1584 2277 1647 2306 non
1665 2275 1871 2314 conceditur,
1892 2277 1976 2306 idem

1108 2315 1286 2354 retractam
1303 2313 1385 2356 quasi
1404 2316 1591 2347 transactum
1609 2316 1654 2347 fit.
1679 2314 1859 2357 Utrumque
1876 2315 1980 2347 obser-

1108 2365 1159 2386 vat
1178 2355 1276 2395 Gajus
1301 2357 1320 2388 l.
1338 2366 1386 2398 31.
1407 2356 1447 2388 D.
1468 2358 1494 2387 b.
1512 2363 1532 2387 t.
1557 2356 1711 2396 posterius
1737 2354 1815 2396 Imp.
1843 2357 1978 2387 Antoni-

1107 2407 1163 2429 nus
1178 2397 1196 2428 l.
1213 2406 1235 2428 1.
1255 2397 1286 2428 C.
1304 2399 1336 2428 de
1354 2399 1411 2429 reb.
1432 2399 1531 2428 credit.
1556 2397 1660 2429 Verba
1679 2407 1743 2429 non
1763 2399 1851 2429 lubet
1868 2398 1982 2429 adscri-
2034 2434 2035 2442 ἵ

1106 2439 1200 2470 bere:
1223 2438 1295 2478 quia
1313 2438 1382 2469 sunt
1399 2439 1572 2476 complura.
1596 2439 1695 2470 solum
1713 2441 1871 2476 monebo,
1895 2439 1981 2470 hunc‘

1105 2481 1132 2511 d.
1150 2481 1168 2510 l.
1190 2489 1214 2510 1.
1240 2480 1360 2511 versum
1373 2503 1382 2518 ‚
1407 2479 1650 2520 Nifispecialicer
1662 2481 1710 2510 boc
1727 2481 1786 2521 lege
1801 2482 1977 2519 excipiatur,

1106 2522 1270 2552 Antonino
1288 2520 1350 2552 esse
1369 2531 1384 2551 a
1402 2520 1603 2552 Triboniano
1619 2521 1811 2561 adscriptum
1829 2531 1869 2552 ex
1887 2521 1905 2551 l.
1925 2521 1978 2552 ult.

1107 2561 1138 2593 C.
1155 2561 1212 2593 eod.
1231 2563 1276 2592 tit.
1299 2561 1361 2601 ipsa
1388 2561 1507 2593 difficili
1533 2570 1628 2601 atque
1656 2562 1788 2593 obscura
1838 2562 1977 2601 ideoque

1108 2603 1159 2634 hic
1177 2613 1240 2634 non
1259 2603 1456 2644 negligenda.
1487 2602 1614 2634 Thema
1633 2604 1695 2634 tale
1712 2604 1765 2635 est.
1822 2604 1977 2644 egatarius

1106 2645 1145 2675 ab
1164 2644 1281 2675 herede
1302 2653 1340 2675 ex
1358 2643 1547 2675 testamento
1568 2643 1647 2684 petit
1668 2646 1817 2685 legatum.
1841 2646 1870 2676 id
1891 2643 1980 2676 testa-

1106 2694 1250 2718 mentum
1273 2694 1425 2725 nusquam
1447 2693 1588 2725 apparet.
1615 2687 1780 2727 legatarius
1804 2687 1907 2717 delata
1939 2685 1977 2716 ab

1106 2728 1225 2758 herede
1241 2726 1430 2757 conditione
1445 2726 1546 2765 jurat,
1569 2726 1624 2758 fibi
1650 2728 1737 2768 quod
1757 2729 1859 2768 petit,
1884 2736 1914 2758 te
1925 2727 1980 2758 ssa·

1107 2775 1217 2800 mento
1242 2766 1304 2798 esse
1327 2766 1478 2808 legatum.
1514 2766 1605 2800 heres
1630 2769 1723 2801 solvit
1750 2770 1898 2809 legatum.
1922 2778 1979 2808 po·-

1105 2810 1169 2842 stea
1184 2817 1314 2848 reperto
1331 2808 1522 2840 testamento
1534 2833 1543 2848 ,
1568 2810 1586 2841 li
1615 2819 1668 2841 uet
1687 2809 1765 2841 falso
1779 2811 1913 2849 juratum
1930 2819 1980 2840 es·

1106 2851 1147 2883 se.
1172 2851 1338 2890 quaeritur,
1351 2859 1388 2881 an
1406 2849 1584 2889 indebitum
1612 2852 1735 2882 oluturn
1755 2853 1856 2892 repeti
1874 2851 1979 2891 poffit,

1107 2890 1471 2931 resciffojurejurando‘?
1495 2891 1665 2932 Negabant
1691 2892 1844 2925 Veteres:
1877 2890 1979 2923 causa-

1402 427 1434 450 et
1459 420 1488 451 δι
1512 421 1608 451 altera
1629 419 1732 458 ..ludici
1755 421 1972 454 commendari
2013 431 2018 447 l

2034 1843 2036 1868 i

2033 2709 2035 2724 l

1107 2936 1151 2973 ti,
1174 2934 1262 2973 quod
1280 2941 1344 2963 non
1362 2941 1495 2973 oportet
1512 2933 1608 2973 quaeri
1628 2935 1668 2965 de
1686 2934 1844 2974 perjurio,
1863 2932 1980 2978 praesti·
2032 2961 2034 2977 J

1106 2983 1141 3006 to
1165 2983 1205 3005 ex
1231 2973 1383 3004 consensu
1405 2974 1620 3014 jurejurando.
1644 2976 1706 3007 Sed
1730 2983 1842 3006 contra
1859 2974 1979 3012 placuit

1104 3016 1299 3056 justiniano,
1323 3015 1451 3047 Nullum
1480 3026 1516 3047 ex
1537 3016 1709 3058 ,hujusmodi
1719 3015 1846 3056 per'urio
1863 3014 1981 3044 lucrum·

1105 3060 1130 3089 ei
1145 3059 1282 3088 accedere.
1309 3056 1349 3088 Et
1366 3057 1474 3097 postea
1488 3068 1497 3088 :
1518 3056 1570 3089 Ne
1586 3059 1633 3088 cui
1649 3067 1685 3088 ex
1698 3057 1751 3088 deli
1780 3066 1794 3086 ο
1810 3056 1926 3095 impium
1935 3053 1978 3091 fi-

1105 3101 1133 3130 bi
1149 3099 1262 3130 lucrum
1278 3094 1384 3139 afferre
1406 3096 1509 3139 nostris
1534 3098 1644 3170 lepibus
1671 3098 1851 3142 concedatur.

1105 3141 1185 3172 ratio
1210 3140 1302 3180 plena
1332 3139 1524 3180 probitatis:
1570 3141 1610 3171 ed
1634 3145 1721 3178 patet
1748 3138 1855 3176 latius,
1884 3141 1979 3177 quam

1105 3181 1286 3224 Imperator
1305 3181 1394 3215 velit.
1416 3181 1498 3213 hanc
1515 3188 1604 3214 certe
1626 3178 1935 3226 retinentibusrda,
1957 3177 1991 3210 ff

1159 3231 1163 3233 ’
1858 3227 1952 3261 potes
1963 3237 1976 3258 ,-

1895 3095 1980 3127 Haec'
2032 3078 2033 3081 Ἴ
