2036 3495
144 122 191 165 56
216 135 217 139 ¹
570 112 602 148 G
635 125 655 148 i:
690 122 711 145 rt
747 120 767 145 Λ
798 121 820 145 a
854 119 877 142 D
911 118 930 142 1-

150 217 201 240 tur
217 207 383 238 saevientes
399 203 571 244 unguibus:
588 209 663 240 quas
675 208 765 240 mque
783 197 914 237 proprie
931 196 1022 228 besti-

150 260 183 281 as
210 249 294 286 dici,
318 246 429 278 auctor
452 244 497 275 est
522 242 658 274 Isidorus
678 241 726 270 lib.
750 248 795 269 12.
815 238 933 278 Origin.
951 248 975 268 c.
995 245 1023 269 2.

147 289 353 330 sequentibus
373 286 488 316 verbis.
533 280 696 323 Bestiarum
719 280 892 311 vocabulum
911 280 1026 319 proprie

149 330 283 361 convenit
299 327 424 358 leonibus
436 349 444 363 ‚
460 326 601 366 tigribus,
617 323 733 363 pardis,
752 321 788 355 ὃ)
805 320 959 360 vulpibus,
977 330 1024 350 ca-

150 373 306 409 nilusque,
330 367 367 402 ἐξ
384 365 475 404 simiis
489 390 497 405 ,
521 365 557 400 ἐξ)
580 364 687 395 caezerz's
710 373 771 404 qziae
791 362 838 392 vel
854 371 899 391 ore
915 361 1026 392 velun-

148 413 256 454 guibus
272 410 408 445 sit-vlunt.
433 408 528 449 igitur
547 415 611 437 non
630 404 741 436 resistit
760 402 936 443 Ulpianus,
960 411 1026 442 quo

124 471 131 476 ·
151 453 254 485 minus
272 451 479 491 indignentur
497 459 512 479 a
532 448 673 479 Praetore
701 443 807 476 bestiae
827 453 939 475 omnes
957 453 1026 484 quae

149 493 281 524 saexiunt
298 491 447 523 dentibus
467 491 517 521 vel
534 488 701 529 unguibus.
720 487 815 526 quid,
832 484 851 515 si
864 485 1028 523 cornibus,

149 543 204 566 aut
228 533 344 565 aliter?
368 532 498 564 rationis
524 530 591 565 est,
623 529 674 559 vel
700 529 767 559 illas
794 525 1028 565 comprehendi

149 575 300 608 Praetoris
328 573 501 612 sententia,
525 571 646 611 quippe
669 579 740 600 curn
759 568 882 612 soleant
900 576 1030 607 quoque

148 619 181 649 in
204 626 298 648 arena
324 614 480 647 exhiberi.
529 612 739 651 Claudianum
766 609 838 641 audi
863 609 912 639 lilJ.
928 619 958 649 3.
983 608 1032 639 De

150 660 258 691 laudib.
279 658 409 689 Stilicon.

192 719 203 725 -
300 717 311 724 -
356 696 558 730 Luxziriantis
576 704 670 726 arente

195 742 345 780 Delicias,
367 745 498 781 pompam
513 746 678 775 nemorum,
701 735 896 777 quodcumque
912 739 1031 765 tremen-

278 785 346 814 ditm

192 826 359 862 Dentibus,
386 829 439 855 aut
455 821 567 862 insigne
578 820 677 862 jubis,
699 823 752 849 aut
771 817 861 848 nobile
878 826 966 848 cornu
978 840 988 856 ,

196 868 262 899 Aut
278 868 407 907 rigidum
423 866 489 903 setis
506 863 630 903 capitur.

152 909 311 942 Nondum
328 907 460 939 Praetori
480 903 690 936 satisfactum:
715 901 744 932 δι
763 899 857 931 sentit
876 898 1032 940 Ulpianus

154 952 204 983 his
224 948 339 981 verbis.
385 948 469 980 Nam
487 947 578 988 quid,
595 943 624 982 fi
642 944 680 973 leo
692 942 752 981 fit,
775 941 821 972 vel
838 941 898 972 alia
914 943 1033 972 dentata

155 991 330 1032 mansueta?
353 990 430 1030 quid
454 989 507 1020 hic
535 985 713 1026 Ulpianus?
738 983 866 1014 videtur
882 981 1032 1023 significa-

155 1044 207 1065 re:
224 1033 310 1073 quod
328 1031 408 1063 solet
423 1031 453 1062 in
464 1038 558 1061 arena
573 1027 796 1070 pugiiaricum
815 1023 920 1055 bestiis
936 1024 1031 1055 feris:

153 1084 191 1107 ut
214 1074 285 1106 sunt
311 1074 440 1111 leones,
465 1072 495 1102 ὃς
521 1069 645 1101 ssmiles-
677 1068 771 1108 igitur
795 1065 934 1103 Praetor,
958 1074 1032 1096 cum

154 1116 272 1148 bestias
299 1115 400 1153 dixit,
424 1112 538 1154 procul
563 1110 662 1142 dubio
682 1108 931 1148 qualescumque
950 1105 1033 1138 feras

157 1157 300 1199 designat
321 1157 456 1188 bestias:
482 1163 543 1185 nec
566 1161 647 1193 opus
671 1150 753 1188 fuit,
778 1149 840 1179 hoc
857 1148 1034 1179 admoneri.

157 1200 220 1232 Sed
236 1199 406 1239 aliquando
424 1196 459 1228 fit
471 1219 481 1235 ,
507 1203 541 1226 ut
558 1195 589 1225 in
613 1200 739 1224 arenam
757 1191 922 1233 mittantur
938 1190 1035 1221 etiam

156 1243 243 1279 aliae,
269 1250 334 1272 non
360 1239 438 1270 fera:
463 1237 591 1278 quidem
610 1242 737 1271 natura,
762 1232 814 1262 led
833 1230 969 1262 feroces.
1000 1231 1036 1262 fit

156 1283 340 1322 exemplum
367 1281 397 1312 in
422 1277 627 1318 sequentibus
645 1275 750 1306 verbis
768 1282 807 1304 ex
824 1271 954 1312 Paffione
971 1272 1033 1303 SS.

154 1326 306 1365 Perpetua>
323 1321 358 1356 fi?
376 1321 542 1353 Felicitatis.
588 1316 698 1350 Puellis
723 1320 818 1346 autem
829 1312 1033 1354 serociffimam

158 1376 298 1404 vaccam,
323 1366 438 1404 ideoque
451 1369 552 1402 preter
569 1358 799 1399 consuetudinem
821 1362 1033 1396 comparatam,

157 1407 285 1440 diabolus
297 1405 495 1447 proeparavit:
515 1403 598 1439 sexui
612 1409 712 1430 earum
731 1399 816 1428 etiam
834 1398 866 1427 de
890 1396 976 1436 bestia
1001 1407 1035 1428 te-

155 1449 296 1481 inutilius.
330 1447 428 1486 Igitur
445 1452 479 1476 ut
496 1451 605 1474 natura
622 1450 686 1472 non
704 1438 740 1470 fit
757 1439 826 1469 fei-a
843 1438 959 1483 bestia,
983 1440 1033 1470 ad-

155 1489 252 1523 hucfi
271 1484 365 1519 sci-ost
381 1487 415 1518 fit
428 1493 517 1526 putat
530 1483 703 1523 Ulpianus,
720 1480 852 1511 Praetori
872 1479 1033 1512 lufficere:

157 1539 312 1573 oportere
337 1528 421 1559 enim
447 1527 477 1557 in
497 1525 612 1557 Edieto
630 1522 761 1567 bestiam
779 1521 942 1559 aessimari‚
967 1531 1032 1553 non

157 1574 269 1613 utique
300 1579 341 1601 ex
359 1568 501 1600 animalis
520 1574 659 1604 genere3
683 1564 735 1594 led
761 1572 801 1594 ex
825 1562 953 1593 feritate
971 1587 980 1602 ,
1002 1564 1034 1595 id

156 1614 220 1652 est,
244 1622 284 1644 ex
302 1611 485 1643 ferocitate.
509 1608 597 1651 Quid
614 1615 709 1647 erg0‚
725 1603 746 1636 si
764 1605 816 1636 leo
832 1603 886 1642 fit,
910 1604 961 1635 vel
978 1605 1035 1636 alia

156 1658 287 1688 dentata
304 1651 483 1689 mansueta,
502 1651 535 1683 id
550 1648 614 1687 est,
635 1645 872 1678 mansuefacta?
897 1655 960 1676 non
981 1648 1035 1678 du-

154 1698 238 1729 bitat
261 1695 435 1735 Ulpianus,
459 1692 533 1732 quin
562 1691 591 1721 &
615 1689 683 1720 talis
708 1687 761 1718 hic
777 1686 884 1718 bestiae
900 1689 1035 1727 appella-

155 1740 248 1771 tione
265 1737 373 1768 veniat
383 1744 398 1773 z,
415 1734 513 1766 unico
532 1730 683 1764 Praetoris
703 1728 785 1774 fine,
804 1729 959 1760 vilitatem
977 1730 1033 1761 ho-

155 1780 252 1813 minis
267 1786 381 1819 operas
405 1775 491 1813 suas,
515 1782 550 1806 ut
567 1782 640 1804 cum
658 1770 766 1802 bestiis
784 1771 966 1811 depugnet,
990 1772 1034 1803 10.

154 1822 258 1854 cantis
271 1844 280 1859 ,
303 1829 320 1850 a
338 1817 552 1859 postulatione
569 1823 697 1852 arcere;
721 1813 963 1853 qualiscumque
980 1814 1033 1845 be-

155 1864 212 1897 stia
228 1863 273 1894 sit.
304 1860 356 1892 Sic
373 1858 509 1898 cense03
533 1858 563 1889 &
579 1856 746 1892 voculam,
770 1853 872 1898 Nam,
897 1863 959 1894 qua
975 1856 1033 1886 uti-

154 1914 207 1938 tur
222 1903 396 1944 Ulpianus,
414 1910 480 1932 non
492 1899 554 1932 effe
572 1896 754 1935 Causalem3
771 1896 823 1926 led
835 1895 952 1927 habere
970 1898 1034 1928 vim

156 1945 353 1987 incipiendi:
378 1950 412 1974 ut
430 1943 503 1974 alias
519 1940 636 1981 saepius.
671 1938 778 1979 Ergo,
802 1937 905 1977 inquit
925 1936 1032 1978 Ulpia.-

156 1999 234 2027 nus,
259 1988 350 2027 (nam
373 1993 444 2016 cum
462 1993 502 2014 eo
520 1991 620 2023 pergo
641 1982 668 2011 d.
687 1979 715 2021 §.
735 1979 787 2019 6.)
812 1980 866 2018 qui
893 1980 1034 2018 locavit,

156 2030 241 2062 solus
256 2035 402 2060 notatur:
427 2025 490 2057 sive
513 2019 850 2066 &pugnaverim—five
872 2031 948 2052 non.
974 2021 1034 2052 suf-

161 2071 229 2103 fieit
248 2071 332 2101 enim
352 2068 502 2105 Praetori,
520 2068 607 2107 quod
625 2064 654 2094 l'e
672 2063 810 2100 locavit,
827 2061 881 2093 etfi
901 2072 963 2093 non
984 2064 1035 2094 de-

159 2111 367 2154 pugnaverit:
393 2118 428 2140 ut
444 2110 482 2140 ad
499 2107 682 2148 sequentem
703 2103 849 2135 'situlum
867 2105 1036 2137 traditurus

161 2165 229 2186 ero.
267 2151 374 2194 Quid,
398 2150 418 2182 fi
437 2149 653 2191 depugnavit,
679 2155 752 2176 eum
771 2155 834 2176 non
856 2145 987 2177 locall'et
1002 2156 1037 2177 o-

159 2205 251 2237 peras
270 2193 362 2224 suas‘?
386 2200 481 2232 negat
502 2192 673 2231 Ulpianus,
698 2196 771 2218 eum
789 2187 906 2220 teneri:
931 2186 1035 2218 causa-

162 2247 233 2277 tus,
251 2244 317 2267 non
335 2243 407 2265 eum
426 2233 478 2273 qui
498 2241 570 2263 cum
589 2229 694 2261 bestiis
714 2229 931 2269 depugnavit,
948 2236 1035 2260 tene-

161 2281 210 2311 ri:
233 2277 285 2308 sed
310 2276 363 2317 qui
390 2276 420 2305 in
446 2276 509 2305 hoc
526 2281 639 2313 operas
657 2272 722 2302 luas
738 2270 876 2302 locavit:
900 2271 1039 2310 denique

161 2330 219 2352 eos
239 2318 293 2360 qui
311 2317 437 2348 virtutis
451 2314 656 2347 ostendendae
680 2311 770 2343 causa
789 2312 852 2342 hoc
868 2310 991 2343 faciunt
1006 2312 1040 2344 fi·

161 2372 203 2393 ne
231 2360 404 2397 mercede,
428 2367 492 2388 non
519 2356 646 2393 teneri,
678 2354 817 2385 Veteres
841 2353 1039 2386 existimare:

161 2402 218 2434 nisi
236 2403 266 2434 in
285 2410 379 2432 arena
402 2398 462 2438 (lic
488 2396 769 2438 Amphitheam-um
788 2395 958 2435 appellari,
982 2396 1038 2427 do·

164 2452 218 2475 cet
238 2442 379 2483 Lipsius,
404 2441 450 2472 De
468 2440 686 2481 Amphitheatro
703 2447 728 2468 c.
745 2437 796 2476 3.)
820 2436 892 2476 paffi
913 2436 983 2468 sunt
997 2436 1040 2468 se-

162 2487 196 2516 se
219 2484 387 2516 honorari:
412 2483 443 2513 id
469 2481 539 2520 est,
562 2480 616 2512 sibi
644 2480 808 2519 praemium
834 2478 910 2509 dari.
935 2479 1040 2509 honor

164 2527 247 2557 enim
265 2525 309 2556 est
327 2526 507 2565 praemium:
532 2522 614 2563 apud
633 2521 798 2561 Virgilium
817 2519 845 2550 &
864 2520 962 2557 alios,
987 2529 1039 2551 au-

166 2568 254 2599 clore
282 2566 393 2597 Nonio
420 2565 578 2597 Marcello
601 2573 625 2594 c.
649 2573 678 2601 4.
712 2561 866 2602 Ulpianus
885 2561 1037 2600 quaestum

164 2608 245 2640 dixit
260 2607 278 2637 l.
297 2617 323 2638 2.
341 2607 369 2647 §.
389 2618 418 2646 5.
440 2606 483 2637 D.
506 2608 539 2637 de
553 2606 596 2636 his
611 2606 662 2646 qui
677 2609 736 2634 not.
752 2603 857 2643 iiifam.
893 2601 1002 2644 Negat
1017 2603 1037 2633 i·

162 2651 246 2691 gitur
263 2648 434 2687 Ulpianus,
459 2657 515 2679 eos
533 2648 587 2688 qui
604 2647 661 2678 fint
680 2645 772 2685 passi,
788 2645 819 2675 in
836 2653 929 2676 arena
941 2667 950 2682 ,
974 2643 1037 2675 five

159 2702 196 2724 ,in
218 2688 482 2729 Amphitheatro,
508 2688 537 2720 se
562 2687 730 2724 honorari,
755 2695 865 2717 notam
882 2685 1037 2726 effugere.

162 2733 254 2764 aliter
281 2739 318 2761 ac
342 2728 363 2760 fi
388 2732 455 2769 quis
480 2739 593 2770 operas
617 2728 683 2760 suas
704 2728 878 2766 locaverit,
902 2735 936 2758 ut
954 2727 1037 2758 feras

163 2781 320 2810 venetur,
337 2770 387 2801 vel
404 2778 437 2800 ut
457 2772 618 2812 depugnet
635 2770 736 2801 feram
754 2778 823 2810 quae
842 2769 965 2810 regioni
983 2777 1038 2799 no-

166 2823 239 2853 cet,
261 2820 351 2846 extra
373 2820 516 2842 arenam:
539 2822 609 2844 narn
636 2821 709 2842 eum
731 2821 796 2842 non
814 2809 875 2841 essi:
892 2818 1039 2841 notatum

166 2859 195 2888 (ἰ.
215 2858 234 2888 l.
257 2865 282 2887 1.
300 2855 329 2896 ᾗ.
347 2856 376 2884 6.
421 2852 507 2883 Bene
533 2854 575 2884 ait
594 2854 765 2894 Ulpianus,
790 2851 889 2883 Extra
904 2861 1039 2882 arenam:

166 2899 241 2940 quia
264 2897 294 2929 &
318 2897 348 2927 in
374 2893 610 2934 amphitheatro
636 2895 871 2925 exhibebantur
896 2893 1041 2924 venatio-

166 2951 244 2973 nes:
259 2946 296 2970 ut
312 2936 454 2977 pluribus
471 2934 609 2965 ostendit
626 2935 743 2973 Lipsius
760 2936 787 2966 d.
802 2936 849 2966 lib.
867 2944 890 2965 c.
906 2944 950 2966 10.
978 2933 1038 2966 His

165 2984 263 3024 igitur
281 2977 421 3020 personis
443 2975 504 3016 (fic
521 2976 623 3020 pergit
642 2975 796 3014 Ulpianus
813 2979 840 3006 d.
857 2976 886 3017 ἓ.
904 2980 933 3006 6.
952 2976 970 3006 l.
993 2976 1040 3015 1.)

166 3034 237 3065 quse
256 3031 321 3053 non
340 3019 465 3050 virtutis
481 3018 569 3048 caula
585 3026 657 3047 cum
675 3016 780 3048 bestiis
799 3025 1036 3057 pugnaverunt,

168 3076 228 3106 pro
248 3064 277 3094 se
304 3061 424 3093 Praetor
449 3058 606 3099 permittit
623 3058 777 3096 allegare,
800 3059 831 3089 id
848 3058 910 3096 est,
935 3058 1040 3099 postu-

165 3108 247 3138 lare:
271 3114 330 3144 pro
347 3103 409 3133 alio
429 3100 589 3141 prohibet.
621 3098 683 3129 Sed
700 3099 806 3136 addit,
832 3099 893 3129 elle
910 3099 1039 3140 aequiffi-

167 3156 274 3183 inum,
297 3143 477 3184 hujusmodi
495 3139 652 3182 personis,
678 3138 699 3170 fi
716 3139 845 3169 tutelam
867 3141 915 3170 vel
933 3150 1040 3171 curam

167 3186 405 3223 administrent,
429 3183 588 3224 postulare
606 3180 750 3219 probis,
774 3188 909 3219 quorum
932 3190 1039 3213 curam

168 3237 301 3272 gerunt,
324 3227 472 3259 concedi.
503 3223 621 3278 Rette:
645 3221 734 3263 quod
751 3221 836 3259 enim
855 3220 974 3253 Praetor
993 3223 1037 3254 in-

983 108 1248 145 Noonr

1308 107 1523 143 COMM.

1067 198 1212 229 troduxit
1229 206 1288 237 pro
1304 206 1398 237 poena
1410 205 1522 228 eorum
1534 193 1626 236 quise
1645 194 1783 227 fecerint
1797 197 1944 239 indignos

1068 239 1244 279 postulandi
1270 239 1414 276 lion0re3
1438 238 1501 269 hoc
1526 236 1558 268 in
1575 245 1687 268 eorum
1705 237 1849 270 favorem
1868 249 1945 270 con-

1069 281 1170 318 verti,
1194 281 1273 311 ratio
1290 290 1354 312 non
1373 279 1456 311 finit.
1481 278 1581 321 Quod
1600 287 1679 309 vero
1696 280 1812 310 attinet
1831 280 1870 310 ad
1886 290 1943 311 eos

1070 321 1211 361 aliosque
1236 330 1301 353 non
1330 320 1503 362 fungentes
1527 319 1701 351 necessario
1724 329 1876 352 munere:
1900 323 1943 352 ait

1070 361 1244 403 Ulpianus,
1269 363 1321 402 qui
1342 361 1490 393 adversus
1512 370 1549 392 ea
1566 360 1677 392 feciffe
1694 361 1945 400 monstretur,&

1070 412 1130 443 pro
1146 403 1389 435 aliisinterdieta
1406 403 1622 443 postulatione
1639 403 1821 443 repellitur-3
1840 403 1869 434 δε
1888 412 1947 443 pro

1071 444 1279 476 aestimatione
1295 444 1413 484 Judicis
1430 453 1518 476 extra
1532 445 1677 475 ordinem
1690 445 1869 484 pecuniaria
1879 453 1949 484 poe-

1072 494 1110 517 na
1129 486 1277 517 multatur
1292 487 1320 516 cl.
1340 485 1359 516 l.
1383 496 1409 517 1.
1426 486 1454 526 §.
1473 490 1501 517 6.
1528 493 1698 522 caeterum,
1724 493 1759 516 ut
1776 486 1861 524 dixi,
1881 484 1949 517 otii-

1072 536 1128 558 nes
1153 528 1206 567 qui
1231 536 1294 557 non
1319 526 1450 564 sponte,
1478 526 1528 558 sed
1554 526 1727 558 necessario
1747 526 1857 557 officio
1876 526 1948 558 sun-

1072 575 1208 612 guntur,
1220 567 1283 598 fine
1299 567 1417 599 offensa
1432 567 1536 600 Edicit}
1554 568 1712 608 postulare
1726 567 1874 608 possunt,
1890 569 1949 598 eti-

1075 619 1123 682 ῗῐῃ
1141 607 1304 680 ᾗιὴὲῐῑὲῑ,
1329 611 1382 648 qui
1406 618 1472 640 non
1500 609 1554 642 nili
1578 619 1637 650 pro
1656 610 1685 640 se
1704 609 1860 651 postulare
1876 619 1950 650 pos-

1090 659 1145 682 unt
1179 674 1184 680 .
1226 673 1232 679 .
1272 673 1278 680 .
1298 655 1320 680 t.

1118 693 1221 724 Porro
1234 691 1382 736 *relegens
1399 690 1448 722 sua
1467 692 1594 732 vestigia
1613 693 1765 733 Ulpianus
1785 692 1815 724 in
1833 693 1861 723 d.
1879 692 1897 722 l.
1920 701 1947 724 1.

1075 734 1141 776 §.7.
1171 732 1213 763 Ut
1233 734 1324 762 initio
1336 733 1477 772 ,inquit,
1489 735 1624 765 diximus
1637 734 1867 772 ,fecitPraetor
1886 742 1950 765 tres

1076 777 1202 807 ordines
1229 783 1292 804 non
1319 773 1561 813 postulantium:
1586 785 1721 816 quorum
1750 777 1861 807 tertius
1881 774 1947 813 est,

1076 817 1189 858 quibus
1209 824 1271 845 non
1290 815 1319 845 in
1339 823 1443 845 totum
1467 816 1603 856 denegat
1623 817 1797 856 postulandi
1818 817 1949 847 faculta-

1078 868 1160 890 tem:
1185 857 1236 888 sed
1255 865 1294 887 ne
1314 865 1372 895 pro
1390 857 1538 888 omnibus
1554 856 1767 897 postularent3
1791 857 1874 898 quali
1892 858 1950 888 mi-

1076 910 1134 932 nus
1162 898 1373 937 deliquerint,
1399 906 1491 937 quam
1510 897 1540 928 lii
1560 899 1613 938 qul
1632 898 1846 939 superioribus
1864 899 1950 938 capi-

1077 942 1160 972 tibus
1177 948 1337 971 notantur.
1356 940 1452 969 verba
1471 939 1560 978 hujus
1578 939 1680 971 Editli
1699 939 1793 980 sparsa
1813 950 1868 980 per
1883 942 1912 971 α’.
1929 940 1949 971 l.

1079 993 1105 1015 1.
1124 982 1153 1024 §.
1172 986 1200 1015 8.
1218 991 1245 1017 9.
1270 989 1313 1011 11.
1330 979 1366 1014 {⁶2⁹
1384 980 1402 1011 l.
1419 990 1436 1020 3
1457 1003 1466 1017 ,
1493 981 1535 1011 ita
1552 980 1742 1012 restituenda
1760 981 1838 1013 sunt.
1886 981 1952 1026 Qui

1075 1025 1134 1066 lege
1152 1047 1160 1061 ,
1187 1023 1331 1061 Plehiscito
1351 1045 1360 1059 ‚
1393 1021 1661 1061 Senatzcsconliilto,
1685 1022 1805 1061 Editio,
1830 1022 1951 1053 Decreto

1079 1066 1272 1104 Principium,
1296 1062 1350 1100 rufi
1362 1070 1413 1102 pro
1430 1065 1515 1094 certis
1526 1064 1653 1104 personis
1665 1087 1674 1102 ,
1691 1062 1837 1104 postulare
1852 1064 1947 1104 prohi-

1079 1109 1198 1139 beatur:
1221 1107 1250 1136 ln·
1263 1111 1316 1145 pro
1335 1105 1408 1140 alio,
1424 1114 1510 1145 quam
1524 1113 1579 1145 pro·
1593 1106 1694 1146 quihus
1711 1106 1822 1144 licebit,
1840 1105 1952 1147 injure

1077 1150 1156 1190 apud
1173 1157 1215 1179 me
1230 1156 1264 1177 πε
1278 1144 1429 1187 postulent.
1456 1145 1518 1189 jSi
1540 1156 1576 1177 ex
1593 1148 1720 1177 omnibus
1738 1148 1782 1177 his
1797 1147 1848 1188 qui
1857 1151 1954 1187 supra

1068 1191 1274 1231 scriptijunt,
1297 1190 1328 1218 ill.
1353 1189 1499 1228 integrum
1522 1186 1671 1228 restitutus
1689 1198 1746 1219 ‘mm
1760 1190 1831 1226 erit,
1851 1194 1903 1227 pro
1920 1198 1953 1219 a·

1078 1233 1114 1263 lio
1137 1241 1173 1262 we
1191 1229 1335 1271 postulet:
1352 1235 1544 1269 praeterqttcim
1565 1236 1615 1268 pro
1634 1235 1755 1269 parente
1771 1253 1780 1267 ,
1807 1235 1951 1269 patrono,

1072 1278 1216 1314 patrona,
1246 1271 1340 1302 liberis
1354 1271 1583 1310 parentibusque
1598 1273 1733 1310 patroni,
1756 1271 1952 1311 &patroiica,

1077 1315 1170 1346 liberis
1185 1314 1272 1353 suis,
1288 1312 1406 1351 fratre,
1422 1312 1517 1351 surore
1532 1334 1540 1349 ,
1564 1321 1653 1343 uxore
1671 1336 1680 1350 ,
1701 1316 1800 1351 socero
1820 1336 1829 1351 ‚
1851 1315 1953 1350 socru,

1074 1365 1178 1398 genero
1189 1378 1197 1392 ,
1214 1364 1308 1391 mua,
1327 1354 1431 1383 vitrico
1442 1376 1451 1391 ,
1468 1362 1589 1384 noverca
1600 1376 1608 1390 ,
1619 1355 1776 1394 privigno,
1789 1355 1952 1394 privigna,

1072 1398 1201 1438 pupillo,
1218 1395 1345 1436 papilla,
1369 1394 1493 1434 furioso,
1517 1394 1649 1433 furiosa,
1674 1397 1721 1425 cui
1744 1404 1840 1426 eorum
1861 1405 1879 1425 a
1896 1401 1953 1435 pa-

1077 1444 1173 1477 rente,
1200 1446 1250 1468 aut
1268 1438 1300 1467 (le
1323 1436 1438 1475 mijoris
1452 1437 1547 1476 partis
1569 1436 1872 1475 tziturttmseiztentia,
1896 1441 1951 1467 aut

1077 1482 1111 1512 ab
1130 1490 1157 1510 eo
1174 1480 1257 1520 cujus
1275 1479 1308 1508 de
1323 1488 1355 1507 ea
1372 1487 1400 1507 re
1411 1476 1576 1517 jurisdifflo
1594 1478 1665 1514 erit,
1689 1487 1720 1508 ea
1738 1478 1844 1514 tutela,
1866 1487 1954 1508 cura-

1078 1523 1153 1552 tiove
1170 1522 1239 1551 (lata
1250 1526 1315 1550 erit.
1341 1518 1464 1550 Primus
1481 1518 1570 1558 hujus
1583 1518 1684 1549 Edisti
1699 1517 1803 1550 versus
1815 1518 1868 1550 cst.
1887 1518 1952 1562 ,Qui

1078 1564 1154 1604 lege,
1182 1561 1347 1601 Plebistito,
1372 1559 1620 1595 Seizatuscons'iilto
1636 1582 1645 1597 ,
1669 1559 1773 1590 Editio
1790 1583 1799 1598 ,
1830 1559 1953 1590 Decreta

1077 1605 1248 1644 Principum
1259 1626 1267 1641 ‚
1283 1600 1339 1639 nist
1348 1608 1400 1641 pro
1416 1603 1496 1631 certis
1507 1600 1635 1641 personis
1650 1599 1792 1641 postulare
1804 1601 1955 1641 probiben-

1078 1653 1146 1682 tur;
1171 1646 1199 1676 hi
1215 1652 1265 1684 pro
1279 1644 1353 1681 alio,
1377 1652 1464 1683 quam
1477 1649 1530 1682 pro
1547 1651 1601 1683 quo
1618 1642 1730 1681 licebit,
1746 1645 1778 1673 in
1788 1644 1857 1684 jure
1873 1642 1953 1683 apud

1079 1697 1122 1719 wie
1138 1697 1173 1718 ne
1182 1684 1337 1728 postulent.
1372 1684 1418 1715 Ex
1435 1684 1482 1714 his
1499 1683 1603 1714 verbis
1621 1684 1826 1725 intelligitur,
1851 1691 1954 1715 certas

1079 1728 1170 1760 fuisse
1199 1727 1346 1768 personas
1365 1749 1374 1762 ,
1401 1734 1471 1766 quae
1499 1724 1662 1757 veteribus
1687 1725 1809 1767 legibus
1824 1749 1834 1765 ‚
1865 1724 1954 1756 forte

1079 1778 1261 1811 temporum
1273 1769 1382 1809 injuria
1397 1767 1573 1798 obliteratis
1584 1790 1594 1805 ,
1610 1767 1782 1807 prohibitae
1797 1766 1888 1798 fuere
1897 1775 1956 1807 po-

1078 1812 1211 1844 stulare:
1235 1810 1290 1842 nili
1315 1819 1373 1850 pro
1399 1809 1495 1840 certis
1513 1808 1654 1849 personis
1673 1809 1737 1840 hoc
1755 1810 1860 1849 capite
1877 1817 1954 1840 enu-

1078 1854 1217 1886 meratis.
1236 1853 1388 1891 additque
1399 1849 1553 1890 Ulpianus
1571 1851 1598 1881 d.
1617 1850 1636 1881 l.
1660 1859 1684 1882 1.
1702 1850 1730 1893 §.
1749 1855 1784 1888 8,
1802 1851 1865 1881 hoc
1878 1849 1955 1882 Edi-

1079 1896 1130 1928 cto
1147 1895 1304 1927 contineri
1325 1895 1419 1924 etiam
1437 1893 1514 1924 alios
1534 1900 1646 1923 omnes
1664 1895 1716 1933 qui
1739 1891 1855 1924 Edicto
1873 1891 1956 1923 Prae-

1078 1939 1174 1976 toris‚
1191 1935 1368 1968 utinfaines
1382 1942 1545 1966 notantur:
1566 1934 1620 1974 qui
1636 1943 1767 1973 omnes,
1783 1933 1836 1965 nifi
1851 1943 1908 1974 pro
1924 1932 1956 1964 se

1078 1980 1106 2010 δε
1126 1980 1221 2010 certis
1238 1977 1398 2018 personis,
1427 1985 1468 2006 ne
1482 1974 1652 2015 postulent.
1675 1976 1719 2006 ait
1735 1983 1843 2007 autem
1867 1975 1952 2006 Prae-

1078 2029 1148 2058 tor,
1173 2020 1219 2051 Hi
1234 2027 1284 2060 pro
1302 2020 1355 2049 alio
1374 2027 1460 2059 quam
1473 2025 1525 2057 pro
1542 2026 1597 2057 quo
1622 2017 1732 2055 licebit,
1756 2018 1833 2056 apud
1855 2026 1898 2047 me
1918 2024 1954 2047 ize

1075 2060 1229 2103 postulent.
1263 2060 1306 2091 Et
1324 2059 1367 2090 cl‘t
1387 2058 1640 2097 observandum,
1664 2058 1751 2098 quod
1769 2057 1866 2096 Gaius
1884 2058 1903 2089 l.
1921 2067 1953 2098 7.

1078 2105 1105 2135 l).
1125 2110 1145 2134 t.
1164 2104 1225 2140 ait,
1251 2101 1343 2144 Quos
1361 2100 1510 2140 prohibet
1527 2099 1646 2130 Praetor
1669 2100 1754 2139 apud
1770 2098 1955 2139 se·postula-

1079 2155 1132 2183 re,
1148 2144 1339 2176 omnimodo
1356 2141 1528 2183 probibet,
1544 2142 1641 2172 etiam
1656 2140 1677 2172 fi
1694 2139 1884 2172 adversarius
1902 2149 1955 2181 pa-

1080 2187 1175 2218 tiatur
1194 2184 1362 2226 postulare.
1407 2182 1535 2214 Deinde
1551 2183 1594 2213 ait
1616 2181 1754 2220 Praetor,
1779 2181 1843 2226 Qui
1857 2191 1892 2213 ex
1908 2182 1954 2213 his

1079 2229 1209 2259 omnibus
1218 2227 1269 2268 qui
1275 2226 1368 2267 sitpra
1377 2225 1482 2264 scripti
1489 2225 1580 2263 siant,
1597 2225 1628 2254 in
1643 2224 1790 2264 integrum
1804 2221 1955 2264 restitutus

1081 2279 1138 2300 non
1155 2269 1218 2299 erit.
1244 2268 1369 2304 Verba,
1393 2266 1456 2308 ,Qui
1473 2275 1508 2296 cx
1524 2265 1567 2295 bis
1583 2265 1933 2306 quisziprascriptiszmt
1944 2287 1956 2303 ,

1082 2310 1123 2342 sic
1140 2310 1240 2350 accipi
1267 2309 1376 2340 suadet
1406 2308 1557 2347 Ulpianus
1575 2306 1603 2348 §.
1620 2316 1648 2343 9.
1665 2308 1694 2337 cl.
1711 2307 1731 2337 l.
1752 2315 1797 2338 1.:
1821 2305 1842 2337 fi
1858 2306 1956 2337 fuerit

1083 2353 1166 2384 inter
1183 2361 1239 2382 eos
1257 2351 1308 2389 qui
1327 2350 1423 2381 tertio
1446 2348 1560 2379 Edicto
1577 2348 1800 2386 continentur,
1824 2346 1878 2378 nifi
1896 2356 1955 2387 pro

1083 2394 1178 2425 certis
1202 2392 1343 2433 personis
1367 2390 1526 2430 postulare
1549 2389 1771 2429 prohibentur.
1803 2396 1955 2419 caeterum

1081 2435 1101 2467 si
1119 2445 1159 2466 ex
1176 2434 1406 2474 superioribus,
1430 2431 1578 2468 difficile,
1602 2431 1723 2470 inquit,
1746 2429 1776 2460 in
1793 2429 1955 2470 integrum

1083 2476 1241 2508 restitutio
1259 2474 1490 2514 impetrabitur.
1516 2471 1597 2504 Illud
1613 2471 1725 2512 quaerit
1735 2471 1955 2510 Pomponius,

1082 2519 1123 2550 de
1139 2527 1199 2558 qua
1215 2518 1244 2547 in
1263 2517 1421 2555 integrum
1437 2513 1638 2545 restitutione
1648 2513 1768 2544 Pi-aetor
1784 2513 1954 2552 loquatur:

1083 2568 1187 2590 utrum
1207 2559 1247 2589 de
1263 2567 1298 2588 ea
1316 2566 1385 2596 quae
1402 2566 1418 2587 a
1438 2555 1586 2595 Principe
1604 2554 1655 2585 vel
1674 2563 1689 2585 a
1705 2553 1823 2584 Senatu
1853 2554 1956 2585 indul-

1080 2600 1201 2641 getur?
1225 2598 1277 2630 sed
1302 2607 1392 2638 putat
1406 2596 1624 2637 Pomponius,
1649 2595 1688 2626 de
1705 2605 1740 2626 ea
1756 2595 1956 2626 restitutione
1989 2622 1995 2625 .

1081 2641 1220 2676 sensum,
1237 2649 1332 2681 quam
1351 2639 1502 2678 Princeps
1521 2638 1572 2668 vel
1588 2637 1722 2668 Senatus
1742 2637 1896 2677 indulget.
1915 2645 1956 2668 an

1081 2692 1186 2715 autem
1203 2683 1232 2713 &
1258 2681 1380 2712 Praetor
1404 2678 1567 2711 restituere
1590 2679 1704 2718 pollit,
1728 2678 1901 2718 quaeritur?
1926 2677 1957 2709 δε

1081 2727 1126 2757 ait
1143 2724 1312 2764 Ulpianus,
1336 2721 1390 2753 fibi
1408 2721 1527 2759 videri,
1545 2721 1619 2751 talia
1636 2720 1808 2752 Praetorum
1827 2720 1957 2750 decreta

1082 2776 1148 2798 non
1171 2764 1232 2797 effe
1259 2763 1425 2795 servanda:
1448 2761 1503 2793 nifi
1530 2761 1626 2793 sicubi
1651 2771 1691 2793 ex
1709 2761 1818 2793 officio
1831 2760 1957 2801 jurisdi-

1083 2807 1196 2840 &tionis
1213 2805 1272 2837 suaa
1290 2805 1522 2842 subvenerunt,
1541 2811 1575 2835 ut
1590 2805 1620 2834 in
1641 2810 1735 2834 aetate
1750 2801 1952 2840 observatur,

1082 2850 1104 2882 fi
1126 2849 1196 2890 quis
1221 2849 1376 2886 deceptus
1400 2845 1457 2884 lit3
1480 2846 1668 2885 caeterisque
1694 2843 1860 2884 speciebus
1880 2852 1956 2883 quas

1083 2890 1138 2922 sub
1162 2888 1278 2920 Titulo
1297 2888 1348 2919 De
1364 2888 1393 2919 in
1411 2889 1570 2927 integrum
1588 2885 1788 2917 restitutione
1806 2883 1960 2924 exseque-

1082 2942 1162 2964 mur.
1208 2929 1270 2961 Pro
1288 2930 1347 2960 bac
1363 2928 1519 2960 sententia
1534 2926 1641 2959 adfert
1661 2936 1758 2968 porro
1783 2927 1956 2966 Ulpianus:

1082 2973 1170 3014 quod
1188 2971 1209 3003 fi
1226 2973 1296 3011 quis
1314 2969 1436 3002 famoso
1450 2970 1571 3010 judicio
1591 2970 1842 3006 condemnatus,
1857 2966 1957 3006 periri

1083 3016 1240 3055 integrum
1269 3012 1502 3044 restitutionem
1531 3009 1628 3041 fuerit
1653 3009 1813 3041 absolutus
1831 3030 1840 3045 ‚
1863 3007 1958 3051 Pom-

1085 3059 1199 3096 ponius
1218 3062 1310 3095 putat
1327 3054 1412 3085 bunc
1431 3052 1561 3084 infamia
1576 3052 1683 3083 eximi.
1710 3049 1836 3081 Deinde
1852 3047 1957 3085 adjicit

1086 3099 1225 3130 Praetor:
1252 3096 1307 3127 Pro
1318 3095 1374 3126 alio
1391 3104 1425 3126 ne
1439 3093 1601 3134 postulent,
1615 3097 1805 3131 praeterquam
1817 3092 1956 3133 parente,

1081 3145 1216 3180 patrem,
1241 3143 1386 3177 patrona,
1410 3136 1523 3173 liberis,
1543 3134 1765 3174 parentibusque
1776 3133 1895 3168 patroni
1904 3135 1959 3168 pa-

1085 3189 1183 3212 treme.
1223 3178 1275 3209 De
1294 3178 1407 3218 quibus
1420 3176 1560 3217 personis
1579 3174 1632 3204 sub
1646 3170 1778 3207 Titum,
1795 3168 1847 3199 De
1866 3170 1895 3199 in
1910 3170 1958 3207 jus

1085 3222 1235 3253 vocando
1251 3243 1261 3259 ,
1280 3219 1403 3261 plenius
1423 3218 1570 3252 diximus.
1596 3215 1674 3247 Item
1691 3211 1817 3251 adjicit,
1833 3210 1961 3281 Liberi&
