2036 3495
173 108 243 154 306

176 194 285 227 videar
303 191 489 228 meriturus,
506 187 526 220 fi
545 187 585 220 de
600 185 817 227 investiganda
834 183 963 225 Ulpiani
980 184 1046 217 sen-

180 235 279 267 tentia
297 233 376 264 serio
402 231 553 272 cogitem.
576 229 608 259 id
631 237 738 269 agam:
763 227 817 258 sed
840 228 978 268 primum
993 236 1046 258 ex-

178 283 297 318 ponam
313 272 409 304 verba
424 273 452 302 d.
477 271 506 312 §.
530 279 560 308 4.
584 278 620 300 ea
637 269 734 299 verba
750 268 829 300 sunt.

219 316 254 347 Si
268 315 402 345 venditor
411 313 471 343 dolo
482 312 588 351 fecerit
599 333 608 348 ,
625 316 658 341 ut
676 308 765 352 [rem]
780 309 876 350 pluris
892 309 1046 346 venderet,

251 362 327 397 puta
348 355 381 384 de
404 352 529 393 artificio
554 353 691 382 mentitus
712 350 769 391 eft,
794 356 845 381 aut
866 351 899 381 de
916 350 1046 390 peculio,

257 395 343 436 empti
358 403 422 425 eum
434 394 546 435 judicio
560 393 665 431 teneri,
689 398 723 423 ut
735 389 884 433 prostaret
907 391 1046 431 emptori,

258 442 366 478 quanto
385 435 479 476 pluris
484 436 607 475 servum
628 433 753 474 emzffet,
770 433 800 472 fi
821 434 864 464 ita
881 433 1048 474 peculiatus

257 476 320 518 effet
331 500 340 516 ‚
362 477 408 508 vel
425 486 453 507 eo
469 475 591 515 artificio
610 472 779 515 instruitur.

179 517 228 551 Ut
251 519 347 559 paulo
374 518 489 549 clarior
505 517 561 549 fiat
584 515 711 556 Ulpiani
731 517 831 555 ratio,
856 524 956 555 pauca
972 523 1051 555 prae·

177 562 305 593 mittam
322 560 361 592 de
378 558 532 591 Veterum
556 567 647 590 more
665 557 749 588 circa
763 556 926 589 servorum
942 557 1050 587 vendi-

179 602 313 633 tionem„
344 600 409 642 Qui
430 600 574 632 venalem
593 599 792 640 producebat
808 598 949 637 servum,
973 597 1049 628 sole-

179 644 234 675 bat
250 644 281 675 in
307 643 403 674 titulo
420 651 514 682 quem
532 641 586 681 (ut
605 639 756 671 observat
773 640 934 680 Scaliger,
961 638 1052 670 Notis

180 685 218 717 ad
242 685 444 726 Propertium)
468 683 656 723 plerumque
673 682 713 712 de
730 680 809 713 servi
826 681 915 712 collo
932 679 1054 721 suspen·

181 725 297 765 debat,
316 726 380 766 ejus
399 725 531 756 virtutes
548 733 585 755 ac
601 723 675 754 vitia
692 732 848 754 enarrare.
873 722 963 762 isque
982 722 1054 752 titu-

180 769 232 801 lus
257 775 291 798 ut
315 766 447 806 scriptus
474 765 528 802 iit,
552 765 595 796 ita
614 765 660 795 uti
684 764 770 795 reete
792 764 924 803 intelligi
942 762 1054 803 possit,

182 809 330 842 AEdilitio
346 807 457 838 Edicto
474 806 565 838 fuiffe
581 806 850 844 cautum,aussor
866 805 911 836 cst
928 804 962 835 A.
976 802 1053 835 Gel-

184 852 260 889 lius,
277 847 366 880 Noti.
385 848 477 879 Attio.
495 849 544 879 lib.
563 858 591 886 4.
609 857 632 878 c.
652 857 679 879 2.
703 857 744 878 ex
761 856 802 879 eo
821 855 900 878 vero
916 855 1006 877 more
1025 844 1054 875 &

180 893 248 933 jure
280 889 421 921 Orbilius
457 891 538 930 apud
569 889 758 920 Suetonium
782 912 792 927 ,
822 887 870 919 De
897 885 1055 926 illustribus

183 932 391 966 Grammaticis
407 941 431 962 c.
447 941 476 970 4.
498 932 587 972 Apud
602 931 720 972 majores
735 931 797 968 ait,
816 939 879 960 cum
887 929 1008 969 familia
1024 938 1053 958 a·

181 973 289 1016 Iicujus
308 973 421 1004 venatis
431 976 654 1013 produceretur,
671 981 729 1002 non
746 977 845 1002 temere
861 980 942 1012 quem
958 970 1054 1000 litera-

185 1021 249 1047 tum
272 1016 304 1046 in
329 1014 432 1056 titulo.
455 1015 503 1050 sed
528 1014 700 1044 literatorem
721 1013 839 1052 inscribi
853 1012 972 1051 solitum
988 1010 1054 1050 effe:

184 1055 267 1099 quasi
289 1066 347 1087 non
359 1054 518 1095 perseeium
535 1056 645 1093 citeris,
658 1054 712 1094 sed
727 1055 878 1085 imbutum.
922 1051 972 1084 Ne
992 1052 1056 1082 lioc

186 1099 316 1139 quidem
332 1097 498 1135 omittam,
523 1097 611 1137 quod
629 1096 797 1133 venditor,
815 1104 887 1126 cum
904 1095 942 1125 de
962 1103 1057 1133 pecu-

184 1139 217 1172 lii
234 1139 453 1181 magnitudine
472 1145 525 1169 aut
540 1138 613 1169 artis
628 1146 745 1178 genere
762 1136 791 1167 ἂ
808 1137 906 1177 gradu
921 1135 996 1176 quid
1013 1133 1057 1165 af-

184 1180 352 1219 firmaret,
383 1178 464 1219 saepe
491 1178 651 1210 inescabat
680 1186 860 1218 emptorem
894 1178 968 1208 alias
991 1184 1056 1206 non

185 1221 442 1254 contracturum:
466 1220 654 1261 plerumque
677 1220 822 1250 venalem
850 1218 972 1250 servum
989 1216 1053 1256 plu-

187 1265 229 1295 ris
252 1271 306 1294 aut
330 1262 463 1294 minoris
492 1261 672 1293 aessimabat.
699 1259 809 1291 Livius
832 1260 881 1291 lib.
908 1268 956 1300 39.
986 1268 1009 1289 c.
1026 1260 1056 1288 6.

186 1304 263 1336 Tum
286 1313 393 1345 coquus
413 1301 580 1344 viliffimum
596 1303 660 1334 anti
682 1304 726 1334 uis
746 1302 921 1342 mancipium
937 1300 973 1334 δ’
988 1297 1057 1338 cesti-

186 1347 312 1378 matione
332 1344 369 1379 ὃ)
384 1346 456 1385 risu,
480 1348 512 1375 in
523 1345 613 1385 pretio
630 1353 644 1373 e
669 1353 700 1380 e,
725 1343 761 1377 ὃ
777 1344 850 1384 quod
867 1339 1059 1381 ministerium

180 1388 289 1429 suerat
306 1409 316 1426 ‚
338 1396 386 1418 ars
409 1387 507 1417 baberi
530 1392 629 1426 coepta.
664 1384 781 1415 Plinius
806 1393 936 1423 quoque
961 1382 1009 1412 tio.
1030 1391 1057 1420 7.

188 1428 306 1461 Natur.
332 1425 429 1468 histor.
455 1437 479 1458 c.
503 1436 553 1467 39.
585 1426 718 1457 Pretium
741 1425 863 1455 hominis
885 1426 915 1454 in
937 1424 1059 1463 servitio

184 1471 280 1511 geniti
296 1470 456 1500 maximum
478 1469 516 1498 od
536 1469 611 1498 banc
626 1467 700 1497 diem
723 1466 817 1507 (quod
839 1466 968 1506 equidem
986 1474 1058 1494 com-

182 1511 325 1552 pererim)
346 1510 438 1543 fuerit
461 1508 666 1539 Grammatico:
689 1509 763 1537 artis
786 1505 977 1547 Daphnidis;
1002 1504 1058 1536 Cn.

185 1549 355 1592 Pisaurensi
369 1550 526 1588 vendente,
549 1548 586 1583 ὅ)
603 1548 652 1580 Μ.
670 1548 780 1580 Scauro
798 1549 927 1589 principe
955 1547 1059 1577 civita-

188 1593 228 1625 tis
252 1601 320 1623 111.
341 1600 381 1623 M.
404 1599 503 1622 nccc.
519 1588 662 1631 sestertiis
686 1590 796 1621 licente.
836 1588 985 1629 Exceffere
1010 1587 1061 1618 hoc

187 1631 282 1675 nostro
304 1642 364 1664 aevo
381 1655 391 1671 ,
429 1642 481 1663 nec
503 1633 610 1663 modice
632 1628 782 1672 histriones
799 1655 808 1669 ,
830 1631 883 1672 fid
904 1631 1060 1661 libertatem

177 1676 269 1716 suam
283 1675 410 1706 mercati.
436 1673 549 1716 Quippe
563 1683 629 1704 cum
636 1673 701 1714 jam
716 1673 794 1713 apud
808 1673 929 1713 majores
941 1671 1060 1710 Roscius

186 1714 285 1758 histrio
303 1715 347 1748 H·
354 1715 385 1747 S.
401 1719 562 1788 atuingenta
575 1724 677 1745 annua
692 1713 831 1755 meritaffe
846 1715 971 1745 dicatur.
992 1712 1018 1742 C
1023 1722 1059 1743 ae-

185 1767 291 1799 terum
318 1765 353 1789 ut
370 1757 408 1788 aei
425 1757 542 1788 imabat
558 1755 678 1787 servum
696 1756 847 1788 venditor
863 1755 902 1786 ab
922 1755 970 1785 liis
990 1762 1060 1794 quae

184 1799 219 1832 in
245 1800 340 1831 titulo
365 1798 507 1836 dixerat,
536 1796 785 1838 promiseratve3
808 1797 850 1828 ita
875 1796 1006 1827 rationis
1030 1804 1061 1826 e·

184 1849 255 1880 sat,
280 1847 462 1882 emptorem
490 1847 601 1870 contra
626 1838 785 1878 postulare
804 1861 813 1876 ,
843 1837 899 1869 sibi
925 1835 1061 1877 praestari

186 1882 221 1915 :id
238 1882 302 1915 fine
318 1891 383 1922 quo
398 1890 452 1912 aut
465 1890 528 1912 non
547 1879 653 1911 fuiss‘et
668 1879 908 1917 contracturus,
923 1886 978 1909 aut
997 1887 1062 1909 non

186 1925 240 1957 ita.
267 1933 329 1956 nec
353 1931 459 1955 tamen
487 1921 628 1953 debebat
651 1921 682 1953 id
705 1930 811 1953 amare
835 1921 984 1960 exigere:
1009 1918 1063 1950 sed

188 1975 262 1997 cuni
286 1966 426 2007 quodam
453 1971 720 2004 temperamento.
753 1972 825 1994 nani
843 1962 864 1994 fi
879 1961 1063 2006 simpliciter

188 2006 313 2039 dixisset
322 2007 473 2038 venditor
482 2029 492 2044 ‚
502 2004 695 2045 peculiaturn
706 2002 768 2035 esse
779 2002 920 2034 servum:
934 2001 1063 2033 iufficie-

185 2049 261 2086 bat,
279 2049 330 2079 vel
349 2048 512 2080 minimum
530 2046 647 2077 habere
664 2046 825 2086 peculium
843 2045 920 2078 1.18.
941 2043 969 2084 §.
982 2042 1063 2074 2.D.

191 2091 224 2122 de
241 2090 378 2121 AEdilitio
398 2087 520 2120 Edicto:
537 2088 628 2119 aliter
646 2096 683 2117 ac
703 2086 725 2118 ss
744 2094 867 2118 cei-tum
887 2086 963 2125 quid
982 2083 1062 2115 affir-

190 2131 302 2164 masset
319 2132 359 2163 de
375 2131 502 2171 praediis
515 2153 524 2167 ‚
549 2128 753 2167 animalibus,
776 2127 962 2168 mancipiis,
985 2125 1064 2156 rner-

192 2173 284 2204 cibus
301 2195 310 2211 ,
340 2171 481 2204 foenebri
505 2172 658 2210 pecunia,
681 2170 766 2209 aliis,
791 2178 861 2209 quae
878 2170 908 2199 in
934 2167 1063 2207 peculio

191 2213 275 2254 saepe
298 2213 409 2249 fuisse,
434 2211 564 2243 testatur
582 2210 805 2252 Imperat01·§.
823 2221 852 2251 5.
873 2207 946 2249 [nst.
978 2207 1065 2252 ¹Quod

195 2265 261 2287 cum
275 2263 303 2286 eo
318 2256 368 2294 qui
385 2255 416 2284 in
432 2253 528 2284 aliena
541 2251 688 2292 potestate.
715 2252 853 2284 similiter
872 2250 892 2282 fi
909 2250 1065 2282 artificem

190 2294 400 2338 promififfet:
424 2303 486 2326 non
512 2294 623 2334 utique
650 2293 827 2334 perfectum
852 2294 883 2324 in
905 2299 973 2324 arte
990 2299 1066 2333 prae·

191 2338 272 2371 stare
291 2337 477 2376 tenebatur,
501 2334 554 2366 sed
572 2335 708 2373 peritum
727 2336 764 2366 ad
781 2335 917 2375 aliquem
933 2333 1066 2365 modum

189 2380 211 2411 l.
238 2388 281 2416 19.
304 2378 334 2420 §.
350 2388 379 2417 4.
398 2376 441 2409 D.
465 2378 498 2408 de
517 2376 653 2408 AEdilitio
671 2375 783 2407 Editio.
810 2376 898 2415 quod
925 2374 946 2407 si
969 2375 1064 2406 dixis-

193 2420 259 2459 set,
282 2420 440 2460 optimum
465 2417 528 2450 effe
550 2427 691 2458 coquum
707 2440 717 2456 ‚
741 2417 831 2448 verbi
857 2417 973 2458 gratia:
998 2423 1064 2447 tuin

193 2463 352 2503 optimum
378 2461 409 2492 in
436 2469 478 2491 eo
504 2459 641 2491 artificio
668 2469 742 2491 eum
767 2458 913 2498 praestare
932 2465 1062 2497 oporte-

191 2503 265 2534 bat:
290 2503 321 2534 &
338 2503 381 2534 ita
396 2502 426 2533 in
443 2500 567 2533 caeteris
583 2509 714 2542 quoque
725 2500 894 2531 obtinebat
912 2497 1063 2530 artificio-

192 2553 264 2577 rum
277 2543 444 2584 generibus
459 2544 487 2574 d.
503 2542 522 2575 l.
539 2547 583 2576 18.
600 2542 629 2584 §.
644 2551 668 2573 1.
696 2541 793 2574 Hisce
812 2540 990 2581 praemissiS,
1009 2549 1061 2571 ve-

195 2586 253 2618 nio
269 2593 354 2615 nuuc
369 2584 408 2615 ad
423 2585 450 2615 d.
467 2584 496 2625 §.
506 2594 535 2623 4.
551 2583 570 2614 l.
591 2593 636 2624 ¹3·
663 2582 793 2624 Species
810 2582 1002 2623 proponitur
1019 2589 1062 2612 ta-

193 2627 244 2659 lis.
279 2623 387 2656 Titius
404 2625 457 2664 qui
474 2625 618 2657 venalem
635 2624 836 2665 producebat
853 2623 995 2659 servum,
1020 2621 1066 2654 est

193 2669 228 2700 in
253 2666 349 2698 titulo
370 2667 522 2698 mentitus
539 2667 578 2698 de
602 2666 681 2698 servi
700 2666 829 2707 peculio
846 2672 900 2696 aut
914 2663 1064 2696 artificio.

197 2708 279 2741 dixit
294 2730 304 2746 ‚
327 2707 468 2753 exempli
490 2706 579 2738 causa
596 2730 606 2744 ‚
638 2717 711 2739 eum
739 2707 769 2738 in
794 2706 923 2748 peculio
947 2706 1067 2736 habere

197 2756 286 2783 certa
303 2749 479 2788 mancipia,
502 2749 665 2787 animalia,
687 2748 823 2789 praedia,
847 2756 989 2786 merces,
1015 2756 1068 2787 pe·

197 2791 324 2825 cuniam
340 2788 536 2820 foenebrem:
559 2797 613 2820 aut
626 2790 724 2828 dixit,
749 2789 811 2821 esse
826 2798 968 2830 coquum
983 2788 1068 2828 opti-

195 2842 286 2867 mum
304 2854 314 2870 ‚
343 2828 596 2862 Grammaticum
618 2831 856 2863 eruditiffimum
874 2853 884 2869 ,
912 2830 1067 2870 pictorem

198 2872 390 2918 pretiosum:
409 2879 515 2911 eoque
533 2869 643 2902 effecit
659 2873 848 2911 mendacio,
863 2880 898 2903 ut
917 2870 982 2912 ipse
999 2871 1067 2911 qui-

199 2918 275 2950 dem
290 2914 387 2956 pluris
403 2912 558 2944 venderet
576 2912 717 2951 servum3
738 2913 944 2954 Sempronius
960 2920 1067 2944 autem

198 2963 342 2993 emeret,
366 2962 461 2995 quem
477 2951 532 2984 nisi
542 2951 594 2993 spe
611 2954 727 2993 peculii
743 2962 796 2986 aut
812 2954 1004 2986 excellentia
1022 2962 1068 2985 ar·

196 2999 239 3032 tis
252 2995 409 3039 peilestus
427 2993 523 3033 esset,
548 2994 599 3024 vel
615 3003 679 3025 non
697 2996 796 3032 tanti,
820 2996 872 3027 vel
888 2997 984 3027 etiam
1000 3004 1067 3026 om-

198 3041 278 3073 nino
295 3048 359 3071 non
378 3034 510 3069 emiffet.
535 3043 600 3067 non
622 3035 706 3067 enim
725 3035 755 3066 in
778 3036 864 3067 saeco
883 3037 947 3068 hoc
964 3036 1067 3076 expri-

198 3082 316 3115 mitur:
340 3079 412 3120 quia
436 3076 516 3111 nihil
540 3075 650 3109 refert.
694 3075 772 3108 Inde
787 3086 859 3108 cum
876 3077 998 3110 servum
1015 3087 1067 3109 ne·

201 3131 265 3162 que
277 3124 320 3154 ita
331 3119 658 3162 peculiatum‚neque
674 3127 715 3149 eo
731 3116 866 3148 artificio
884 3118 1069 3150 instructum

198 3162 283 3202 esse,
306 3161 483 3194 constaret:
509 3159 690 3201 quaestionis
712 3158 793 3197 fuit,
817 3160 985 3199 quomodo
1004 3160 1069 3191 suc·

199 3205 393 3240 currendum
402 3201 480 3238 effe:
495 3201 653 3245 emptori:
669 3200 901 3243 conquerenti,
918 3199 949 3234 se
964 3209 982 3234 a
995 3210 1070 3235 vcn-

768 97 1079 134 GnRAnni
1129 95 1363 132 NoonT

1089 185 1195 217 ditore
1210 184 1242 216 in
1267 182 1491 217 contrahendo
1509 191 1546 215 ea
1564 182 1799 218 machinatione
1815 185 1876 219 effe
1892 188 1950 221 cir-

1088 227 1323 259 cumventum?
1341 225 1504 258 incidebat
1523 225 1683 257 dubitatio
1699 225 1782 257 circa
1796 228 1952 262 actionem

1090 276 1132 313 ex
1160 275 1290 307 empto:
1315 277 1375 300 nec
1398 275 1503 299 tamen
1529 274 1589 298 tam
1615 267 1698 298 circa
1722 266 1838 307 ipsam,
1861 278 1954 310 quam

1090 318 1173 340 circa
1191 310 1256 349 ejus
1278 309 1426 340 modum:
1451 311 1539 348 quod
1556 308 1667 348 aliquis
1684 308 1813 340 restaret
1830 309 1953 352 scrupu-

1090 350 1156 389 lus3
1180 359 1284 381 utrum
1309 351 1348 382 ad
1365 350 1429 381 hoc
1445 349 1546 381 danda
1555 348 1682 389 praecise
1705 349 1785 381 esset
1801 359 1838 381 ea
1852 351 1954 392 actio,

1090 400 1125 423 ut
1136 391 1281 423 venditio
1297 392 1374 423 dolo
1390 391 1473 423 malo
1491 390 1653 422 contracta
1664 414 1674 430 ,
1690 400 1730 421 ex
1748 389 1810 423 fide
1827 392 1909 424 bona
1922 395 1955 427 in

1093 441 1197 464 totum
1216 432 1426 465 resolveretur
1437 443 1446 472 3
1457 442 1494 463 an
1511 432 1539 464 &
1550 431 1610 471 iic,
1626 439 1660 463 ut
1676 432 1824 464 venditor
1834 442 1958 474 empto-

1093 476 1118 506 ri
1143 473 1320 513 praestaret,
1343 483 1465 514 quanto
1490 474 1587 512 pluris
1610 473 1688 505 effer
1711 473 1843 513 servus,
1872 475 1894 507 fi
1915 476 1957 509 ita

1093 516 1270 556 peculiatus
1289 516 1340 546 vel
1357 525 1397 546 eo
1422 514 1558 546 artificio
1574 514 1740 546 instructus
1758 513 1874 547 fuisset.
1919 516 1960 550 Et

1096 557 1213 597 placuit
1232 555 1373 596 Ulpiano
1389 580 1399 595 ,
1430 557 1547 591 bonam
1565 554 1661 588 fidem
1678 565 1742 587 non
1760 556 1907 599 adstringi
1921 561 1959 591 ad

1096 607 1188 630 unam
1206 606 1242 628 ac
1256 597 1428 637 simplicem
1447 598 1559 637 agendi
1577 597 1735 629 formam:
1752 596 1804 630 sed
1821 600 1907 631 varie
1922 608 1958 632 ac

1096 639 1226 670 solutius
1244 640 1425 678 aequitatem
1441 638 1535 679 sequi.
1560 639 1624 679 pati
1643 640 1748 677 enim,
1765 649 1836 671 eum
1855 641 1906 680 qui
1926 640 1961 673 fit

1097 681 1127 712 in
1146 680 1369 711 contrahendo
1396 682 1550 721 deceptus
1566 681 1643 711 dolo
1660 681 1762 719 malo,
1786 690 1882 721 prout
1901 682 1964 713 ele·
2000 696 2003 699 -

1096 721 1178 763 gerit
1193 730 1233 752 ex
1253 720 1308 752 suo
1324 723 1520 759 commodo,
1538 722 1588 753 vel
1605 721 1766 753 discedere
1783 732 1799 753 a
1815 731 1882 754 tota
1901 731 1965 755 em-

1097 764 1212 803 ptione
1237 761 1321 802 quass
1342 762 1548 804 imperfecta;
1571 764 1621 794 vel
1647 764 1834 802 intendere,
1858 772 1892 795 ut
1909 766 1965 796 do-

1097 805 1166 843 lus,
1191 804 1277 834 salvo
1296 803 1480 842 contractu,
1504 804 1701 836 emendetur.
1732 803 1813 835 Haec
1830 805 1904 836 mihi
1921 805 1966 837 vi·
2018 795 2020 837 ,⁵

1098 847 1191 878 detur
1208 843 1335 885 Ulpiani
1360 844 1524 876 sententia.
1570 845 1612 877 At
1629 846 1714 877 enim
1731 855 1796 877 non
1815 846 1915 887 liquet
1933 847 1965 880 in

1098 889 1126 919 d.
1145 887 1174 928 §.
1193 897 1222 923 a.
1239 886 1258 917 l.
1282 895 1328 927 ¹3·
1362 886 1399 918 ld
1422 896 1474 918 me
1498 886 1559 917 urit
1580 887 1679 927 prima
1701 885 1804 919 faeie:
1827 887 1968 927 loquitur

1098 938 1182 960 enim
1206 926 1362 968 Ulpianus
1386 928 1426 960 de
1450 926 1576 959 aciione
1600 937 1637 959 ex
1659 935 1771 968 empto
1786 929 1895 969 quanti
1910 930 1966 962 mi-

1098 970 1204 1008 noris;
1226 978 1323 1010 atque
1340 970 1420 1000 lianc
1439 969 1577 1015 emptori
1595 969 1696 1009 palam
1712 970 1882 1009 concedit3
1906 980 1966 1003 nec
2020 980 2022 1008 ³:

1098 1012 1205 1049 addit,
1230 1011 1327 1042 licere
1343 1020 1474 1051 quoque
1497 1020 1549 1050 ei,
1572 1009 1593 1042 fi
1618 1011 1726 1048 malit,
1749 1020 1766 1041 a
1789 1019 1858 1042 tota
1880 1011 1966 1044 abire

1099 1053 1276 1093 emptione.
1307 1052 1369 1083 Sed
1386 1061 1437 1084 me
1454 1060 1586 1089 movet,
1604 1051 1693 1092 quod
1712 1051 1776 1083 hoc
1794 1062 1858 1084 non
1873 1061 1968 1095 negat
2021 1051 2023 1093 ζ

1100 1094 1274 1135 Ulpianus:
1294 1093 1467 1124 &interim
1486 1093 1516 1124 in
1533 1095 1560 1123 ιΙ.
1578 1093 1597 1123 l.
1619 1102 1665 1124 11.
1684 1092 1760 1140 §35
1777 1092 1821 1125 D.
1836 1096 1869 1125 {Ie
1883 1095 1968 1128 aitio-
2022 1112 2023 1130 l

1099 1137 1184 1167 nibus
1199 1136 1285 1176 empti
1302 1134 1338 1169 &5⁹
1356 1135 1468 1166 venditi
1486 1134 1660 1175 posteriore
1676 1143 1775 1166 utitur
1789 1134 1909 1169 forma:
1931 1133 1967 1168 fi·

1100 1186 1156 1208 cut
1167 1178 1273 1216 priore
1289 1176 1318 1207 in
1338 1177 1364 1206 d.
1379 1175 1398 1217 §
1419 1186 1448 1213 4.
1462 1176 1481 1206 l.
1499 1185 1546 1216 13.
1570 1175 1646 1207 Non
1664 1177 1772 1208 onmia
1787 1177 1868 1209 dixi:
1892 1186 1969 1219 prae·

1101 1226 1188 1249 terea
1203 1217 1307 1248 habeo
1321 1217 1547 1249 adminiculum
1564 1226 1643 1248 meae
1663 1219 1917 1258 interpretationi
1933 1217 1968 1250 fi-

1101 1259 1173 1290 dele
1191 1268 1227 1289 ac
1247 1257 1394 1296 firmum,
1418 1259 1507 1299 quod
1526 1267 1651 1290 mecum
1670 1257 1762 1289 sentit
1777 1259 1877 1299 Julius
1894 1260 1969 1292 Pau-

1102 1301 1168 1338 lus,
1195 1300 1243 1331 lib.
1261 1310 1289 1331 2.
1309 1300 1437 1330 Sentent.
1455 1301 1499 1330 tit.
1518 1308 1563 1340 ¹7-
1581 1299 1609 1340 §.
1627 1303 1656 1331 6.
1684 1299 1713 1331 Is
1732 1300 1843 1332 traCtat
1861 1311 1926 1333 non
1943 1311 1972 1333 a·

1102 1342 1194 1380 liam,
1217 1351 1280 1372 non
1308 1341 1437 1372 similem
1456 1363 1464 1379 ‚
1489 1340 1539 1371 sed
1562 1341 1658 1381 ip'sam
1683 1350 1743 1381 qua
1767 1344 1806 1373 de
1829 1343 1970 1383 agimus,

1102 1381 1231 1422 Ulpiani
1248 1381 1384 1423 speciem
1397 1405 1406 1421 ‚
1425 1391 1461 1413 ac
1480 1391 1582 1422 prope
1597 1383 1662 1422 ejus
1678 1382 1804 1421 verbis,
1826 1385 1921 1416 etiam
1938 1393 1971 1415 u-

1102 1432 1247 1463 tramque
1271 1433 1364 1463 quam
1391 1433 1455 1463 pra:
1481 1432 1532 1454 me
1550 1423 1626 1462 tuli,
1649 1424 1763 1464 agendi
1778 1423 1916 1457 formam
1936 1425 1969 1458 in

1103 1474 1138 1496 ea
1156 1465 1295 1496 ostendit
1312 1464 1375 1496 fine
1393 1464 1598 1496 haesitatione.
1643 1465 1730 1496 Pauli
1750 1465 1845 1497 verba
1862 1466 1882 1498 fi
1902 1467 1969 1507 quis

1103 1505 1258 1546 inspicere
1275 1506 1384 1543 volet,
1408 1505 1535 1545 subJ'eci.
1575 1505 1609 1537 Si
1621 1506 1787 1546 utser-vum
1802 1508 1868 1548 quis
1879 1509 1971 1549 pluris

1102 1548 1256 1585 venderet,
1280 1549 1312 1578 de
1335 1546 1460 1586 artificio
1483 1547 1543 1588 ejus
1568 1547 1616 1577 vel
1637 1547 1747 1587 peculio
1761 1551 1897 1580 mentitus
1912 1547 1969 1590 est,

1103 1587 1213 1620 ustione
1236 1598 1273 1619 ex
1294 1594 1384 1629 empto
1399 1595 1573 1625 conventus,
1597 1595 1706 1629 quanto
1725 1591 1844 1620 minoris
1857 1591 1969 1622 voluis-

1094 1635 1142 1670 Jet
1163 1653 1173 1668 ,
1203 1631 1320 1669 emptori
1338 1628 1474 1670 prestare
1495 1630 1689 1669 compellitur,
1713 1629 1770 1668 nisi
1786 1638 1911 1672 paratus
1929 1630 1970 1670 st’t

1102 1681 1166 1702 eum
1182 1671 1335 1702 redhibere.
1360 1670 1447 1702 Pauli
1466 1669 1566 1702 sensus
1582 1670 1647 1709 est,
1668 1670 1809 1712 Einptori
1826 1673 1970 1704 adversus

1104 1713 1307 1758 venditorem
1324 1712 1376 1751 qui
1393 1711 1429 1743 sit
1445 1712 1486 1742 de
1505 1710 1582 1743 servi
1606 1711 1762 1751 artificio,
1780 1720 1833 1744 aut
1850 1714 1889 1745 dc
1906 1715 1969 1755 eJus

1104 1754 1232 1795 peculio
1258 1753 1431 1792 mentitus,
1455 1761 1644 1793 competere
1669 1753 1827 1786 actionem
1851 1764 1892 1786 ex
1907 1764 1971 1787 em-

1104 1804 1182 1837 pto,
1199 1796 1307 1835 quanti
1326 1795 1474 1826 minoris:
1500 1793 1552 1825 nifi
1570 1794 1676 1833 malit,
1700 1794 1762 1835 (iic
1777 1797 1968 1837 interpretor

1104 1837 1200 1875 illud,
1225 1834 1280 1873 mfi
1298 1842 1424 1876 paratus
1443 1834 1504 1877 fit)
1530 1835 1603 1873 nisi,
1627 1836 1771 1877 inquam,
1795 1838 1883 1870 malit
1906 1847 1968 1870 em-

1105 1886 1200 1918 ptor,
1224 1878 1336 1909 eadem
1360 1886 1400 1909 ex
1424 1885 1536 1918 empto
1561 1877 1705 1917 actione,
1731 1878 1893 1910 redhibito
1912 1879 1970 1911 sei·-

1108 1928 1170 1957 vo,
1194 1928 1210 1949 a
1237 1927 1305 1949 tota
1330 1920 1496 1960 emptione
1521 1919 1683 1951 recedere.
1726 1919 1775 1951 Ad
1799 1921 1883 1952 bunc
1904 1919 1974 1952 sane

1106 1961 1237 1993 modum
1257 1959 1354 2000 Gajus
1364 1961 1382 1991 l.
1397 1964 1442 1994 18.
1456 1960 1496 1992 D.
1506 1959 1682 1991 deAEdilz'tio
1697 1959 1812 1993 Edie'to.
1835 1961 1970 2003 Siquid,

1107 2002 1210 2041 inquit
1220 2025 1229 2040 ‚
1252 2002 1386 2032 venditor
1401 2003 1433 2032 ‹le
1443 2002 1584 2042 mancipio
1596 1999 1804 2042 affirmaverit,
1819 2003 1902 2044 idque
1916 2012 1972 2034 non

1106 2045 1150 2073 ita
1166 2042 1217 2082 effe
1240 2049 1347 2083 emptor
1367 2048 1523 2084 queratur:
1544 2049 1596 2072 aut
1612 2043 1809 2082 redhibitorio,
1833 2049 1885 2075 aut
1902 2042 1975 2085 oesii-

1106 2085 1243 2122 maturio,
1266 2085 1297 2114 id
1312 2082 1371 2124 est,
1394 2090 1503 2124 quanto
1518 2084 1636 2114 minoris
1655 2084 1767 2124 judicio
1783 2094 1863 2126 ogere
1875 2083 1974 2125 potest.

1107 2124 1203 2156 Nulla
1221 2126 1349 2164 quidem
1367 2125 1418 2155 hic
1433 2126 1556 2156 mentio
1568 2125 1702 2156 actionis
1720 2135 1759 2157 ex
1777 2134 1906 2166 empto:
1921 2126 1973 2158 led

1108 2165 1264 2205 Ulpianus
1280 2165 1298 2196 l.
1316 2174 1360 2197 11.
1378 2165 1405 2207 §.
1421 2175 1450 2206 3.
1468 2165 1508 2197 D.
1528 2167 1560 2196 de
1576 2166 1734 2197 ustionibus
1749 2168 1835 2207 empti
1851 2167 1887 2201 ὅ)
1904 2177 1972 2198 ven-

1108 2208 1182 2246 diti,
1206 2207 1435 2238 Redbibitionem
1451 2216 1580 2248 quoque,
1598 2207 1719 2246 inquit,
1738 2210 1878 2239 contineri
1890 2209 1976 2249 empti

1102 2249 1236 2291 judicio,
1259 2247 1296 2282 {5⁹
1322 2248 1415 2280 Labeo
1443 2247 1480 2282 69⁹
1506 2249 1632 2279 Sabinus
1644 2254 1773 2289 putant,
1798 2249 1834 2283 ὅ)
1850 2259 1900 2280 nos
1910 2257 1971 2289 pro-

1109 2293 1220 2322 bamus.
1254 2288 1382 2329 Insuper
1400 2290 1528 2321 memini
1546 2291 1651 2331 legere
1671 2290 1754 2329 apud
1772 2289 1925 2330 julianum
1943 2290 1972 2322 iu

1109 2332 1128 2363 l.
1147 2342 1196 2372 25.
1214 2330 1243 2372 §.
1263 2340 1289 2362 1.
1308 2330 1348 2362 D.
1375 2334 1408 2361 de
1428 2332 1590 2371 exceptione
1608 2332 1647 2362 rei
1663 2332 1820 2372 judicatio,
1843 2332 1928 2372 quod
1943 2341 1971 2362 a·

1110 2374 1194 2411 ctio,
1218 2371 1338 2414 Quanti
1362 2373 1494 2404 minoris
1511 2373 1610 2404 bomo
1627 2381 1700 2404 cum
1716 2374 1840 2405 veniret
1857 2373 1969 2411 fuerit,

1109 2416 1205 2446 etiam
1230 2413 1481 2445 redhibitionem
1505 2415 1672 2452 continet,
1695 2413 1717 2445 fi
1739 2415 1803 2446 tale
1819 2415 1926 2446 vitium
1941 2413 1972 2445 in

1109 2456 1241 2487 homine
1264 2453 1328 2493 est,
1350 2463 1384 2486 ut
1409 2464 1481 2487 euin
1506 2456 1549 2487 ob
1571 2456 1603 2486 id
1627 2455 1715 2486 actor
1732 2463 1894 2496 empturus
1909 2463 1972 2487 nou

1105 2497 1216 2529 fuerit.
1261 2496 1374 2528 Exemi
1393 2506 1432 2527 ex
1456 2495 1593 2537 Ulpiano
1611 2496 1851 2536 difficultatem,
1874 2496 1974 2528 hacte-

1105 2548 1162 2570 nus
1185 2539 1278 2569 nimis
1301 2537 1465 2569 molestam
1484 2538 1513 2569 in
1530 2539 1558 2580 §.
1577 2549 1607 2579 4.
1627 2540 1654 2569 d.
1671 2538 1691 2569 l.
1716 2548 1763 2580 13.
1781 2538 1823 2570 D.
1842 2539 1874 2570 de
1889 2536 1970 2569 astio-

1104 2582 1190 2612 nibus
1206 2582 1293 2620 empti
1307 2579 1343 2613 ὅ)
1357 2580 1478 2610 venditi.
1901 2598 1903 2600 v

1151 2621 1293 2661 Sequens
1316 2629 1390 2651 cura
1414 2621 1473 2652 erit
1496 2621 1581 2652 circa
1604 2620 1633 2663 §.
1659 2631 1690 2662 5.
1717 2621 1841 2664 ejusdem
1863 2620 1971 2662 capitis.

1110 2662 1219 2694 Verba
1237 2661 1306 2693 haec
1324 2661 1402 2693 sunt.

1131 2705 1189 2738 Per
1206 2703 1386 2734 contrarium
1400 2712 1452 2744 quo
1477 2712 1509 2733 ue
1534 2703 1606 2734 idem
1623 2703 1767 2743 Julianus
1786 2713 1852 2735 cum
1875 2703 1974 2735 Tmn·

1192 2746 1252 2776 tius
1270 2744 1372 2775 Vibior
1384 2712 1548 2785 ἀπε-ἅψει,
1571 2743 1665 2775 reneio
1684 2745 1782 2776 herede
1795 2746 1893 2785 fratre
1902 2745 1971 2784 su0;

1191 2785 1228 2821 ὅ)
1244 2795 1288 2816 res
1303 2787 1443 2827 quasdam
1456 2795 1493 2818 ex
1509 2787 1665 2817 hereditate
1679 2786 1716 2821 ὃ)
1734 2784 1920 2827 instrumenta
1937 2783 1973 2819 δ’

1189 2828 1335 2867 mancipia
1361 2827 1488 2859 Vellicus
1511 2828 1631 2868 quidam
1644 2827 1852 2868 subtraxiffet:
1875 2827 1976 2868 quibus

1186 2867 1346 2911 Jubtraitis
1353 2869 1445 2908 facile
1462 2868 1544 2910 quast
1559 2869 1675 2900 minimo
1692 2869 1797 2900 valeret
1817 2868 1975 2904 hereditas,

1193 2908 1287 2947 utsibz'
1302 2919 1334 2941 ea
1349 2911 1520 2941 venderetur
1530 2909 1703 2951 ‚perfuafin
1720 2919 1759 2941 nn
1774 2909 1882 2939 venditi
1891 2907 1975 2948 judi-

1191 2952 1233 2983 cio
1246 2951 1335 2982 teneri
1348 2950 1431 2992 poffit
1445 2951 1462 2982 ,9
1484 2951 1527 2983 Et
1542 2952 1585 2982 ait
1600 2951 1763 2992 Julianus,
1780 2953 1925 2988 competere
1940 2957 1973 2978 α-

1190 2992 1308 3024 &ionem
1323 3002 1359 3024 ex
1373 2994 1488 3024 vendito
1503 2995 1535 3023 in
1550 2999 1682 3030 tantum,
1697 2995 1803 3032 quanto
1816 2988 1910 3029 pluris
1926 2989 1974 3019 he-

1196 3035 1302 3065 reditas
1311 3034 1418 3065 valeret
1425 3033 1465 3073 ,fi
1481 3035 1522 3065 bae
1532 3033 1607 3075 [res]
1615 3030 1763 3072 subtrastae
1776 3028 1970 3069 nonfuiffent.

1111 3076 1256 3109 Veiiicus
1278 3076 1405 3116 quidam
1421 3099 1430 3114 ‚
1461 3074 1502 3107 sie
1525 3074 1694 3107 Florentiae
1711 3071 1823 3102 editur.
1855 3070 1886 3101 in
1905 3071 1971 3101 aliis

1111 3118 1198 3150 libris
1223 3116 1288 3156 est,
1313 3116 1466 3148 Villicus:
1498 3116 1549 3147 sed
1576 3114 1671 3155 magis
1697 3112 1800 3151 placet
1826 3110 1974 3143 Vellicus:

1112 3160 1168 3198 (ut
1187 3160 1218 3191 in
1236 3159 1316 3199 l.52.
1335 3157 1404 3199 §.7.
1423 3157 1465 3189 D.
1488 3156 1645 3196 Prosocio)
1662 3152 1806 3191 quidam,
1827 3153 1973 3191 inquam,

1113 3200 1144 3236 V
1147 3201 1259 3234 ellicus
1276 3198 1429 3236 subtraxit
1444 3207 1484 3231 ex
1501 3195 1646 3230 Terentii
1663 3192 1801 3226 Victoris
1820 3193 1977 3226 heredita-

1942 3241 1974 3265 te
