2036 3495
364 99 748 134 DISSERTAT10
791 95 965 131 Pruna

129 197 165 222 ut
182 189 233 221 ille
249 189 309 227 ait,
333 197 461 228 veram«,
484 196 549 219 non
573 185 750 219 fimulatam·
764 183 1004 226 Philosophiam

130 231 305 264 affectare?
385 230 387 234 ’
650 268 656 273 ,
995 269 1002 274 Ι

167 273 229 305 Sed
253 280 370 314 quanta
394 272 461 304 Arti
486 280 503 302 a
528 269 676 310 sapientia
698 268 763 300 laus
782 267 846 306 est,
871 275 958 300 tanta
974 279 1003 300 ci

124 315 213 346 venit
238 324 255 345 a
278 314 401 346 caeteris
425 311 628 344 humanitatis
652 309 772 341 studiis.
806 310 915 348 lcii-cs,
939 309 1002 342 effe

123 366 235 387 eorum
255 357 306 397 qui
325 355 443 396 ingenii
467 354 589 385 cultum
609 352 703 384 rebus
720 351 885 382 attulerint
901 353 931 383 in
950 353 1003 398 tri-

115 394 270 436 bunaria,
294 399 325 428 in
350 396 501 427 Senatum
519 419 527 433 ‚
552 395 591 425 ad
614 393 807 433 Principem.
840 394 921 424 adeo
948 402 1002 424 Vix

122 439 377 478 dil'cernosquo
405 436 554 478 praestent
576 435 733 466 maxime:
756 435 909 476 dignitate
929 458 938 473 ,
963 444 1001 466 an

125 481 338 512 verecundia:
363 479 568 521 negotiorum
595 477 728 516 peritia,
752 486 789 507 an
815 477 999 517 diligentia:

123 522 286 560 dotti-ina,
303 531 340 552 an
360 520 511 552 sermonis
527 527 602 549 cura
618 526 713 558 atque
729 519 895 559 elegantia.
923 518 1000 549 Non

120 562 237 595 faciam
255 561 351 594 fidem
369 562 412 593 rei
438 569 532 592 certae
550 560 579 591 &
599 560 738 600 liquidae.
770 560 839 600 quis
854 561 1000 601 ignorat,

119 599 404 646 Jhrisprude‘ntiam
430 602 541 642 partim
566 602 738 634 verborum
765 602 1001 641 interpretatio-

121 656 179 685 ne,
194 647 306 686 partim
322 654 426 677 rerum
444 651 540 684 atque
558 644 730 682 utilitatum
750 643 930 674 ditm-irnine
948 652 1001 673 oc-

121 690 240 727 cupari.
269 694 423 726 ponamus
442 684 548 717 saltem
566 683 788 716 testamentum
809 693 861 715 aut
878 692 1002 715 contra-

121 729 222 763 crum,
234 737 287 759 aut
303 727 323 759 si
343 727 489 759 mavultis
501 750 510 766 ,
523 727 626 767 legem
638 750 649 765 ‚
665 726 855 771 edidiurnve.
873 735 1000 771 nonne,

119 769 140 802 fi
165 769 296 800 obscura
314 768 349 800 fit
376 769 576 809 loquentium
596 777 684 800 mens
700 791 708 806 ,
731 769 808 808 quid
830 768 999 806 tentemur,

120 821 160 842 ex
183 821 223 843 eo
241 811 328 851 quod
353 811 513 848 dixerint,
537 809 691 849 expiscari
711 809 885 850 cogimur?
910 809 999 854 mira

119 861 189 884 mur
204 853 317 893 igitur,
343 861 415 883 cum
432 853 471 882 ad
489 860 593 883 rerum
610 851 638 882 δι
659 851 832 882 verborum
859 850 998 895 origines

120 903 158 924 ac
183 893 430 934 significationes
456 902 531 933 quas
564 893 736 931 aliquando
759 899 861 923 mutat
877 913 886 930 ‚
917 892 998 930 laepe

119 935 272 967 obliterat
291 936 385 976 longa
403 942 496 974 aetas,
521 934 551 966 &
568 934 770 974 loquentium
786 932 874 971 usus,
900 934 999 978 multa

117 976 176 1009 fint
194 987 211 1008 a
229 976 453 1008 Grammaticis
481 976 638 1007 lubtiliter
660 975 850 1014 eruditeque
867 983 998 1014 excogi-

117 1025 201 1058 tata,
229 1028 265 1049 ac
292 1019 423 1050 tradita:
443 1027 511 1049 eam
536 1016 598 1048 csse
621 1017 755 1057 gloriam
777 1015 998 1055 jurispruden-

119 1061 189 1099 tiae,
206 1068 240 1091 ut
256 1060 320 1100 ejus
338 1060 439 1091 studio
456 1058 671 1098 industriaque
690 1058 778 1097 plura
795 1058 997 1102 adderentur.

159 1101 226 1141 Jam
245 1101 263 1132 fi
281 1110 376 1141 quem
394 1102 497 1139 capiat
511 1100 675 1132 laudabilis
692 1099 830 1139 impetus
846 1097 998 1145 noscendi

116 1143 233 1184 Populi
253 1142 391 1174 Romani
406 1152 554 1180 munera,
578 1150 684 1173 mores
703 1140 871 1181 publicos,
895 1148 997 1180 priva-

118 1192 170 1216 tos
188 1208 198 1223 ,
230 1193 356 1216 veteres
373 1208 382 1222 ‚
415 1193 539 1222 novos3
562 1182 584 1214 fi
610 1182 842 1226 sobrietatem,
867 1181 996 1226 luxum,

117 1227 269 1263 delicias,
293 1226 503 1266 elegantiam,
527 1226 556 1255 in
577 1222 686 1260 Urbe,
705 1232 789 1269 ruri,
811 1222 995 1269 inferimus,

116 1268 217 1305 villis,
242 1267 363 1305 hortis,
389 1269 418 1297 in
443 1266 560 1305 nuptiis
577 1288 587 1304 ‚
612 1264 798 1301 funeribus;
820 1263 937 1294 alibine
961 1272 995 1293 u-

115 1309 224 1340 berior
251 1307 342 1347 hujus
368 1307 519 1339 doctr-inae
544 1305 620 1337 fons
637 1329 646 1343 ‚
671 1314 726 1336 aut
749 1303 910 1345 copiosior
930 1313 995 1351 ma·

114 1351 213 1388 teria,
236 1358 329 1387 quam
354 1350 408 1380 ubi
434 1350 474 1380 de
491 1348 539 1379 his
563 1357 603 1379 ex
621 1346 837 1392 testamentis,
861 1346 995 1392 codicil-

113 1392 171 1429 lis,
194 1391 412 1432 pactionibus,
436 1389 575 1431 negotiis
598 1388 702 1420 omnis
726 1397 853 1434 gen-eris
873 1389 945 1434 lites
965 1389 994 1419 ὅῑ

111 1433 188 1474 juris
205 1431 395 1472 quaestiones
410 1439 613 1463 exercentur.
645 1429 709 1461 Sed
724 1428 768 1460 est
785 1429 994 1469 incredibile,

112 1481 315 1515 quantopere
339 1473 408 1504 haec
435 1473 465 1504 δε
485 1474 544 1504 alia
567 1471 798 1503 pandectarum
824 1469 993 1512 Fragmen-

111 1516 171 1553 tis,
186 1515 216 1546 ἃ
231 1516 395 1555 utriusque
412 1513 562 1552 Codicis,
579 1523 652 1545 cum
668 1511 888 1544 Theodosiam
900 1536 909 1550 ,
925 1519 993 1544 tum

112 1556 295 1597 Iustinianei
315 1554 605 1588 Constitutionibus
620 1554 824 1586 illustrentur.
848 1552 927 1585 Non
946 1564 994 1585 re-

113 1606 273 1639 pugnem,
299 1598 321 1627 A
333 1597 371 1629 A.
397 1597 542 1635 volenti,
567 1596 647 1635 Juris
666 1595 777 1627 Civilis
795 1595 923 1636 Corpus
941 1605 993 1636 ap·

113 1641 234 1680 pellare
246 1638 411 1669 sacrarium
423 1638 474 1668 vel
491 1637 670 1669 thesaurum
687 1637 831 1668 omnium
849 1646 918 1677 quae
936 1638 991 1668 do-

113 1681 179 1719 mi,
196 1689 265 1720 quae
283 1678 384 1717 foris,
402 1688 473 1718 qua:
491 1679 656 1719 privatim,
676 1686 747 1718 quae
763 1678 912 1718 publice,
924 1679 991 1710 bel-

112 1722 166 1759 10,
185 1730 281 1761 pace,
307 1721 337 1751 in
352 1720 497 1760 judiciis,
521 1721 654 1760 injure,
679 1721 711 1751 in
729 1719 868 1758 Senatu,
887 1721 917 1751 in
935 1730 991 1752 co·

111 1763 230 1801 mitiis,
253 1762 336 1802 apud
354 1761 554 1802 Principem,
579 1760 754 1802 sapienter,
777 1768 830 1793 aut
846 1768 988 1799 temere,

110 1804 195 1835 faeta
210 1803 267 1835 fint
282 1812 297 1834 a
315 1802 460 1841 summis,
484 1803 596 1834 mediis
608 1826 617 1841 ,
641 1801 768 1834 infimis.

154 1845 317 1877 Vei-iffima
342 1844 409 1875 haec
428 1844 514 1884 effe,
538 1844 671 1880 videtis,
697 1844 770 1875 AA.
794 1853 855 1875 nec
878 1851 989 1885 putate

113 1894 217 1918 tamen
229 1909 238 1925 ,
255 1895 305 1917 me
321 1893 435 1926 agere3
453 1895 488 1917 ut
505 1895 602 1917 unum
620 1885 713 1917 vobis
735 1885 799 1916 hoc
814 1886 987 1917 obtrudam

112 1928 257 1967 Corpus:
281 1927 367 1968 quod
392 1927 465 1959 alibi
490 1927 526 1959 fit
552 1927 692 1958 honestet>
720 1927 750 1958 ὃς
770 1928 902 1958 eruditae
925 1928 989 1959 ele-

110 1969 250 2008 gantiae,
290 1968 418 2000 sordere
442 1976 495 1999 aut
519 1968 747 2009 supervacuum
774 1968 836 2000 eise
862 1969 986 2009 opiner.

110 2007 186 2041 Non
204 2009 249 2041 est
265 2009 330 2041 hoc
347 2010 424 2041 mihi
443 2009 618 2041 confilium.
651 2019 723 2041 cum
742 2011 938 2042 commendo
957 2010 988 2042 ὅτ,

107 2052 204 2083 laudo
220 2051 341 2089 nostra,
366 2059 484 2090 caetera
501 2061 566 2083 non
582 2059 773 2083 contemno.
809 2052 901 2084 nimis
917 2061 984 2083 cer-

108 2102 171 2131 no,
195 2101 290 2133 quarn
314 2092 415 2132 area,
439 2093 470 2124 &
486 2092 585 2124 suavis
604 2092 639 2124 fit
656 2093 798 2124 omnium
815 2094 929 2124 artium
947 2093 985 2125 ad

105 2134 224 2165 bonam
247 2143 391 2166 mentem
413 2135 603 2166 enitentium
634 2136 788 2175 cognatio
806 2158 816 2173 ‚
844 2135 984 2166 invicem

106 2175 137 2205 se
156 2184 221 2206 non
239 2185 354 2207 ornans
372 2183 513 2214 tantum,
529 2175 582 2207 sed
596 2176 709 2216 Juvans
726 2185 869 2216 quoque.
894 2177 983 2216 quod

105 2225 156 2248 res
171 2215 235 2255 est,
253 2217 363 2254 volui,
386 2217 530 2257 exposita
546 2220 701 2249 varietate
716 2218 870 2249 tloc'trinae
889 2227 984 2257 quam

105 2257 204 2289 ambit
223 2257 291 2289 haec
300 2259 475 2290 divinarum
486 2265 583 2298 atque
601 2259 803 2290 humanarum
816 2269 920 2291 rerum
932 2260 985 2290 Sa-

105 2300 246 2340 pientia,
272 2309 330 2330 vos
356 2300 422 2340 ejus
446 2301 688 2340 amplitudinem
705 2324 714 2339 ,
746 2301 984 2341 utilitatemque

102 2340 301 2381 intelligere,
327 2341 356 2372 &
381 2349 444 2373 tam
460 2342 639 2382 multiplice
654 2343 779 2373 moveri
799 2343 981 2380 venustate,

103 2389 138 2413 ut
149 2381 308 2413 affectetis
324 2383 406 2414 viam
417 2406 426 2422 ,
445 2392 505 2423 qua
520 2384 558 2413 ad
571 2384 636 2422 eJ'us
653 2384 778 2424 apicem
794 2385 981 2424 prudenter,

104 2423 190 2462 cito,
213 2423 374 2462 feliciter,
397 2426 596 2456 contendere
616 2425 645 2456 δί
667 2426 803 2456 evadere
819 2425 980 2457 debeatis:

103 2464 169 2495 hoc
186 2473 333 2506 tempore
351 2475 416 2506 quo
438 2466 508 2497 fere
527 2475 582 2506 per
603 2467 723 2497 incerta
740 2474 836 2507 atque
856 2468 926 2498 avia
944 2476 982 2496 εε-

103 2513 202 2538 tatem
227 2516 383 2547 vagatur:
407 2508 480 2548 quia
504 2507 650 2548 praestare
674 2508 776 2539 credit
800 2508 980 2549 aliquorum

103 2547 284 2586 ignorantia
296 2558 334 2579 an
345 2549 490 2589 ignavia,
506 2549 656 2590 quiddam
668 2572 677 2586 ,
694 2550 782 2590 quod
793 2551 896 2589 aiunt,
914 2550 981 2580 fim-

106 2588 200 2627 plex,
223 2589 254 2620 &
270 2590 308 2620 ad
326 2590 412 2621 usum
430 2589 590 2630 spectans,
616 2592 747 2630 doceri;
770 2600 863 2631 quam
882 2591 980 2622 Vete-

104 2638 172 2659 rum
197 2631 366 2670 exemplo,
389 2632 428 2662 ad
445 2641 514 2663 cam
535 2641 608 2663 cum
632 2633 755 2663 decoro
779 2632 980 2663 scientiarum

104 2669 259 2700 comitatu
278 2671 405 2703 venire:
430 2673 562 2711 dubito,
583 2681 687 2705 utrum
706 2675 802 2714 magis
815 2674 926 2711 stulte,
940 2682 978 2703 an

103 2711 318 2750 impudenter.
363 2711 440 2743 Non
470 2716 572 2746 minus
597 2715 676 2746 utile
694 2714 811 2753 fuerit,
837 2725 895 2746 vos
913 2724 979 2745 mc-

100 2751 222 2782 rniniss'e
239 2774 249 2790 ,
272 2753 517 2792 pulcherrimam
537 2755 618 2786 hanc
636 2756 745 2787 Artem
763 2766 828 2787 non
847 2755 908 2786 effe
927 2765 979 2786 na-

102 2802 167 2824 tam
187 2802 251 2824 uno
269 2802 323 2824 aut
337 2794 439 2825 altero
456 2795 526 2834 die;
544 2805 648 2835 neque
666 2797 705 2828 ab
717 2798 808 2828 unius
825 2798 956 2837 ingenio
968 2820 977 2834 ‚

104 2835 260 2865 eademve
279 2836 523 2874 opportunitate
540 2836 735 2876 profectam:
761 2838 812 2870 sed
830 2848 888 2878 pro
905 2838 978 2869 Rei—

100 2875 239 2914 publicae
255 2876 415 2913 moribus,
438 2879 638 2916 commodis,
655 2879 895 2911 difficultatibus
914 2879 978 2910 sen-

99 2917 153 2948 fim
175 2916 236 2947 effe
261 2917 400 2949 audam:
427 2928 467 2949 ne
486 2917 607 2959 semper
623 2921 752 2960 quidem
773 2922 888 2952 eodem
910 2930 978 2960 ner-

101 2957 255 2990 dnraviss'e
279 2957 376 2990 statu:
400 2958 452 2990 led
475 2968 510 2990 ut
526 2962 629 2991 ventis
647 2962 809 3000 adspectus
827 2963 977 2999 nubium,

100 3000 144 3030 ita
167 2999 298 3031 fortuna
317 3000 511 3041 publicarum
535 3002 790 3042 privatarumque
807 3012 909 3033 rerum
928 3003 978 3033 sae-

101 3049 143 3080 pe
170 3042 318 3072 variaram
347 3049 443 3081 atque
463 3041 611 3073 inflexam
630 3042 730 3073 fuisse.
777 3043 866 3074 Plura
883 3045 977 3074 adde—

100 3091 189 3114 rem:
212 3082 265 3114 nisi
291 3084 530 3124 intelligeretis,
555 3083 675 3115 referre
692 3085 775 3116 Artis
792 3094 848 3124 per
865 3092 915 3115 tot
934 3085 978 3116 se·

102 3124 192 3163 cula,
216 3133 272 3164 per
291 3133 340 3156 tot
366 3124 452 3157 casus
466 3124 588 3166 jaetatae
605 3148 615 3163 ‚
639 3125 704 3165 ejus
728 3124 794 3156 fata
818 3134 913 3166 atque
933 3127 978 3158 in·

1007 94 1077 130 Da
1117 93 1311 130 Clvltr
1354 94 1698 131 rammi-12³.

1859 108 1927 144 503

1047 184 1237 216 clinatione&
1249 185 1333 216 bona
1345 184 1406 216 fide
1424 185 1657 225 comprehendi
1673 186 1860 218 curatiffima
1872 189 1928 219 ob-

1048 225 1226 257 servatione
1243 234 1426 267 temporum
1445 229 1560 262 ouibus
1579 229 1656 268 quid
1669 228 1780 268 juil‘uxn
1793 252 1802 266 ‚
1819 239 1926 262 emen-

1046 268 1174 305 datum,
1192 269 1424 308 abrogatumve
1441 269 1494 300 fit:
1513 279 1617 309 neque
1632 271 1730 312 magis
1746 270 1892 303 abstineri
1909 281 1925 303 a

1046 308 1176 341 vetustis
1193 332 1202 348 ,
1234 320 1327 348 quam
1352 320 1368 340 a
1392 312 1485 341 novis
1513 313 1627 351 quibus
1653 312 1704 344 illa
1728 321 1848 344 mutata
1871 322 1926 344 aut

1048 358 1223 388 temperata
1241 351 1317 390 lint,
1342 360 1507 392 oportere.
1588 352 1591 355 ⁴

1087 392 1185 433 igitur
1209 394 1318 433 (quod
1336 395 1464 434 dignum
1481 394 1526 426 est
1545 395 1628 426 Artis
1646 393 1826 436 majestate)
1854 394 1923 428 fini-

1047 441 1098 471 te,
1115 443 1183 466 eam
1200 436 1315 473 quibus
1326 436 1573 475 crevitopibus,
1590 437 1703 477 quibus
1720 445 1776 477 pcr
1792 447 1925 470 omnem

1047 483 1199 506 terrarum
1219 477 1330 508 orbem
1348 478 1419 518 post
1436 485 1484 508 tot
1502 477 1603 509 secula
1623 479 1653 510 in
1674 478 1759 510 Foro
1778 477 1925 510 observa-

1045 518 1091 554 ri,
1116 517 1191 548 &in
1219 518 1399 550 Academiis
1425 519 1534 550 doceri
1562 521 1696 559 meruit,
1720 521 1757 551 iis
1781 521 1923 553 retineri.

1045 558 1250 597 constatilla,
1269 568 1384 599 quanta
1400 568 1517 600 quanta
1534 561 1597 599 est,
1617 564 1730 601 partim
1749 562 1870 603 legibus
1888 571 1926 594 ac

1045 600 1188 632 moribus
1212 601 1327 641 Populi
1355 601 1510 641 Romani,
1533 603 1647 642 partim
1668 606 1831 635 communi
1855 614 1924 637 om-

1045 644 1131 673 nium
1149 642 1402 680 hominumjure.
1429 643 1523 684 igitur
1542 652 1600 685 pro
1617 643 1646 675 se
1664 646 1799 686 quisquc
1815 647 1925 678 adver·

1044 690 1111 721 tat,
1143 693 1212 724 quae
1237 684 1292 723 Jus
1317 683 1474 716 Gentium
1501 686 1530 717 ἃ
1555 688 1736 717 communis
1761 689 1926 727 pl‘aeclpiat

1043 723 1158 756 sensus.
1191 726 1332 767 deinde,
1365 736 1435 766 qua:
1460 726 1582 759 fuerint
1605 727 1747 769 Legum,
1772 728 1922 760 Senatus-

1044 766 1397 805 coniirltorum‚ssdi‹‘.ti
1417 769 1562 809 perpetui
1581 769 1696 808 verba;
1715 779 1784 810 quar
1803 771 1923 801 restitui

1043 807 1178 848 possint,
1201 817 1271 847 qua:
1288 808 1393 840 amiffa
1410 810 1596 842 videantur:
1621 812 1690 851 quis
1708 813 1836 850 θυέων,
1854 813 1923 853 quis

1042 850 1145 885 ordo,
1170 857 1239 887 quae
1264 851 1364 888 ratio,
1389 859 1459 890 quae
1484 851 1640 883 sententia
1657 852 1771 884 fuerit:
1796 863 1865 893 qua:
1882 854 1923 885 ad

1042 889 1111 920 haec
1139 888 1275 920 Veteres
1301 891 1358 921 suis
1385 893 1522 932 quisque
1556 894 1643 925 libris
1669 895 1698 925 ἃ
1723 896 1922 935 temporibus

1042 932 1286 962 annotaverint:
1300 941 1369 971 quae
1381 932 1553 974 Rescriptis
1564 944 1616 966 aut
1630 935 1922 968 Constitutionibus

1042 981 1082 1002 ex
1104 972 1209 1013 rigore
1226 973 1380 1004 laxaverit
1397 973 1574 1016 benignitas
1588 976 1785 1019 Principum:
1803 988 1873 1018 qum
1891 980 1922 1010 iu

1042 1013 1209 1045 Panaretus
1228 1021 1281 1044 aut
1293 1013 1417 1046 Codice
1435 1017 1602 1058 conjungi,
1620 1028 1690 1059 quae
1710 1019 1839 1060 separari
1858 1019 1923 1051 sua·-

1042 1055 1138 1085 deant
1160 1055 1307 1086 locorum
1327 1055 1553 1096 Inscriptiones
1571 1068 1624 1090 aut
1646 1060 1921 1102 Subscriptioncs:

1042 1105 1111 1136 quae
1129 1105 1280 1136 praeterea
1300 1106 1340 1127 ex
1356 1097 1512 1131 Veterum
1529 1102 1670 1132 moribus
1689 1103 1718 1133 <Sc
1737 1102 1864 1141 studiis,
1882 1113 1922 1133 cz<

1042 1138 1156 1177 lingua:
1182 1137 1253 1176 usu,
1279 1138 1441 1178 postremo
1467 1151 1507 1171 ex
1532 1143 1619 1173 omni
1643 1144 1836 1183 antiquitate
1852 1146 1923 1177 illu-

1039 1179 1126 1210 strar-i
1152 1179 1287 1219 possint:
1311 1188 1382 1218 quae
1405 1179 1526 1213 fuerint
1544 1182 1693 1215 sectarum
1722 1185 1921 1224 discrimina,

1039 1229 1110 1260 quae
1129 1220 1259 1261 vestigia
1275 1221 1415 1260 restent3
1441 1224 1516 1261 quid
1535 1225 1642 1264 regula
1657 1226 1755 1265 Juris,
1775 1228 1851 1267 quid
1869 1229 1921 1258 ad-

1040 1260 1145 1293 versus
1163 1272 1232 1293 eam
1249 1271 1308 1303 pro
1332 1266 1496 1296 communi
1521 1267 1659 1297 utilitate
1677 1276 1842 1307 receptum
1868 1266 1922 1300 sit:

1038 1304 1114 1343 quid
1132 1304 1237 1343 recte,
1256 1304 1332 1345 quid
1347 1304 1454 1344 secus,
1471 1305 1834 1340 feceritTribonianus:
1851 1319 1923 1350 quse

1037 1344 1218 1385 scriptur-ze,
1244 1355 1313 1386 quae
1340 1347 1633 1388 interpunttionum
1661 1349 1697 1381 sit
1719 1349 1819 1390 fides,
1843 1361 1921 1383 con-

1037 1385 1168 1425 stantia,
1194 1395 1247 1418 aut
1272 1388 1418 1420 varietas.
1442 1389 1570 1429 Pergae
1600 1391 1664 1422 hoc
1689 1392 1804 1423 itinere
1821 1391 1920 1424 seduli

1038 1436 1134 1468 atque
1152 1428 1279 1468 affidui3
1304 1430 1333 1461 ἃ
1355 1429 1660 1471 Jurisprudentiam,
1685 1443 1751 1465 non
1775 1435 1919 1467 umbram

1037 1470 1220 1501 invenietis.
1245 1480 1354 1511 parum
1372 1473 1485 1503 illudet
1501 1475 1596 1504 vobis
1614 1474 1776 1514 interpres
1793 1477 1921 1516 imperi-

1037 1518 1087 1541 tus
1105 1511 1134 1541 Gt
1148 1512 1240 1544 nimis
1256 1513 1394 1544 securus.
1428 1514 1540 1545 melius
1558 1524 1632 1546 cum
1647 1516 1821 1548 Veteribus
1840 1518 1920 1549 deli-

1036 1552 1189 1584 berabitis
1213 1554 1253 1585 tle
1276 1554 1474 1588 restituendo
1498 1557 1537 1586 ad
1564 1564 1709 1588 veterem
1728 1559 1919 1599 elegantiam

1034 1593 1246 1626 instrumento
1272 1595 1387 1636 Populi
1406 1596 1561 1636 Romani,
1585 1607 1623 1630 an
1648 1599 1734 1631 orbis
1760 1607 1916 1633 terrarum

1034 1635 1264 1675 pulcherrimo.
1289 1637 1428 1669 Haeretis
1446 1639 1475 1670 δε
1492 1639 1594 1677 statis,
1611 1642 1685 1680 quia
1702 1649 1768 1672 non
1787 1642 1916 1674 videtur

1033 1677 1126 1709 labor
1146 1677 1250 1710 vester
1272 1678 1457 1711 suffecturus
1475 1681 1695 1723 investigando
1712 1683 1846 1715 amota?
1870 1693 1917 1716 er·

1033 1719 1119 1750 ratis.
1145 1729 1228 1759 non,
1253 1720 1273 1751 fi
1292 1722 1435 1762 quaedam
1457 1722 1624 1755 diffluxere
1641 1731 1824 1764 temporum
1840 1725 1916 1766 injus

1033 1762 1097 1799 ria,
1117 1771 1158 1792 eo
1174 1762 1214 1792 de
1231 1762 1382 1794 universis
1401 1762 1630 1804 desperandum
1646 1765 1701 1796 est.
1719 1767 1818 1798 multa
1835 1775 1914 1799 tem‘-

1032 1811 1090 1842 pus
1116 1801 1308 1836 abscondit?
1331 1805 1430 1836 multa
1456 1807 1589 1837 detexit.
1621 1808 1727 1847 ignavi
1745 1807 1867 1847 sumna,
1891 1809 1913 1841 fi

1031 1852 1098 1874 non
1128 1844 1157 1875 &
1184 1854 1242 1876 nos
1262 1844 1465 1886 sequentibus
1491 1849 1662 1887 prodamus
1685 1849 1823 1890 aliquid,
1847 1858 1915 1882 uta

1032 1886 1191 1925 prioribus
1208 1889 1403 1927 accepimus.
1430 1896 1461 1919 at
1477 1889 1561 1920 enim
1589 1891 1731 1922 metuitis
1750 1892 1913 1931 tramites,

1031 1927 1061 1957 <St
1087 1927 1170 1958 viam
1196 1928 1312 1959 alicubi
1329 1929 1506 1961 molestam.
1538 1940 1674 1971 nempe,
1699 1942 1770 1972 quae
1787 1934 1913 1965 virtutis

1030 1968 1081 1998 via
1096 1967 1160 2007 est,
1177 1970 1302 2009 planam
1315 1971 1524 2010 &jucundam
1541 1974 1681 2005 creditis.
1700 1974 1793 2014 quid,
1811 1974 1832 2006 fi
1850 1976 1911 2006 vir-

1031 2017 1080 2040 tus
1099 2010 1206 2051 aspera
1227 2011 1358 2043 sectatur
1376 2014 1405 2043 ἃ
1429 2012 1595 2046 difficilia?
1620 2014 1671 2046 sed
1689 2023 1803 2047 contra
1821 2017 1911 2048 anni·

1030 2050 1128 2090 titur,
1152 2053 1182 2083 ἃ
1197 2053 1364 2091 duritiem,
1389 2053 1408 2084 fi
1427 2063 1496 2094 quse
1516 2055 1581 2094 est,
1604 2056 1755 2087 industria
1771 2058 1907 2098 mitigat.

1029 2092 1190 2124 imitemur
1209 2095 1410 2135 exemplum:
1428 2097 1590 2136 arbitrati,
1609 2097 1664 2128 nisi
1682 2098 1769 2138 quod
1786 2097 1908 2130 Natura

1029 2142 1138 2172 vetat,
1162 2135 1238 2166 nihil
1256 2135 1318 2166 effe
1334 2141 1465 2168 arduum
1486 2147 1539 2168 aut
1555 2139 1686 2170 invium.
1717 2140 1814 2181 igitur
1830 2141 1910 2172 tales

1028 2176 1106 2206 mihi
1131 2177 1221 2207 date:
1246 2176 1274 2207 ὃς
1294 2186 1387 2218 quam
1414 2178 1613 2219 desideratis,
1637 2181 1730 2212 vobis
1755 2182 1911 2222 jurispru-

1027 2217 1169 2248 dentiam
1195 2217 1290 2249 dabo.
1321 2219 1403 2250 hanc
1429 2230 1506 2251 vero
1532 2230 1606 2252 cum
1631 2222 1734 2254 dico:
1759 2224 1905 2263 divitias,

1028 2258 1145 2296 decus,
1170 2260 1304 2298 gloriam
1326 2261 1420 2293 vobis
1440 2260 1529 2302 supra
1545 2272 1639 2304 caput
1656 2264 1737 2302 effe,
1761 2273 1858 2304 atque
1874 2266 1905 2297 in

1027 2300 1128 2344 oculis
1158 2301 1252 2339 poni,
1277 2303 1410 2334 credite.
1435 2302 1456 2334 fi
1483 2306 1568 2336 enim
1592 2314 1659 2336 rem
1685 2306 1767 2337 recia
1787 2308 1905 2345 putatis

1027 2341 1094 2370 via:
1111 2340 1226 2372 lemina
1244 2342 1315 2374 estis
1334 2343 1435 2384 posita
1452 2345 1539 2376 hunc
1556 2347 1586 2377 in
1601 2347 1726 2383 locum,
1746 2349 1833 2378 velut
1850 2358 1907 2388 pu-

1025 2381 1145 2413 blicum
1159 2383 1245 2415 orbis
1260 2385 1465 2424 plantarium:
1482 2388 1568 2418 unde
1584 2388 1636 2418 ubi
1654 2387 1755 2419 vestra
1771 2388 1813 2420 fic
1827 2391 1905 2420 ado-

1025 2423 1140 2454 leverit
1157 2422 1304 2465 scientia,
1329 2435 1364 2458 ut
1381 2428 1420 2458 ad
1435 2428 1605 2466 Juvandam
1624 2430 1852 2469 rempublicam
1872 2442 1904 2463 u·

1027 2464 1089 2495 tilis
1106 2473 1201 2505 atque
1217 2468 1334 2499 idonea
1349 2469 1495 2499 videatur
1507 2493 1516 2507 ,
1539 2471 1576 2501 ad
1592 2471 1658 2510 ejas
1674 2479 1798 2511 partes,
1822 2482 1903 2505 tam-

1024 2514 1119 2546 quam
1137 2509 1176 2538 ad
1195 2510 1373 2547 pomarium
1389 2519 1551 2542 amoenum
1570 2521 1606 2542 ac
1623 2511 1750 2551 fertile,
1767 2515 1902 2545 transfe-

1022 2548 1144 2578 ramini.
1163 2550 1238 2586 quin
1255 2551 1350 2590 igitur
1366 2551 1647 2592 expergiscimini,
1664 2555 1693 2585 ὅζ
1712 2554 1852 2596 surgitis,
1873 2557 1903 2589 δι’

1023 2589 1111 2628 quod
1129 2589 1264 2622 offertur
1278 2592 1371 2623 vobis
1384 2593 1549 2631 publicum
1563 2595 1592 2626 δι
1608 2596 1765 2635 privatum
1780 2598 1904 2637 justam

1023 2631 1139 2668 civile,
1165 2641 1258 2671 quam
1276 2635 1441 2673 gentium,
1461 2635 1550 2667 velut
1565 2646 1632 2668 rem
1649 2640 1793 2670 omnium
1812 2650 1903 2671 com-

1023 2681 1153 2703 munem
1170 2696 1180 2709 ,
1205 2675 1382 2713 occupatis.
1421 2685 1505 2707 nunc
1528 2679 1664 2710 maxime
1680 2702 1689 2717 ‚
1714 2688 1786 2712 cum
1813 2682 1902 2721 viget

1023 2713 1082 2744 flos
1099 2715 1200 2745 aetatis
1217 2715 1346 2754 vestrae,
1365 2718 1446 2756 aptz‘e
1462 2719 1500 2749 ad
1517 2719 1681 2751 discendas
1702 2730 1784 2753 artes
1801 2722 1902 2753 hone-

1021 2754 1082 2786 stas
1098 2757 1126 2786 i&
1143 2758 1368 2789 decorasxnon
1387 2759 1448 2798 est,
1467 2761 1553 2799 quod
1569 2762 1828 2802 circumspiciatis
1846 2765 1901 2793 du-

1021 2805 1075 2827 ces
1098 2797 1225 2837 gloriosi
1251 2807 1404 2831 conatus:
1429 2802 1542 2840 quibus
1569 2802 1739 2844 suppetunt
1765 2813 1813 2834 tot
1837 2803 1898 2835 mei

1022 2836 1166 2878 Colit-gaz
1187 2838 1350 2872 Clariffimi
1368 2841 1396 2872 δι
1414 2841 1638 2876 Eruditiffimi:
1660 2846 1775 2884 parati,
1792 2845 1822 2875 in
1843 2855 1898 2874 vo-

1022 2878 1069 2910 bis
1092 2881 1270 2919 exprimere
1294 2883 1380 2914 viros
1395 2884 1538 2916 doctrina
1556 2895 1592 2916 ac
1616 2886 1763 2925 sapientia
1784 2885 1896 2916 eximi-

1021 2929 1075 2951 os:
1093 2923 1146 2960 qui
1163 2923 1333 2962 aliquando
1350 2924 1516 2957 humanam
1536 2928 1796 2967 conjunctionem
1817 2935 1896 2957 con-

1021 2960 1089 2992 silio
1107 2965 1370 3005 regere‚judiciis
1383 2968 1483 3006 tueri,
1498 2978 1535 2998 ac
1550 2970 1670 3008 legibus
1685 2967 1893 3008 moribusque

1022 3006 1192 3036 emendare
1207 3007 1331 3046 poffint.
1355 3009 1413 3040 hos
1429 3009 1512 3040 inter
1526 3008 1546 3040 si
1567 3010 1617 3039 vel
1637 3018 1704 3038 mea
1721 3017 1785 3038 non
1802 3009 1895 3040 inuti-

1022 3044 1058 3075 lis
1082 3046 1242 3078 videbitur
1267 3050 1425 3082 tenuitas:
1451 3059 1620 3084 numquam
1639 3059 1656 3079 a
1673 3050 1766 3079 vobis
1790 3050 1893 3081 aberit

1020 3087 1140 3120 animus
1157 3098 1254 3120 meus.
1279 3100 1331 3121 me
1350 3091 1507 3131 speetate3
1531 3091 1559 3120 ἃ
1580 3090 1661 3120 hanc
1677 3091 1825 3123 deXtram
1842 3100 1892 3124 ac-

1020 3127 1134 3169 cipite,
1158 3132 1245 3171 quod
1262 3141 1368 3163 meum
1391 3132 1453 3171 cst,
1478 3132 1615 3163 vestrum
1631 3130 1788 3165 futurum.

580 3206 664 3240 Finis
688 3207 906 3250 Differtationis
922 3211 1023 3251 primae
1045 3210 1092 3242 De
1115 3212 1207 3245 Civili
1228 3214 1402 3247 Prudentia.

1696 3253 1886 3289 GERAR-
