2036 3495
586 113 829 148 AM1ci

77 203 164 237 sanus
185 203 314 235 homo?
339 203 567 242 quisquamne,
591 209 626 233 ut
641 201 735 240 sciat,
754 202 831 242 quid
856 201 885 233 se
908 202 950 234 fa-

76 255 150 277 cere
165 245 247 276 eain
265 254 299 275 re
315 252 485 285 oporteat,
502 244 594 275 ullius
611 251 759 282 umquam
777 244 843 274 adit
857 244 950 283 juris-

76 285 209 319 consulti
237 286 391 318 domum‘?
416 285 479 316 Cui·
496 286 578 316 aliud
594 284 691 316 fuerit
709 285 784 316 olim
797 284 813 316 ἶ)
832 295 901 316 narn
920 288 948 317 ὥς

77 336 143 359 tuni
162 335 229 359 erat
247 328 367 358 cunctis
385 335 495 358 notum
509 350 516 364 ‚
534 327 608 365 quid
625 327 752 357 liceret:
769 336 784 356 a
802 327 889 357 nullo
907 329 936 367 ig

75 369 247 401 notabatur
263 378 337 400 nato
354 369 501 399 homine:
519 375 614 407 atque
630 374 663 398 ut
681 368 718 398 ad
735 368 949 408 consti-ingen—

74 411 146 442 dam
171 410 363 451 singulorum
388 411 481 439 vitam
508 409 688 449 pertinebat
704 431 713 444 ,
745 410 883 440 debebat
909 411 947 441 ab

74 452 222 483 omnibus
239 451 392 491 intelligi:
412 451 530 490 legibus
549 450 643 481 solitis
655 473 663 487 ,
680 459 718 480 ne
734 452 773 480 ab
792 451 856 481 ullo
875 460 946 490 pec-

73 502 185 530 cetur,
198 495 227 524 in
245 501 414 523 commune
431 491 519 522 scribi
533 491 700 529 omnibus,
719 500 780 522 tam
800 492 922 523 summis
935 516 944 531 ‚

74 543 168 574 quam
191 531 306 566 infimis
321 533 340 563 l.
362 542 386 563 1.
403 533 420 563 ί.
438 536 466 566 8.
485 532 523 563 D.
542 533 560 563 1.
581 542 610 573 3.
629 533 648 564 l.
666 541 694 568 9.
715 533 746 563 C.
766 535 797 563 de
820 534 947 573 legibus.-

69 575 147 608 ficut
165 583 295 615 putant,
318 583 449 611 omnes,
466 574 573 604 oblata
591 573 777 611 occasione,
798 583 944 614 pei-aeque

71 615 133 647 esse
152 616 325 657 improbos
361 615 455 646 Solos
474 625 551 645 vero
569 617 656 654 quod
674 614 832 655 sciebant,
856 618 943 656 quod

68 658 240 696 videbant,
265 657 351 697 quod
375 656 588 696 loquebantur
609 666 741 694 omnes,
766 667 806 687 ne
824 666 942 689 comoe-

69 699 129 730 dim
157 699 285 736 quidem
311 697 488 728 reticebant
507 721 515 735 ‚
540 706 602 738 qua
626 697 734 728 fronte
759 699 942 738 credimus,

68 739 190 773 latuisse
214 738 414 771 Christianis:
437 748 471 769 ut
499 747 533 769 ut
558 738 657 769 effent
676 738 845 770 secundum
866 740 937 771 Am-

92 781 233 813 liffimum
258 780 446 812 senatorem
469 781 618 812 meliores
641 778 826 821 Theologi,
851 790 943 821 quam

67 791 311 864 furiseonsulti?

111 863 174 895 Sed
192 871 225 894 ut
242 863 412 903 perfefflus
422 862 526 895 adbuc
536 863 674 896 servetur
692 861 943 895 Christianorum
961 896 962 900 ,

68 906 187 944 decus,
203 905 441 945 distinctiusque
451 904 678 946 respondeatur
688 904 943 945 castigationibus

69 947 183 988 quibus
212 948 243 978 in
266 946 457 987 repellendis
482 946 597 978 eorum'
617 947 805 978 testimoniis
831 955 942 986 magna

68 988 185 1020 fiducia
207 989 276 1020 usus
300 987 344 1019 est
363 987 419 1018 Vir
436 987 644 1020 Clarissimus:
667 997 731 1019 non
756 988 852 1018 taedet
871 996 942 1026 me,

68 1030 201 1062 ulterius
218 1029 404 1068 ostendere,
431 1039 469 1060 ne
487 1028 577 1060 fuiffe
598 1029 725 1070 quidem
750 1029 821 1060 illos
840 1028 940 1059 homi-

69 1080 127 1102 nes
151 1073 296 1112 ineptos,
321 1072 432 1110 rudes,
458 1071 641 1103 illiteratos:
665 1070 716 1102 sed
741 1070 855 1101 doctos
876 1093 886 1108 ,
910 1069 940 1100 &

67 1113 192 1150 peritos
203 1122 305 1144 rerum
316 1136 324 1150 ,
335 1114 429 1143 etiam
445 1113 595 1143 civilium.
619 1112 755 1153 primum
769 1121 806 1141 an
822 1110 867 1141 est
883 1111 939 1141 du-

67 1154 119 1184 bia
138 1153 204 1185 lime
219 1153 409 1185 Tertulliani
435 1153 562 1195 gloria?
584 1155 670 1194 atqui
688 1163 727 1184 ex
744 1153 808 1192 ejus
827 1161 938 1182 monu-

66 1196 184 1227 mentis
207 1195 341 1235 plurima
366 1194 492 1225 valuilse
511 1195 710 1232 eruditione,
736 1194 840 1234 legum
859 1202 934 1231 quo⁴

67 1245 129 1276 que
153 1246 188 1267 ac
219 1236 481 1267 consuetudinum
507 1234 600 1266 fuiss'e
625 1234 802 1265 scientem:
836 1235 938 1273 liquet

66 1279 232 1309 omnibus:
255 1286 315 1308 nce
338 1277 495 1308 inficiatur
518 1275 677 1308 Dominus
696 1276 762 1306 Van
779 1275 936 1313 Bynkers-

64 1318 152 1350 hoel<
173 1318 277 1358 Opusc.
293 1328 317 1349 c.
336 1328 368 1349 x.
383 1324 451 1359 pag.
467 1321 539 1349 226.
570 1316 658 1359 Quid
675 1316 694 1348 li
711 1316 876 1356 probabile
893 1315 938 1346 est

65 1368 218 1398 praeterea
235 1383 244 1396 ,
275 1358 474 1390 Lactantium
491 1381 500 1397 ‚
532 1358 620 1390 illum
646 1358 699 1389 sub
724 1357 937 1388 Constantino

65 1400 240 1432 Rhe-torem
252 1423 261 1438 ,
284 1409 347 1431 non
371 1401 472 1431 minus
490 1409 621 1440 gnarum
637 1399 718 1439 juris
736 1399 846 1430 Civilis
861 1398 936 1429 fuis-

64 1442 113 1480 se,
131 1451 222 1482 quam
233 1442 403 1473 facundum
420 1441 450 1472 &
468 1441 564 1472 literis
576 1440 801 1481 praellantem‘?
818 1448 937 1471 utrum-

65 1492 127 1522 que
143 1493 183 1514 ex
199 1483 320 1514 Divinis
331 1483 396 1523 ejus
405 1480 642 1523 Institutionibtcs
657 1481 790 1513 constat.
808 1489 935 1521 praeoer·

63 1534 155 1565 quarn
176 1526 262 1563 quod
281 1523 480 1556 neceffariarn
499 1523 628 1555 Oratori
645 1523 706 1555 ess'e
724 1524 804 1562 juris
825 1523 936 1554 Civilis

62 1567 229 1604 notitiam,
263 1566 400 1606 ignorari
416 1574 480 1596 non
500 1565 569 1597 sinit
585 1564 802 1608 Quintilianus
817 1564 866 1595 lib.
887 1573 934 1595 12.

63 1606 136 1647 Inst.
154 1612 226 1638 orat.
244 1617 267 1637 c.
284 1616 312 1647 3.
331 1606 399 1646 Jam
415 1606 595 1638 Minucium
613 1606 752 1638 Felicem
769 1615 834 1646 quo
856 1604 932 1637 fimi-

61 1649 134 1680 litei·
151 1648 219 1680 usus
235 1647 298 1679 sum
317 1646 414 1685 teste,
432 1648 499 1687 (ἃ,
519 1648 606 1687 quod
623 1649 797 1679 notandum
809 1670 817 1684 ,
834 1648 873 1678 de
892 1647 935 1678 vi-

63 1688 112 1720 su:
129 1699 198 1721 nam
216 1690 255 1720 de
274 1688 303 1720 se
320 1688 383 1719 hoc
401 1688 465 1729 ipse
483 1688 583 1720 refert
599 1688 722 1721 Ob'tavi'o
740 1698 764 1720 e.
782 1688 852 1728 30.)
870 1695 934 1720 tam

61 1729 174 1762 Romae
191 1730 294 1761 causas
313 1729 408 1770 cgiss'e
426 1730 455 1761 in
470 1730 558 1770 jure,
576 1739 668 1768 quam
686 1730 862 1769 multiplice
877 1730 933 1762 do-

61 1771 158 1803 ctrina
175 1771 205 1803 δι
225 1771 409 1809 eloquentia
426 1771 627 1810 excelluisse,
654 1781 693 1802 ex
711 1773 738 1802 d.
765 1771 857 1810 Opere
880 1781 930 1810 pa-

62 1821 119 1843 tet.
139 1813 214 1852 quin
235 1811 325 1844 fuisse
342 1821 407 1844 non
424 1812 573 1854 ignobilis
590 1814 620 1844 in
639 1813 722 1844 Foro
739 1812 822 1843 inter
837 1812 930 1844 causi-

61 1854 152 1885 dicos
176 1855 265 1893 loci,
297 1854 400 1885 bonus
422 1853 530 1885 audior
553 1853 598 1885 est
623 1854 802 1884 Lactantius
826 1853 874 1884 lib.
900 1865 930 1894 5.

60 1895 169 1926 Divin.
186 1893 252 1936 inst.
270 1905 293 1926 c.
313 1905 339 1927 1.
357 1895 463 1935 Atque
482 1895 549 1926 liaec
564 1894 585 1926 fi
602 1895 690 1934 sunt,
706 1903 740 1925 ut
757 1896 861 1936 negari
882 1905 933 1926 ne·

60 1938 149 1975 quit,
175 1937 358 1976 explorata:
378 1936 518 1975 judicet,
535 1938 674 1977 quisquis
692 1936 801 1974 volet3
828 1936 931 1968 ullane

59 1977 96 2009 fit
113 1978 308 2017 Ampliffimo
324 1978 468 2009 Senatori
486 1978 588 2016 causa,
615 1979 667 2009 vel
685 1978 829 2015 minima,
848 1979 930 2010 male

58 2018 254 2050 existimandi
286 2020 326 2050 de
356 2020 490 2059 ingeniis
517 2019 765 2051 Christianorum
789 2019 930 2059 Scripto-

55 2069 143 2099 rum,
167 2069 344 2100 eorumque
361 2059 540 2092 testimonia
558 2061 661 2101 specie
676 2061 860 2100 ignorantiae
877 2062 929 2099 Ju-

54 2102 117 2139 1is,
140 2111 199 2141 pro
224 2102 336 2133 vilibus
360 2101 523 2141 rejiciendi
546 2102 576 2133 ii]
596 2112 629 2133 re
646 2100 809 2133 manifesta
825 2106 926 2133 omni-

50 2142 132 2181 bus,
155 2144 249 2174 etiarn
267 2142 394 2175 infimis,

96 2183 139 2215 At
157 2183 286 2215 fuerunt
303 2193 412 2225 parum
442 2182 566 2217 solliciti
583 2185 622 2215 de
640 2183 704 2215 fide
725 2185 826 2216 bona:
851 2183 925 2225 quin

52 2224 187 2264 plurima
214 2225 292 2265 saepe
319 2226 476 2257 dederunt
498 2226 651 2263 fallaciis,
681 2225 862 2263 fraudibus,
888 2234 925 2257 ac

53 2267 227 2305 conviciis,
251 2267 301 2298 vel
319 2265 456 2306 plaustro
475 2267 595 2308 dignis:
619 2266 788 2305 Gentiles,
811 2269 923 2300 adver-

52 2306 148 2339 sarios
161 2307 251 2346 suos,
270 2306 380 2339 facturi
398 2306 536 2340 odiosos.
561 2309 677 2339 Audio.
710 2308 829 2340 Verum
846 2318 921 2341 con·

53 2349 203 2380 vincendi
230 2348 299 2380 sunt
324 2349 388 2389 ejus
410 2350 569 2389 nequitiae.
602 2348 736 2380 accusari
753 2352 836 2381 enim
854 2360 924 2391 pos·

52 2387 122 2420 sunt
147 2391 273 2430 optimi.
306 2391 338 2422 id
361 2391 505 2432 quotidie
522 2390 578 2422 fit:
603 2391 632 2422 ὅ(
650 2392 680 2422 in
699 2393 806 2431 priore
824 2392 924 2423 claret

54 2431 199 2463 articulo.
225 2440 379 2472 praeterea
397 2433 500 2464 notari
517 2440 670 2472 oportet,
695 2432 756 2463 else
775 2434 845 2472 hic,
870 2433 924 2464 hic

50 2472 202 2512 inquam,
226 2474 284 2504 alia
311 2475 394 2505 enim
412 2497 421 2512 ,
445 2473 520 2505 hinc
545 2474 666 2511 aliena,
690 2477 924 2514 praetermitto‚

52 2515 300 2546 controversiam
323 2516 364 2546 de
379 2524 413 2545 re
430 2524 509 2553 una,
534 2524 570 2546 ea
590 2524 656 2546 non
675 2515 764 2547 unius
782 2524 834 2547 aut
850 2517 924 2547 alte-

49 2553 114 2586 rius
138 2565 263 2593 errore,
287 2563 340 2586 aut
366 2555 517 2594 fictione,
541 2557 624 2596 quali
648 2557 730 2597 quali
754 2558 922 2597 aliquando

50 2595 204 2635 producta
221 2597 331 2628 abdito
346 2606 386 2628 ex
405 2597 524 2629 recess'u
541 2598 667 2637 aliquo:
685 2597 737 2630 sed
752 2599 923 2639 unicuique

50 2637 139 2667 omni
163 2636 347 2676 occasione,
371 2639 465 2677 loco,
490 2646 654 2679 tempore,
679 2639 793 2671 obvia:
817 2649 922 2680 eoque

48 2676 177 2708 summis
188 2700 197 2715 ,
213 2679 344 2717 mediis,
360 2677 493 2718 infimis,
510 2689 659 2721 peraeque
675 2681 859 2713 indubitata.
888 2681 922 2712 In

50 2727 86 2748 ea
113 2727 150 2748 an
177 2719 301 2757 potuit,
323 2719 377 2750 nisi
401 2719 519 2757 stultis,
542 2722 650 2761 quales
667 2722 738 2753 illos
755 2731 852 2753 nemo
868 2731 921 2763 ap-

49 2759 148 2798 pellet
168 2759 287 2798 sapiens
304 2766 400 2800 atque
417 2761 696 2802 intelligens,apud
708 2762 921 2805 Philosophus

49 2801 141 2841 (nam
158 2809 230 2831 cum
248 2801 294 2832 liis
313 2802 552 2833 contendebant
567 2804 607 2833 de
623 2804 805 2844 integritate
823 2806 851 2836 ὅ(
869 2814 920 2836 ex-

50 2842 201 2872 cellentia
218 2841 326 2882 settae)
348 2841 496 2874 incaffurn
512 2843 669 2884 obrepere
685 2846 839 2886 cogitatio
855 2854 919 2877 tam

51 2881 176 2914 humilis
197 2883 226 2914 ἂ
243 2883 475 2920 inverecunda,
500 2892 593 2923 quam
610 2888 793 2925 temeraria,
817 2896 854 2919 ac
873 2887 918 2918 ni-

47 2924 92 2955 hil
111 2923 302 2964 profutura?
326 2923 441 2955 Adhuc
464 2925 503 2955 de
523 2925 644 2963 privata
662 2925 806 2967 octavii,
829 2929 919 2960 verbi

47 2966 164 3006 gratia,
188 2975 261 2997 curn
289 2964 422 2997 Caecilio
449 2964 554 2997 Natali
573 2965 786 3006 disputatione
801 2970 919 3001 eximia

46 3007 131 3045 apud
155 3007 335 3039 Minucium
359 3005 500 3038 Felicem
517 3007 644 3046 loquor.
691 3008 799 3050 Quid,
822 3010 843 3042 fi
859 3020 917 3051 pro

47 3047 211 3088 disciplina
236 3047 410 3080 Christiana
431 3046 647 3080 Tertullianus
671 3050 768 3081 verba
789 3050 870 3083 fecit
887 3061 916 3083 a·

48 3090 112 3127 pud
133 3089 334 3131 Magistratus
351 3090 465 3130 Populi
482 3089 635 3126 Romani,
655 3091 694 3121 de
709 3091 771 3131 ipsa
788 3090 914 3130 solitos,

47 3137 81 3160 ut
98 3130 189 3162 initio
204 3132 383 3173 Apologetz'ci
395 3154 404 3168 ,
427 3132 489 3170 ait,
514 3141 571 3171 pro
587 3131 733 3163 tribunali
749 3133 915 3172 judicare?

47 3172 121 3211 quid
138 3171 159 3203 fi
171 3173 209 3204 ad
227 3173 427 3213 Principem,
443 3172 611 3211 Senatum,
629 3173 657 3204 δι
677 3172 833 3214 Populum
852 3175 914 3207 Ro-

46 3220 172 3246 manum
190 3214 521 3257 Apologiamsecunclam
546 3223 604 3255 pro
623 3213 808 3249 Christianis
821 3215 915 3259 scrip-

891 96 1358 150 RESPONSIO.

1800 132 1868 175 487

994 196 1032 243 fit
1045 197 1181 245 Justinus
1197 199 1350 247 Mai-tyr?
1374 205 1425 238 vel
1440 205 1494 240 hic
1510 209 1621 244 debuit
1636 214 1723 255 parci
1739 217 1868 248 menda-

994 239 1263 288 ciislm'anifestis,
1283 254 1345 277 tam
1361 256 1447 280 certa
1465 255 1672 287 veneratione
1688 257 1865 297 majestatis.

1033 282 1080 311 bit
1094 282 1147 328 ista
1158 285 1566 332 praeluiiiptio,&speci0sa
1582 297 1773 339 admodum,
1788 308 1868 332 non-

994 321 1068 367 duin
1092 325 1253 369 intellesta
1279 331 1431 364 veritate:
1454 341 1485 364 at
1503 336 1647 378 detesta,
1669 340 1698 371 ἃ
1716 342 1864 382 cognita,

993 364 1068 402 quid
1091 363 1168 395 faeit
1194 370 1423 417 praesumptio?
1447 375 1492 406 est
1518 387 1623 411 autem
1651 390 1748 421 unus,
1773 391 1806 413 ut
1823 384 1864 414 de

991 405 1276 453 *emeris-sileatur,
1298 412 1462 448 Minucius
1480 416 1591 458 Felix,
1608 422 1793 463 imperitiae,
1810 432 1864 455 aut

990 447 1232 495 improbitatis,
1263 460 1317 484 aut
1341 457 1505 498 utriusque
1537 463 1748 496 manifestus:
1781 465 1864 496 visus

989 495 1105 527 nempe
1130 488 1276 523 Domino
1302 493 1370 526 Van
1392 496 1624 538 Bynkershoek
1650 505 1756 546 Opust.
1781 516 1804 538 c.
1830 516 1862 538 x.

982 533 1053 569 pag.
1082 538 1160 569 225,
1186 533 1283 578 multa
1306 541 1468 583 protervia
1492 541 1675 577 Gentilibus
1701 547 1862 586 publicam

988 571 1182 608 exprobrare
1193 576 1442 618 indulgentiam,
1460 584 1577 616 nedum
1593 587 1801 626 expolitionis
1819 590 1863 620 in-

986 608 1109 655 fantum
1127 621 1186 658 qua
1202 616 1395 662 de1agimus3
1412 621 1462 655 sed
1477 633 1541 664 quo
1557 627 1739 660 evidentior
1753 628 1790 660 fit
1807 629 1863 661 fal·

986 651 1203 698 lacia,··etiain
1219 657 1350 691 aliorum
1369 663 1546 698 criminum.
1593 668 1769 710 Quorum?
1792 670 1861 702 Ho-

986 696 1103 724 miCidii
1122 703 1218 736 atque
1233 699 1401 744 >Adultei‘ii.
1424 705 1512 745 plura
1530 709 1598 740 vult
1613 712 1756 752 intelligi.
1792 712 1860 743 liaec

986 742 1147 781 nominat:
1173 739 1373 789 indignatus,
1398 755 1433 777 ea
1453 747 1562 781 fraude
1578 751 1664 784 illum
1681 752 1752 783 suos
1770 752 1861 785 Chri·

986 773 1103 822 stianos
1120 786 1149 807 in
1168 778 1291 812 Oeta-vio
1317 784 1356 814 ab
1374 786 1422 818 his
1440 789 1482 820 ita
1500 791 1677 824 vindicare:
1701 794 1794 825 Nobis
1810 796 1858 825 [⁷0-

986 818 1135 847 mzczdzum
1150 828 1199 849 nec
1207 822 1262 858 fas
1281 826 1397 866 videre,
1420 839 1471 861 nec
1487 834 1596 864 audire.
1635 834 1677 865 Et
1693 844 1788 867 mox:
1813 837 1857 867 At

986 865 1035 886 nos
1049 860 1186 905 pudore-m
1201 871 1258 907 non
1267 865 1367 906 facie,
1385 871 1436 907 sed
1454 881 1546 904 meme
1557 873 1745 917 praestamus,
1767 878 1859 908 unius

985 903 1162 942 matrimonia
1178 905 1294 934 vinculo
1309 907 1437 940 lubenter
1452 914 1627 948 z'nboerences.
1659 917 1740 960 Quae
1758 928 1857 959 appo·

985 939 1043 969 luit
1060 940 1176 978 verba,
1200 946 1357 985 excerpsit
1374 960 1413 981 ex
1432 962 1455 981 c-
1476 964 1525 994 30.
1549 956 1585 991 ἃ
1601 968 1651 999 31.
1681 968 1777 999 atque
1793 959 1857 1001 ipsa

984 988 1061 1010 mox
1078 982 1213 1021 expfflslt
1230 986 1313 1024 quast
1329 987 1412 1022 falsa·
1443 988 1519 1036 Quo
1534 1001 1749 1038 argumento?
1772 1003 1856 1041 opti*-

985 1029 1039 1067 mo
1057 1022 1120 1052 hoc
1139 1024 1167 1053 ὁ(
1185 1034 1294 1065 cert03
1314 1029 1375 1069 (fic
1393 1037 1501 1075 putat)
1524 1041 1611 1077 quod
1628 1048 1727 1073 contra
1741 1043 1856 1073 homici-

984 1063 1064 1092 dium
1085 1062 1183 1104 praesto
1200 1064 1239 1106 est
1257 1067 1323 1115 Leat
1347 1072 1495 1112 Carnam
1519 1081 1548 1110 ὅ(
1564 1086 1660 1114 contra
1679 1083 1856 1115 adulterium

982 1102 1049 1133 Lex
1070 1104 1168 1144 Julzci.
1213 1109 1255 1138 At
1279 1111 1355 1143 mihi
1379 1118 1524 1155 proclive
1549 1121 1617 1162 est,
1657 1124 1836 1158 existimare

982 1145 1070 1183 quod
1101 1154 1162 1186 pro
1191 1146 1270 1195 falso
1298 1161 1520 1198 protervoque
1544 1164 1651 1204 culpat
1675 1166 1704 1196 δε
1730 1148 1858 1198 damna}

981 1185 1286 1233 b’ynkershoekius,
1309 1194 1362 1234 ipsi
1386 1196 1535 1232 Minucio
1559 1203 1658 1236 Felici
1680 1215 1854 1246 numquam

982 1227 1099 1258 venille
1125 1237 1155 1260 in
1173 1238 1324 1281 mentem..
1356 1247 1396 1269 ne
1416 1249 1514 1272 cerno
1531 1244 1679 1283 quidem,
1705 1250 1856 1286 quemad·

980 1268 1131 1315 modum,
1156 1275 1331 1318 permiserit
1348 1278 1401 1310 fibi
1419 1280 1623 1318 Deitiffimus
1640 1286 1793 1326 Senator,
1810 1298 1856 1320 ar-

981 1309 1109 1349 bitrari,
1127 1321 1188 1343 tam
1200 1316 1367 1351 iocor-dem
1384 1328 1479 1363 atque
1497 1325 1641 1359 insulsum
1656 1327 1747 1360 fuiffe
1765 1330 1855 1362 illum

980 1352 1179 1397 conlultum,
1203 1357 1358 1400 doctam,
1386 1372 1423 1394 ac
1448 1365 1588 1400 nobilem
1621 1368 1695 1401 Fori
1718 1370 1856 1403 Romani

982 1391 1198 1444 Causidicumt
1223 1407 1256 1429 ut
1281 1410 1334 1432 aut
1352 1404 1487 1438 nesciret
1503 1408 1674 1442 latrocinio
1690 1412 1777 1443 irasci
1796 1412 1856 1444 Le-

978 1442 1051 1472 gem
1070 1435 1270 1479 Loi·neliaiii;
1294 1443 1323 1474 ἃ
1341 1445 1489 1479 adversus
1503 1450 1692 1484 adulterium
1712 1453 1853 1495 insurge-

979 1483 1013 1504 re
1031 1478 1151 1520 Legem
1166 1478 1295 1528 juliani:
1311 1494 1364 1516 aut
1382 1486 1411 1517 se
1427 1490 1608 1524 adversariis
1624 1493 1685 1525 suis
1697 1518 1706 1533 ,
1722 1496 1854 1528 minime

978 1515 1077 1547 stultis
1095 1527 1147 1549 aut
1166 1521 1351 1565 hebetibus,
1376 1529 1608 1572 persuasurum,
1631 1544 1696 1566 non
1715 1536 1777 1567 effe
1793 1536 1855 1568 Le-

979 1566 1035 1597 ges
1052 1567 1129 1605 quas
1148 1570 1305 1611 noverant
1326 1577 1457 1610 omnes,
1482 1572 1512 1603 δι
1529 1575 1558 1604 in
1574 1575 1700 1613 J'udiciis
1715 1577 1852 1616 publicis

980 1601 1126 1644 quotidie
1142 1611 1285 1637 exerceri
1305 1610 1457 1643 videbant
1473 1623 1597 1646 omnes.
1623 1616 1701 1648 Sunt
1719 1617 1788 1649 haec
1806 1619 1850 1649 ni-

978 1647 1037 1685 mis
1053 1641 1162 1675 diluta.
1197 1644 1274 1694 'lpse
1291 1651 1403 1683 melius
1421 1655 1566 1693 ominor,
1591 1666 1608 1687 a
1625 1657 1775 1690 Minucio
1794 1659 1852 1691 Fe*

977 1680 1038 1712 lice
1056 1683 1096 1729 de
1115 1683 1292 1720 homicniio
1308 1692 1337 1722 <St
1351 1693 1508 1727 adulterio
1528 1698 1609 1728 dicta
1627 1708 1642 1729 a
1660 1701 1850 1739 mendaciO,

975 1721 1118 1763 fallacia,
1144 1733 1389 1775 proterviaque,
1413 1744 1482 1768 tota
1506 1739 1554 1769 via
1571 1739 1693 1780 abesse,
1716 1750 1851 1783 accepta

975 1766 1170 1814 p‘raelertim,
1203 1771 1245 1802 iic
1270 1783 1420 1820 oportet,
1445 1788 1484 1810 ex
1505 1779 1667 1820 disciplina
1694 1782 1850 1816 Veterum

975 1806 1247 1861 christianorum-z
1265 1823 1353 1855 cujus
1371 1822 1539 1858 praeceptis
1555 1822 1608 1854 ille
1625 1822 1765 1856 sustinuit
1781 1824 1849 1856 suo·

975 1856 1044 1893 rum
1065 1858 1281 1898 innocentiam
1303 1860 1382 1890 tueri
1395 1884 1404 1898 ,
1421 1862 1449 1892 a&
1462 1861 1641 1896 Gentilium
1658 1866 1849 1899 calumniam

975 1890 1015 1919 de
1031 1888 1233 1925 infanticidio
1245 1897 1436 1933 &convivio
1447 1903 1586 1943 incesto,
1603 1908 1758 1939 mendacii
1770 1917 1849 1940 con·

976 1939 1115 1964 vincere.
1158 1934 1192 1966 ld
1217 1937 1340 1971 ostendi
1359 1953 1408 1973 res
1426 1944 1581 1983 postulat:
1605 1947 1634 1979 δι
1653 1948 1672 1979 fi
1690 1949 1846 1990 probem,

973 1974 1060 2012 quod
1078 1973 1233 2024 facturum
1249 1989 1301 2011 me
1317 1984 1465 2023 consido,
1490 1987 1610 2020 vicero.

1011 2014 1065 2059 De
1082 2016 1258 2065 homicidio
1277 2024 1409 2062 primum
1434 2036 1543 2066 agam:
1568 2030 1757 2069 arbitratus,
1780 2031 1847 2063 Mi*-

972 2057 1195 2105 ⁰9⁶¹.⁰.¹³e.¹¹0¹
1221 2064 1248 2093 d.
1276 2073 1300 2094 c.
1328 2075 1385 2106 30,
1409 2076 1481 2099 cum
1508 2070 1570 2108 ait,
1593 2071 1704 2109 Nobis,
1728 2073 1759 2103 id
1779 2073 1845 2112 est,

972 2095 1177 2145 Christianis,
1200 2113 1257 2133 non
1282 2104 1332 2145 affe
1347 2107 1419 2146 fus,
1443 2109 1623 2142 homicidium
1646 2114 1743 2144 videre
1762 2138 1771 2151 ,
1793 2124 1846 2146 nec

969 2140 1145 2186 audirssun
1169 2146 1269 2189 oculis
1292 2156 1357 2178 non
1384 2149 1475 2181 fuisse
1499 2151 1697 2185 latrocinium
1714 2178 1723 2193 ‚
1754 2155 1845 2194 Lege

970 2179 1301 2231 Corneliavetitum:
1325 2192 1412 2228 quod
1428 2193 1564 2224 credidit
1581 2193 1841 2235 Bynkersboeki-

970 2223 1089 2267 ustaled
1100 2225 1173 2270 alias
1185 2226 1347 2260 homicidii
1365 2230 1502 2272 species,
1519 2234 1694 2267 Cliriltiana
1712 2239 1844 2277 quidem

966 2263 1098 2310 lenitate
1113 2268 1326 2316 improbatas,
1342 2280 1373 2302 at
1389 2273 1516 2312 publice
1532 2275 1635 2308 licitas
1664 2277 1767 2319 finge,
1784 2279 1844 2310 ho-

967 2308 1113 2352 micidia,
1130 2309 1305 2349 voluptatis
1320 2316 1418 2354 gratia
1435 2315 1503 2347 fieri
1522 2316 1612 2348 solita
1630 2319 1660 2350 in
1678 2321 1843 2358 arena,ir1

968 2347 1211 2396 Amphiteatro‚
1237 2353 1266 2383 in
1295 2352 1480 2394 spectacuii's
1507 2359 1662 2398 publicis,
1684 2359 1747 2392 sive
1763 2360 1844 2395 feris

967 2388 1090 2434 bestiis,
1106 2389 1168 2421 five
1187 2397 1323 2438 invicem
1342 2395 1396 2428 fibi
1412 2397 1630 2438 objicerentur
1646 2400 1843 2441 gladiatores

968 2439 1074 2468 noxn,
1091 2441 1144 2463 aut
1160 2433 1229 2472 alii,
1245 2444 1346 2468 arenae
1366 2437 1394 2469 se
1413 2439 1568 2471 locantes.
1599 2440 1632 2472 In
1651 2443 1768 2475 eodem
1785 2453 1845 2477 nu-

968 2481 1057 2518 mero
1074 2483 1160 2520 pone
1175 2476 1295 2522 caedem
1314 2480 1543 2519 voluntariam,
1558 2491 1713 2523 nusquam
1731 2486 1841 2525 prohi-

966 2513 1071 2561 bitain⁴
1083 2524 1152 2562 jure
1167 2517 1317 2558 public03
1339 2519 1360 2551 fi
1374 2519 1428 2551 fiat
1447 2522 1543 2554 taedi'o
1560 2523 1653 2561 vitae,
1675 2533 1740 2557 non
1759 2527 1841 2560 mala

967 2555 1180 2601 conferentia:
1204 2560 1299 2590 etiam
1315 2561 1549 2595 accusationem
1565 2565 1704 2597 criminis
1720 2568 1841 2609 capita-

967 2597 1003 2628 lis
1014 2620 1022 2635 ,
1035 2601 1238 2645 quantumvis
1249 2601 1369 2642 legibus
1380 2603 1556 2643 permiss'am
1566 2605 1725 2646 injudicio
1735 2610 1839 2649 publi-

966 2647 1026 2685 con:
1044 2648 1110 2671 tum
1125 2641 1289 2681 militiam3
1304 2643 1334 2674 δε
1348 2646 1434 2684 quod
1449 2653 1522 2678 ante
1537 2648 1645 2679 omnia
1661 2652 1838 2685 notandum

964 2680 1047 2728 fuit,
1071 2682 1155 2713 illam
1180 2683 1220 2713 de
1243 2692 1303 2723 qua
1327 2685 1518 2726 disputamus
1537 2687 1694 2722 infantum
1711 2693 1838 2733 exposi-

965 2729 1088 2754 tionem
1105 2732 1142 2753 ac
1157 2732 1280 2770 necem.
1303 2724 1421 2758 Omnia
1437 2728 1505 2760 liaec
1520 2739 1609 2762 erant
1619 2732 1750 2772 publice
1759 2743 1837 2766 cona

964 2762 1143 2810 ceffagsola
1162 2764 1410 2800 Christianorum
1427 2769 1507 2802 secta
1522 2771 1617 2812 impia
1635 2773 1662 2804 ἀ
1678 2775 1835 2807 damnata.

964 2804 1053 2836 Abfit
1069 2806 1181 2846 igitur,
1193 2814 1227 2837 ut
1244 2809 1357 2847 poffint
1374 2818 1426 2842 aut
1443 2812 1581 2844 debeant
1599 2813 1744 2847 Domino
1763 2816 1832 2847 Van

964 2846 1196 2888 Bynkershock
1219 2851 1382 2882 mendacia
1407 2853 1534 2894 videri,
1566 2855 1596 2886 &
1621 2857 1767 2887 convicia
1792 2857 1833 2886 de

964 2887 1101 2932 plaustro
1125 2890 1286 2929 appellari.
1327 2892 1476 2926 Subrides
1493 2918 1503 2934 ,
1527 2896 1634 2928 video.
1667 2898 1719 2928 sed
1743 2897 1832 2936 quod

962 2929 1001 2960 ad
1018 2929 1190 2969 ipenacuia
1206 2932 1415 2974 attinet:ejus
1431 2936 1591 2969 auCtorem
1611 2938 1715 2968 liabeo
1734 2937 1832 2968 Athe—

961 2979 1110 3018 nagoram
1135 2973 1255 3015 Apolog.
1279 2982 1328 3012 pro
1347 2975 1521 3017 Christianis
1532 2985 1601 3018 pag.
1623 2983 1671 3018 38.
1696 2978 1831 3009 editionis

961 3011 1135 3051 Parzfienfis
1150 3016 1227 3055 apud
1245 3015 1418 3050 Morellum:
1441 3020 1536 3050 etiam
1553 3019 1759 3050 prudentium
1777 3018 1827 3052 lib·

964 3062 989 3101 ι’.
1021 3054 1167 3090 Adversus
1192 3056 1392 3097 Symmachum
1416 3061 1490 3101 veiyi
1506 3068 1575 3100 379.
1600 3058 1638 3093 ὃ)
1644 3058 1723 3100 seqq.
1750 3060 1830 3094 item

959 3094 1006 3141 lzli.
1026 3105 1053 3127 2.
1071 3096 1175 3136 odfin.
1207 3106 1302 3139 atque
1321 3109 1487 3142 optantem
1513 3102 1544 3131 id
1569 3101 1681 3131 mutari
1703 3110 1720 3131 a
1737 3101 1830 3134 Chi-i·

958 3135 1057 3183 stiano
1072 3138 1227 3180 Principe.
1251 3141 1353 3173 Pauca
1370 3142 1443 3173 dixi.
1462 3142 1544 3172 idem
1556 3163 1565 3179 ,
1582 3141 1612 3172 ὅ(
1628 3149 1743 3174 caetera
1758 3152 1827 3177 om-

958 3187 1026 3217 nia,
1047 3189 1087 3211 ne
1104 3188 1240 3222 excepta
1259 3184 1388 3223 quidem
1403 3181 1558 3214 infantum
1575 3183 1777 3223 expositione
1788 3195 1828 3217 ac

956 3228 1053 3262 nece,
1078 3221 1209 3255 testatur
1231 3222 1412 3256 Lactantius
1438 3223 1468 3256 in
1495 3223 1623 3263 Epitome
1639 3234 1664 3258 c.
1680 3229 1710 3260 6.
1728 3226 1758 3258 &
1776 3227 1826 3259 lib.

1794 3271 1825 3298 6.
