2052 3487
183 99 253 134 124-

223 174 373 215 Sequitur
388 169 471 202 aliud
489 175 529 198 ex
551 165 572 197 Ζ.
583 170 632 201 29.
656 162 686 204 §.
699 161 814 204 penult.
837 159 882 193 D.
902 160 953 192 Acl
968 160 1058 207 legent

184 216 348 259 Aquiliam.
390 208 593 251 Magistratus
609 203 823 244 municipales
839 225 850 241 ‚
882 200 1056 233 Duumviri

184 259 325 296 scilicet,
349 254 487 295 pecudes
504 254 660 288 ceperunt
678 244 818 286 pignori.
843 252 889 274 eae
912 244 1056 284 pecudes

184 300 273 333 fame
290 298 470 339 perierunt:
485 290 556 330 quia
567 286 772 328 Magistratus
791 294 856 317 non
873 284 943 316 sunt
958 284 1033 325 paffi
1045 306 1056 323 ,

185 343 226 374 ad
244 350 297 372 eas
321 335 438 367 cibaria
459 330 580 363 inferri.
604 338 643 360 an
668 328 780 368 injuria
805 325 917 357 feciffe
942 326 1054 358 viden-

185 382 270 414 tur?
302 378 423 410 Movet
448 373 579 404 dubium
597 394 607 409 ‚
641 369 731 410 quod
758 367 965 409 Magistratus
984 368 1055 407 lege

184 418 370 459 municipali
395 413 538 456 pignoris
564 412 736 453 capionem
760 409 882 441 habent
909 419 949 440 ex
967 408 1056 440 causa

181 461 334 505 judicati,
355 456 445 489 verbi
468 455 588 496 gratia:
623 453 744 484 habent
765 452 851 483 enirn
867 450 1056 491 jurisdictio-

184 513 260 536 nem
278 509 378 541 usque
404 498 444 529 ad
461 503 582 528 certam
606 493 782 527 summam:
814 500 850 523 ut
874 492 987 524 Paulus
1009 501 1057 522 re·

183 545 249 577 fert
271 544 320 573 lib.
335 552 366 582 5.
390 539 519 571 Seiuent.
544 538 589 569 zu.
608 546 638 577 5.
663 536 694 568 &
716 535 735 566 l.
755 538 804 568 28.
830 533 873 564 D.
894 534 944 564 Aci
961 534 1056 564 muni-

184 586 318 626 cipalem:
340 583 370 614 ὅ(
388 582 463 612 ideo
481 589 518 611 ea
536 587 667 620 quoque
679 601 689 616 ,
713 576 777 610 fine
795 575 909 616 quibus
931 574 1056 614 iurisdi-

185 628 250 659 ctio
275 623 429 665 explicari
451 631 517 653 non
541 619 648 662 potest
670 619 689 649 l.
709 629 738 650 2.
765 616 808 649 D.
829 619 861 647 tle
874 614 1057 658 jurisdiiiz'o-

184 678 239 700 ne:
263 668 371 706 itaque
390 665 475 696 clare
499 661 621 695 Siculus
642 659 776 691 Flaccus
793 683 803 698 ,
827 657 874 689 De
888 657 1058 688 conditioni-

184 712 238 742 bus
263 717 399 751 agrorum
415 729 425 745 ,
454 711 484 745 p.
504 714 529 736 1.
554 703 697 743 Regiones
712 724 721 740 ,
753 700 885 740 inquit,
917 700 1057 737 dicimus,

184 752 266 783 intra
286 758 412 792 quarum
429 746 505 787 fines
518 743 707 786 singularum
733 742 910 773 coloniarum
927 746 980 771 aut
994 749 1056 771 mu-

182 793 357 833 nicipiorum
374 785 590 830 magistratibus
603 786 654 828 jus
669 784 780 815 dicendi
798 783 998 824 coercenaique
1019 779 1058 820 est

183 835 273 866 libera
287 829 422 874 potestus.
464 828 530 860 Sed
546 828 653 867 placet
666 850 675 865 ‚
699 824 809 866 injuria
826 823 936 855 feciss'e
954 823 1056 864 Magi-

183 875 318 913 stratus,
343 875 373 904 ὁ(
393 871 469 902 ideo
484 869 614 901 alitione
633 869 665 899 in
682 866 802 898 factum
820 865 943 898 teneri:
967 867 1057 905 quia,

184 925 222 949 ut
241 918 312 957 lege
333 912 516 952 municipali
536 910 674 942 habeant
689 909 737 949 Jus
756 908 882 949 pignori
910 907 1057 946 capiendi

184 959 355 1000 pecudes,
388 963 494 986 tamen
527 962 593 984 non
624 951 746 982 habent
771 950 819 990 jus
851 948 978 990 pignori
1010 956 1047 977 ca

186 1007 260 1041 ptas
280 999 364 1030 fame
385 995 538 1028 necandi:
564 994 661 1035 igitur
676 991 697 1024 fi
719 991 863 1024 necarint
884 999 954 1028 eas,
986 989 1059 1029 quia

185 1042 321 1074 modum
348 1039 416 1070 sunt
440 1036 576 1078 egi-effi,
612 1034 722 1075 injuria
756 1031 866 1064 fecisse
898 1032 1057 1062 videntur.

184 1083 277 1116 Idem
301 1080 346 1112 est
364 1104 374 1120 ,
392 1079 428 1121 xsi
456 1077 660 1119 Magistratus
676 1099 685 1115 ‚
717 1084 791 1106 cum
816 1084 856 1105 ex
874 1073 946 1114 lege
961 1081 1056 1112 cepe-

185 1125 250 1157 rint
275 1124 412 1165 pignus‚
445 1121 497 1152 vel
516 1119 609 1151 etiam
634 1117 698 1149 fine
718 1117 789 1157 lege
810 1139 820 1154 ,
853 1115 990 1147 reddant
1008 1123 1057 1145 res

187 1167 277 1198 tritas
297 1171 530 1204 corruptasque
559 1167 614 1191 aut
638 1158 766 1190 feritate
789 1164 842 1188 aut
865 1156 1058 1197 negligentia

185 1209 250 1239 sua.
298 1205 407 1249 Quid,
437 1204 458 1236 fi
484 1202 560 1244 quid
589 1200 761 1233 violentius
783 1198 921 1230 fecerint
945 1198 1057 1228 adver-

186 1249 237 1281 sus
261 1244 484 1280 resistentem?
515 1253 581 1275 non
600 1242 795 1274 tenebuntur
820 1241 892 1281 lege
910 1238 1058 1279 Aquilia,

189 1290 244 1323 etii
265 1291 293 1322 ei
312 1291 463 1322 damnum
488 1285 636 1318 dederint
657 1295 664 1316 ε
698 1284 771 1323 quia
794 1291 860 1313 non
879 1281 989 1320 injuria
1012 1279 1058 1310 fe-

189 1339 305 1364 cerunt
325 1329 499 1372 quodjuris
517 1325 699 1368 exequendi
723 1323 813 1355 causa
829 1322 988 1353 fecerunt.
1034 1319 1059 1351 I·

211 1375 272 1405 itur
299 1373 329 1404 &
353 1380 427 1403 cum
453 1370 577 1402 servum
600 1367 724 1408 pignori
744 1363 899 1405 cepiss'ent
914 1386 923 1401 ,
954 1363 983 1393 ὃς
1006 1362 1061 1393 ille

187 1383 221 1447 se
239 1413 459 1455 suspenderit,
490 1410 575 1442 nulla
597 1410 689 1441 datur
712 1407 795 1438 affio
820 1403 967 1436 adversus
990 1402 1061 1434 Ma-

189 1456 364 1498 gistratus:
393 1453 547 1495 siquidem
575 1450 655 1482 nihil
675 1449 720 1480 est
745 1448 834 1489 quod
859 1448 903 1478 cis
925 1447 1061 1486 impute-

191 1505 253 1530 tur.

230 1537 380 1571 Proxima
400 1536 428 1566 (l.
453 1534 472 1565 l.
492 1543 539 1570 29.
565 1534 595 1575 §.
614 1531 724 1574 penult.
757 1530 816 1562 erit
848 1529 868 1559 l.
890 1538 937 1561 12.
965 1528 1008 1559 D.
1030 1529 1063 1559 de

184 1579 396 1625 jurisdiflione.
422 1585 491 1608 nam
513 1583 649 1614 utraque
661 1573 705 1605 est
723 1582 762 1604 ex
780 1572 860 1603 libro
882 1576 928 1604 18.
953 1569 1061 1610 Ulpia-

189 1623 221 1654 ni
243 1623 281 1653 ad
306 1619 477 1656 Edistum3
508 1624 643 1656 utraque
669 1617 803 1646 coercet
829 1611 992 1643 feritatem
1009 1618 1063 1642 aut

189 1663 342 1695 saevitiam
380 1658 623 1700 Magistratuum
653 1654 902 1696 municipalium
954 1652 1063 1684 Verba

189 1704 321 1746 Ulpiani
338 1701 417 1734 sunt.
461 1697 692 1741 Magistratihus
709 1695 934 1736 municipalibus
950 1694 1062 1735 suppli-

190 1748 266 1778 cium
285 1756 302 1776 a
320 1746 399 1783 servo
406 1742 522 1784 sumere
539 1751 597 1772 riori
614 1741 694 1771 licet:
721 1739 832 1769 modica
857 1742 954 1768 autem
978 1734 1063 1776 casti-

185 1789 267 1830 gatio
285 1787 324 1818 eis
341 1794 399 1816 non
415 1782 454 1825 est
471 1783 647 1825 deneganda.
691 1780 769 1812 Hoc
790 1779 880 1816 vult,
916 1776 937 1809 fi
957 1777 1063 1818 Magi-

187 1830 302 1862 stratus
327 1826 537 1865 municipales
570 1833 587 1855 a
613 1822 706 1854 servo
735 1820 922 1860 sumpserint
946 1817 1063 1864 suppli-

187 1872 293 1909 cium,
316 1869 428 1910 injuria
450 1865 559 1898 fecisse
576 1875 651 1897 eos:
685 1863 758 1903 quia
781 1861 865 1893 nulla
888 1861 940 1892 lex
959 1859 1064 1900 Magi-

187 1913 335 1945 stratibus
353 1908 598 1949 municipalibus
619 1905 708 1938 dedit
732 1903 900 1944 imperium
920 1911 1064 1939 merum,

189 1964 232 1987 ne
252 1955 283 1985 in
310 1954 418 1984 servos
445 1951 601 1991 quidem:
631 1956 697 1978 non
721 1946 817 1985 igitur
839 1945 916 1975 licet
937 1944 996 1988 illis
1013 1966 1022 1980 ‚
1046 1952 1063 1973 a

190 1995 283 2028 servo
316 1993 506 2035 supplicium
541 1990 688 2022 sumere:
730 1987 760 2018 &
792 1986 814 2018 si
851 1984 1037 2025 sumpserint
1052 2006 1062 2022 ,

190 2038 264 2078 quia
282 2035 345 2068 fine
369 2036 438 2076 jure
457 2032 654 2073 sumpserunt
671 2053 680 2069 ,
712 2030 784 2068 lege
803 2027 928 2066 Aquilia
952 2034 1062 2056 tenen-

191 2087 253 2112 tur.
295 2078 338 2111 At
361 2084 552 2119 quamquam
571 2072 727 2114 Ulpianus
744 2068 985 2111 Magistratibus
1008 2075 1064 2098 ne-

784 72 1100 108 GERARnr
1147 66 1380 105 Noonr

1099 165 1155 200 get
1170 157 1217 200 jus
1241 158 1297 200 sup
1324 159 1418 198 licii3
1449 167 1515 190 non
1542 166 1650 192 tamen
1668 168 1779 202 putat,
1803 163 1849 197 eis
1871 164 1965 196 dene-

1098 202 1234 246 gandam
1264 210 1282 232 e
1308 210 1326 232 e
1356 201 1520 233 modicam
1553 200 1804 243 castigationem.
1856 206 1966 238 Modi-

1099 251 1188 281 cam,
1210 251 1360 283 mquam,
1386 242 1415 274 ἂ
1431 242 1513 273 hanc
1531 243 1564 274 in
1586 242 1714 275 servos:
1738 253 1811 276 nam
1837 245 1868 277 in
1890 247 1966 278 libe-

1098 293 1163 328 ros.
1176 284 1325 316 homines
1347 284 1512 325 castigatio
1530 284 1770 326 Magistratibus
1794 296 1859 318 non
1879 296 1968 319 coin-

1098 332 1200 366 petit,
1223 335 1265 357 ne
1288 326 1417 357 modica
1437 326 1586 365 quidem:
1617 334 1651 358 ut
1670 327 1786 359 Paulus
1804 328 1924 359 indicat
1945 330 1966 361 l.

1102 375 1148 406 17.
1173 366 1201 408 §.
1224 376 1249 398 1.
1274 366 1317 398 D.
1343 367 1408 412 Qui
1423 367 1460 402 ὃ)
1478 377 1496 398 a
1513 369 1618 409 quibus
1632 367 1796 409 monzuniffz
1815 369 1896 400 liberi
1911 379 1968 401 non

1092 407 1198 454 fiunt,
1221 417 1432 449 proponens,
1464 409 1630 441 dominum
1658 410 1829 441 mentitum
1848 434 1858 449 ‚
1890 421 1930 442 ne
1950 421 1967 443 a

1098 449 1338 490 Magistratibus
1362 449 1567 491 castigaretur
1590 450 1697 482 servus
1712 474 1721 489 ,
1745 451 1875 490 dixisse,
1906 451 1969 484 esse

1099 490 1246 523 liberum.
1288 491 1422 523 Habent
1445 493 1541 532 igitur
1563 491 1770 533 Magistratus
1802 493 1832 524 in
1865 492 1972 526 servos

1100 531 1210 563 saltem
1239 533 1401 565 modicam
1429 533 1693 575 castigationem:
1724 535 1805 565 intra
1831 542 1925 574 quam
1949 535 1970 567 {i

1099 573 1281 620 subsistant,
1303 575 1351 614 jus
1369 574 1431 606 est:
1455 574 1476 606 si
1492 584 1556 606 non
1576 574 1737 607 subsistant
1753 598 1762 613 ‚
1793 576 1903 616 injuria
1926 578 1971 607 in-

1100 615 1256 656 telligitur
1271 639 1281 654 ‚
1312 615 1343 647 &
1369 616 1433 657 legi
1453 616 1589 656 Aquilia:
1607 616 1700 648 iocus
1719 615 1783 648 est:
1815 626 1851 648 ut
1876 617 1897 648 fi
1916 617 1973 649 scr-

1102 666 1178 688 vum
1208 666 1316 688 meum
1332 656 1464 697 flagellis
1488 658 1676 689 caeciderint
1693 657 1919 698 Magistratus,
1943 660 1972 690 δε

1100 699 1126 729 is
1149 697 1255 731 servus
1272 698 1463 731 decesserit:
1486 698 1518 731 &
1537 699 1580 730 ita
1597 698 1755 741 Ulpianus
1778 700 1798 732 l.
1822 709 1870 741 17.
1895 700 1925 742 ἓ.
1942 711 1973 732 2.

1101 739 1144 771 D.
1166 741 1199 770 de
1215 741 1346 780 injuriis.

1142 781 1380 828 Magistratibus
1390 782 1635 824 municipalibus
1649 782 1832 823 jungendus
1845 783 1890 814 est
1907 782 1972 814 fru·

1100 822 1262 855 Clu-arius:
1291 833 1365 855 narn
1391 824 1421 855 δε
1447 824 1522 856 huic
1537 825 1668 865 affignat
1694 823 1849 865 Ulpianus
1872 825 1973 856 modi-

1101 874 1171 895 cam
1191 864 1434 906 castigationem
1451 864 1612 897 fruCtuarii
1636 865 1735 904 servi,
1760 875 1833 896 curn
1858 866 1974 906 plenis-

1101 905 1208 938 simam
1228 907 1463 938 coercitionem
1492 906 1647 939 adscribat
1670 908 1805 938 domino
1829 908 1973 948 proprie-

1103 948 1196 980 tatis:
1220 948 1251 979 &
1266 948 1374 986 addit,
1392 947 1601 980 fructuarium
1621 958 1727 988 neque
1746 957 1897 989 torquere
1916 948 1975 980 ser·
2028 979 2029 983 ,

1102 998 1177 1019 vum
1202 988 1292 1034 posl'e
1312 1012 1322 1027 ‚
1353 998 1460 1029 neque
1486 990 1619 1031 flagellis
1645 991 1770 1022 caedere
1789 991 1808 1021 l.
1826 1000 1875 1032 23.
1900 990 1929 1032 ᾗ.
1947 999 1976 1022 1.

1101 1030 1144 1061 D.
1168 1031 1201 1060 de
1226 1029 1408 1071 usufrublu‚
1440 1030 1476 1065 δ’
1507 1033 1744 1072 quemadmodum
1774 1034 1838 1073 quis
1869 1039 1975 1063 utatur

1092 1073 1233 1111 fruatur.
1267 1071 1408 1103 Proinde
1424 1070 1446 1103 fi
1464 1081 1518 1103 aut·
1536 1080 1687 1112 torqueat
1706 1073 1830 1104 seruum
1848 1081 1901 1104 aut
1919 1073 1974 1104 fia-

1100 1113 1315 1159 gellistcaedat
1332 1113 1541 1152 unewanus,
1570 1113 1642 1155 lege
1659 1114 1786 1155 Aquilia
1806 1115 1976 1146 conveniri

1102 1163 1242 1196 poterit:
1268 1155 1340 1195 quia
1359 1163 1424 1185 non
1444 1156 1548 1186 tenuit
1568 1158 1702 1186 modum
1722 1165 1817 1196 quern
1840 1156 1974 1194 debuit,

1102 1197 1132 1228 &
1150 1197 1225 1228 ideo
1242 1205 1307 1228 non
1322 1196 1392 1236 jure
1408 1195 1518 1227 feciffe
1539 1196 1655 1228 dicitur
1671 1220 1683 1236 ‚
1715 1196 1768 1228 sed
1787 1197 1903 1228 l'aevitia
1921 1204 1975 1228 aut

1102 1237 1231 1269 feritate
1253 1238 1271 1268 l.
1297 1246 1343 1277 15.
1367 1236 1394 1278 §.
1415 1246 1443 1268 2.
1469 1236 1513 1268 D.
1536 1239 1594 1270 eod.
1620 1239 1667 1269 tit.
1697 1239 1790 1270 aliter
1813 1248 1850 1270 ac
1874 1239 1894 1270 si
1919 1240 1975 1270 do-

1103 1280 1208 1310 minus
1232 1279 1283 1310 cui
1302 1279 1397 1319 plena
1420 1277 1502 1310 servi
1526 1279 1688 1310 coercitio
1706 1281 1891 1321 competit,
1922 1280 1975 1311 fla-

1102 1321 1193 1361 gellis
1217 1320 1286 1352 usus
1317 1319 1365 1354 fit,
1416 1319 1603 1353 Martialem
1633 1320 1706 1352 audi
1735 1321 1784 1354 lib.
1806 1327 1835 1357 8.
1866 1321 1973 1364 Epigr.

1105 1372 1122 1393 2
1147 1385 1153 1392 .

1143 1400 1211 1442 Effe
1229 1402 1282 1449 tibi
1297 1402 1397 1433 videor
1405 1402 1524 1443 smvus,
1548 1404 1730 1445 nimiumque
1740 1404 1879 1446 gulosus,

1184 1442 1247 1487 Qui
1266 1449 1381 1484 propter
1396 1453 1526 1484 coenum,
1550 1443 1669 1485 Rustice
1682 1469 1692 1483 ‚
1716 1447 1787 1476 caedo
1805 1455 1914 1478 cocum.

1146 1486 1179 1518 Si
1197 1486 1268 1516 levis
1289 1484 1344 1526 istu
1361 1486 1415 1516 tibi
1422 1485 1589 1527 flagrorum
1608 1489 1695 1526 causa
1711 1489 1848 1525 videtur,

1184 1527 1236 1558 Ex
1252 1537 1309 1568 quo
1327 1527 1373 1557 vis
1390 1529 1476 1565 cuuliz
1491 1527 1610 1569 vapulet
1623 1538 1687 1570 ergo
1704 1529 1812 1560 cocus?

1106 1569 1157 1601 Sic
1175 1568 1352 1606 Martiali33
1374 1568 1471 1609 eique
1487 1570 1694 1601 consentiens
1712 1569 1870 1610 Ulpianus
1892 1570 1911 1601 l.
1927 1580 1976 1612 17.

1105 1611 1133 1652 §.
1157 1620 1182 1642 1.
1210 1609 1252 1641 D.
1277 1611 1335 1641 eod.
1351 1610 1399 1640 tic.
1425 1610 1531 1642 Verba
1550 1609 1691 1651 Ulpiani.
1738 1611 1852 1651 Exeo,
1877 1622 1912 1642 ne
1930 1614 1977 1644 cle·

1106 1653 1238 1683 teriorem
1257 1652 1449 1682 conditionem
1458 1651 1734 1692 fruftuariifaciut
1746 1654 1974 1694 proprietarius,

1097 1694 1171 1735 solet
1190 1694 1298 1734 quaeri,
1320 1702 1360 1724 an
1371 1695 1496 1732 servum
1512 1695 1645 1724 dominus
1663 1694 1787 1725 coercere
1800 1694 1910 1735 poffit?
1934 1695 1975 1726 Ec

1106 1733 1206 1775 Aristo
1227 1735 1306 1775 apud
1322 1732 1448 1775 Cuffium
1462 1740 1564 1774 notat,
1586 1733 1774 1775 pleniffimam
1793 1745 1857 1766 eum
1873 1736 1977 1766 coe'rci-

1106 1778 1212 1808 tionem
1237 1777 1337 1807 habere
1354 1797 1364 1813 ‚
1390 1773 1419 1813 fi
1451 1776 1531 1806 modo
1554 1774 1619 1814 fine
1653 1776 1713 1807 dolo
1751 1777 1826 1808 malo
1850 1777 1951 1816 faciat
1967 1788 1976 1809 :

1105 1819 1241 1858 quamvis
1258 1815 1499 1856 usufruftuarius
1518 1826 1569 1848 nec
1592 1818 1747 1849 contrariis
1763 1819 1878 1859 quidem
1892 1819 1977 1849 mini·

1099 1857 1199 1900 steriis
1216 1882 1225 1897 ,
1257 1864 1309 1889 aui:
1332 1856 1479 1896 inusitatis
1496 1881 1506 1897 ‚
1536 1858 1696 1899 artificium
1715 1860 1776 1901 ejus
1801 1868 1977 1901 corrumpere

1102 1899 1187 1942 pollii
1195 1910 1205 1937 ‚-
1229 1909 1280 1931 nec
1300 1900 1416 1936 servum
1438 1901 1623 1931 cicatricibus
1644 1902 1814 1941 deformare.
1849 1901 1975 1941 Inquit,

1107 1941 1309 1973 cicatricibus
1325 1952 1334 1980 ;
1364 1950 1433 1981 quae
1468 1942 1580 1981 accipe
1613 1943 1665 1974 vel
1698 1942 1869 1983 flagrorum
1887 1966 1896 1981 ,
1925 1944 1976 1974 vel

1107 1983 1287 2024 stigmatum
1305 2006 1315 2021 ‚
1353 1992 1425 2022 quae
1449 1982 1613 2014 servorum
1642 1983 1807 2017 frontibus
1829 1992 1883 2018 aut
1908 1984 1976 2016 aliis

1106 2025 1258 2057 membris
1274 2024 1356 2056 inuri
1375 2032 1471 2065 atque
1489 2024 1618 2056 inscribi
1636 2024 1750 2057 solent.

880 2189 1093 2224 CAPUT
1145 2185 1183 2222 V
1227 2185 1297 2221 11.

192 2304 311 2340 Ccedem
336 2301 424 2348 culpa
441 2299 572 2346 faciam
588 2325 598 2342 ,
633 2297 683 2333 cui
707 2295 796 2344 cafics
828 2295 954 2331 cohaeret
971 2322 982 2338 ,
1016 2295 1134 2341 injuria
1159 2293 1288 2340 fabiam
1322 2293 1430 2329 videri.
1484 2292 1672 2340 Exemplum
1700 2291 1830 2339 Ulpiani
1853 2292 1978 2339 elegans

261 2350 304 2392 Εὐ)
329 2363 436 2386 rarum
461 2351 495 2384 in
510 2347 605 2396 servo
629 2348 717 2393 cujus
738 2346 814 2392 gula
831 2372 841 2388 ‚
878 2346 950 2380 dum
976 2346 1144 2386 tondetur,
1179 2341 1221 2382 &²
1246 2343 1394 2378 novacula
1409 2341 1505 2389 fiiper
1529 2343 1639 2388 gulam
1665 2341 1730 2389 est,
1764 2343 1887 2389 adjecla
1911 2342 1977 2388 pilu

257 2402 448 2449 praeciditur.

506 2397 703 2444 Amphibolia
727 2393 889 2441 observata
915 2391 957 2433 δέ’
981 2391 1116 2439 exposita
1143 2394 1174 2427 in
1203 2394 1223 2428 l.
1251 2403 1305 2427 11.
1332 2392 1375 2427 D.
1403 2392 1456 2427 Ad
1479 2393 1575 2438 legem
1601 2392 1773 2438 Aquilium.
1825 2391 1923 2426 Aliud
1945 2402 1977 2425 e-

264 2451 418 2496 xemplum
443 2450 475 2483 in
500 2448 568 2482 ludo
594 2446 693 2482 noxio.
747 2444 857 2493 Quid,
876 2442 910 2488 fi
936 2442 994 2477 duo
1010 2443 1190 2489 stramenta
1216 2441 1357 2476 ardentia
1392 2440 1630 2486 transtulerint,
1665 2438 1707 2480 ἐξ
1733 2441 1943 2475 concurrerint
1963 2466 1976 2482 ,

263 2501 352 2534 ambo
379 2498 543 2532 ceciderint
560 2523 570 2539 ‚
605 2496 685 2530 alter
702 2492 840 2541 flamina
864 2491 1057 2538 consumptus
1074 2490 1120 2536 fit
1138 2492 1156 2525 ζ)
1192 2489 1289 2532 Usum
1317 2491 1382 2536 ejus
1410 2492 1454 2524 rei
1470 2492 1502 2524 iiz
1527 2491 1678 2525 Palilibus
1694 2488 1774 2536 effe:
1808 2489 1843 2524 de
1869 2491 1977 2535 quibus

264 2547 471 2592 accipiendam
499 2546 519 2580 l.
538 2555 597 2588 45.
626 2543 655 2591 §
677 2554 709 2589 3.
739 2544 782 2578 D.
802 2542 864 2577 eod.
884 2543 944 2597 ῑίῑ.ι
961 2542 1050 2591 Quid
1057 2542 1143 2588 juris
1158 2567 1168 2584 ,
1187 2538 1220 2586 fi
1234 2540 1318 2574 homo
1337 2540 1369 2574 in
1388 2540 1488 2582 luffa,
1512 2541 1677 2586 pugilatu,
1714 2547 1770 2573 aut
1787 2540 1976 2585 pancratio,

264 2598 326 2631 occi
343 2606 377 2630 us
383 2593 457 2639 fit?
486 2595 528 2629 ad
551 2595 571 2629 l.
592 2604 624 2639 7.
649 2591 678 2640 §.
697 2603 732 2636 4.
759 2592 803 2628 D.
831 2591 893 2628 eod.
919 2598 970 2625 m.

235 2702 320 2745 gitur
337 2700 358 2732 fl
377 2700 447 2741 quis
464 2699 532 2740 jure
555 2697 654 2738 fecit,
679 2698 710 2730 &
733 2698 815 2729 intra
838 2697 973 2730 modum
996 2696 1066 2728 sub-

195 2707 229 2780 I
257 2743 353 2778 stitit3
379 2750 448 2772 turn
464 2740 484 2772 fi
510 2741 611 2772 homo
635 2738 706 2771 casu
731 2748 785 2771 aut
807 2740 992 2772 neceffitate
1009 2747 1064 2769 oc-

192 2785 272 2818 cisus
289 2783 326 2816 sit
343 2808 351 2822 ‚
382 2783 456 2824 quia
484 2783 593 2822 injuria
611 2791 676 2813 non
695 2781 740 2812 est
760 2805 769 2820 ‚
802 2782 929 2822 Aquilia
948 2779 1064 2812 ceffat:

192 2835 347 2860 caeterum
370 2823 433 2856 five
449 2825 518 2864 J'ure
537 2823 619 2854 fecit
635 2844 645 2862 ,
679 2822 731 2854 scd
756 2825 887 2855 modum
913 2822 1064 2860 excessit,

191 2869 257 2902 five
285 2867 378 2907 culpa
394 2889 404 2905 ,
438 2866 467 2897 ὕ(
494 2864 583 2896 casus
606 2863 782 2904 sequutus;
814 2865 909 2906 magis
934 2864 1064 2904 injuria,

192 2920 285 2952 quam
302 2910 350 2950 jus
368 2915 421 2939 aut
440 2906 526 2938 casus
541 2930 551 2945 ‚
582 2905 764 2942 videbitur;
798 2907 827 2938 ὅ(
848 2908 923 2938 ideo
941 2906 1002 2947 legi
1025 2905 1066 2937 A·

193 2953 299 2993 quiliae
315 2951 405 2982 locus
425 2950 494 2981 erit.
539 2947 731 2987 Exemplum
748 2949 780 2979 in
798 2949 814 2979 l.
832 2958 879 2979 11.
900 2947 942 2980 D.
961 2948 1012 2979 Acl
1027 2947 1064 2978 le-

190 3003 255 3036 gem
275 2992 436 3035 Aquiliam.
482 2989 590 3021 Verba
614 2989 689 3029 ejus.

236 3035 309 3068 Item
326 3033 408 3065 Μεὶα
419 3033 538 3072 scribit,
556 3029 585 3068 fi
594 3053 603 3069 ,
628 3040 693 3061 cum
707 3030 765 3067 pilu
781 3031 899 3071 quidum
914 3030 1061 3069 luderent,

253 3076 450 3107 vehementius
471 3075 536 3116 quis
550 3073 610 3112 pila
625 3071 756 3112 percuffiz
777 3073 808 3101 iu
824 3072 942 3110 tonsoris
960 3081 1066 3102 manus

252 3128 314 3149 eum
340 3116 472 3158 dejecerit
491 3139 500 3154 ,
531 3114 568 3149 δὲ·
578 3112 622 3152 fic
637 3116 740 3153 servi,
772 3123 856 3154 quem
873 3113 966 3151 tonsor
984 3115 1064 3143 rade—

254 3159 303 3188 bat
321 3181 331 3196 ‚
358 3158 429 3199 gulo
445 3156 486 3195 fic
498 3157 618 3199 praeciliz
643 3154 752 3197 adjeflo
770 3155 883 3185 cultello
903 3177 913 3192 ‚
943 3155 974 3184 iu
998 3164 1064 3194 quo·

251 3208 373 3241 cumque
399 3209 495 3232 eorum
519 3199 603 3240 culpa
615 3195 657 3237 fic
673 3221 684 3239 ,
714 3206 781 3230 eum
801 3196 861 3238 lege
879 3195 1002 3237 Aquilia
1025 3201 1064 3227 te-

1169 2695 1250 2726 neri:
1274 2694 1415 2726 Proculus
1430 2694 1461 2724 in
1478 2692 1586 2732 tonfirre
1600 2691 1651 2733 effe
1669 2691 1794 2732 culpam.
1834 2690 1974 2730 Eisone,

1162 2736 1193 2775 fi
1209 2738 1248 2767 ibi
1263 2736 1395 2767 tondebat
1411 2757 1421 2773 ‚
1452 2735 1502 2766 ubi
1522 2743 1558 2765 ex
1582 2735 1784 2775 cousuetudine
1801 2732 1974 2771 ludebatur,

1168 2778 1215 2809 vel
1238 2779 1287 2809 ubi
1311 2774 1452 2815 tranfitus
1470 2777 1611 2817 frequens
1637 2781 1699 2807 ercii
1714 2799 1723 2814 ,
1756 2773 1795 2816 esi
1811 2798 1821 2812 ‚
1851 2774 1926 2815 quod
1950 2773 1979 2803 ei

1167 2821 1350 2860 imputetur:
1380 2819 1514 2859 quamvis
1530 2827 1581 2851 uec
1604 2817 1678 2848 illud
1697 2817 1769 2848 male
1793 2818 1929 2853 dicacur,
1946 2812 1975 2851 st

1166 2862 1198 2892 in
1222 2861 1278 2893 loco
1301 2860 1455 2902 periculoso
1471 2860 1574 2899 sellam
1598 2860 1714 2891 habenti
1739 2859 1846 2899 tonsori
1857 2857 1892 2897 Je
1908 2856 1975 2897 quis

1168 2904 1355 2942 commiserit,
1377 2903 1471 2942 ipsum
1489 2899 1568 2939 de'le
1585 2903 1667 2943 queri
1681 2902 1786 2932 debere.

1107 2944 1238 2977 Tonsor
1258 2944 1362 2977 sellam
1380 2944 1491 2975 habuit
1507 2953 1547 2974 eo
1570 2944 1601 2974 in
1628 2944 1705 2975 ioco
1721 2965 1730 2979 ‚
1762 2944 1792 2973 in
1819 2947 1885 2980 quo
1906 2945 1975 2969 erat

1107 2988 1260 3028 frequens
1276 2985 1419 3018 transitus
1438 2985 1467 3017 ὃς
1484 2986 1555 3026 pilae
1570 2983 1661 3017 lusus.
1694 2984 1758 3015 Res
1776 2982 1874 3013 bodie
1889 2989 1974 3011 nova

1109 3029 1138 3060 ἂ
1157 3030 1188 3060 in
1214 3028 1263 3060 his
1283 3028 1374 3060 terris
1392 3037 1483 3068 paene
1500 3029 1638 3058 inaudita
1656 3037 1666 3066 3
1689 3025 1743 3056 sed
1765 3024 1843 3054 olim
1862 3021 1973 3052 Romae

1108 3070 1218 3102 usitata
1237 3070 1266 3101 &
1283 3069 1454 3101 solita2nili
1474 3070 1561 3109 quod
1573 3067 1778 3099 Domitianus
1796 3065 1823 3095 ei
1842 3064 1974 3094 modum

1107 3110 1278 3153 imposuit3
1295 3111 1522 3151 mnsoresque,
1535 3110 1564 3141 ὅ(
1586 3117 1728 3150 coquos,
1745 3107 1773 3137 ὃ(
1791 3114 1974 3145 caupones,

1108 3155 1138 3186 &
1157 3154 1280 3194 lanios,
1312 3154 1415 3185 vetuit
1430 3161 1530 3184 artem
1548 3151 1630 3182 suam
1648 3151 1677 3181 in
1696 3148 1828 3189 publico
1846 3155 1975 3177 exe-rce-

1107 3205 1154 3230 re.
1192 3195 1268 3238 Ejus
1284 3195 1329 3230 rei
1344 3195 1490 3229 meminit
1511 3192 1665 3224 Martialis
1681 3191 1728 3223 lib.
1748 3199 1778 3231 7.
1802 3188 1906 3230 Epigr.
1916 3190 1975 3259 2ῗῖ
