<?xml version="1.0" encoding="UTF-8"?>
<!DOCTYPE html PUBLIC "-//W3C//DTD XHTML 1.0 Transitional//EN"
    "http://www.w3.org/TR/xhtml1/DTD/xhtml1-transitional.dtd">
<html xmlns="http://www.w3.org/1999/xhtml" xml:lang="en" lang="en">
 <head>
  <title>
</title>
<meta http-equiv="Content-Type" content="text/html;charset=utf-8" />
  <meta name='ocr-system' content='tesseract 3.04.00' />
  <meta name='ocr-capabilities' content='ocr_page ocr_carea ocr_par ocr_line ocrx_word'/>
</head>
<body>
  <div class='ocr_page' id='page_1' title='image "./gerardinoodtnovi00nood_1047.png"; bbox 0 0 2036 3495; ppageno 0'>
   <div class='ocr_carea' id='block_1_1' title="bbox 485 186 526 264">
    <p class='ocr_par' dir='ltr' id='par_1_1' title="bbox 485 186 526 264">
     <span class='ocr_line' id='line_1_1' title="bbox 485 186 526 264; baseline 0 0"><span class='ocrx_word' id='word_1_1' title='bbox 485 186 526 264; x_wconf 72' lang='lat' dir='ltr'>I</span> 
     </span>
    </p>
   </div>
   <div class='ocr_carea' id='block_1_2' title="bbox 691 175 1255 262">
    <p class='ocr_par' dir='ltr' id='par_1_2' title="bbox 691 175 1255 262">
     <span class='ocr_line' id='line_1_2' title="bbox 691 175 1255 262; baseline 0.005 -3"><span class='ocrx_word' id='word_1_2' title='bbox 691 175 1255 262; x_wconf 70' lang='lat' dir='ltr'><strong>ND‘E</strong></span> 
     </span>
    </p>
   </div>
   <div class='ocr_carea' id='block_1_3' title="bbox 1324 183 1498 266">
    <p class='ocr_par' dir='ltr' id='par_1_3' title="bbox 1324 183 1498 266">
     <span class='ocr_line' id='line_1_3' title="bbox 1324 183 1498 266; baseline 0.011 -2"><span class='ocrx_word' id='word_1_3' title='bbox 1324 212 1331 215; x_wconf 57' lang='grc'><em>“</em></span> <span class='ocrx_word' id='word_1_4' title='bbox 1420 183 1498 266; x_wconf 89' lang='grc' dir='ltr'>Χ</span> 
     </span>
    </p>
   </div>
   <div class='ocr_carea' id='block_1_4' title="bbox 207 369 1764 440">
    <p class='ocr_par' dir='ltr' id='par_1_4' title="bbox 207 369 1764 440">
     <span class='ocr_line' id='line_1_4' title="bbox 207 369 1764 440; baseline 0 -5"><span class='ocrx_word' id='word_1_5' title='bbox 207 369 712 435; x_wconf 87' lang='lat' dir='ltr'>RERUM</span> <span class='ocrx_word' id='word_1_6' title='bbox 785 371 1764 440; x_wconf 80' lang='lat' dir='ltr'>ETVERBORUM.</span> 
     </span>
    </p>
   </div>
   <div class='ocr_carea' id='block_1_5' title="bbox 359 547 394 576">
    <p class='ocr_par' dir='ltr' id='par_1_5' title="bbox 359 547 394 576">
     <span class='ocr_line' id='line_1_5' title="bbox 359 547 394 576; baseline -0.057 0"><span class='ocrx_word' id='word_1_7' title='bbox 359 547 394 576; x_wconf 84' lang='lat' dir='ltr'>A.</span> 
     </span>
    </p>
   </div>
   <div class='ocr_carea' id='block_1_6' title="bbox 81 621 666 1715">
    <p class='ocr_par' dir='ltr' id='par_1_6' title="bbox 87 621 666 1404">
     <span class='ocr_line' id='line_1_6' title="bbox 191 621 666 654; baseline -0.013 0"><span class='ocrx_word' id='word_1_8' title='bbox 191 623 295 654; x_wconf 87' lang='lat' dir='ltr'>voculae</span> <span class='ocrx_word' id='word_1_9' title='bbox 325 622 387 652; x_wconf 82' lang='lat' dir='ltr'>usus</span> <span class='ocrx_word' id='word_1_10' title='bbox 417 621 497 649; x_wconf 85' lang='lat' dir='ltr'>valde</span> <span class='ocrx_word' id='word_1_11' title='bbox 526 621 666 648; x_wconf 53' lang='lat' dir='ltr'>notabilia.</span> 
     </span>
     <span class='ocr_line' id='line_1_7' title="bbox 95 627 666 696; baseline -0.004 -7"><span class='ocrx_word' id='word_1_12' title='bbox 95 627 164 693; x_wconf 82' lang='lat' dir='ltr'><strong>A</strong></span> <span class='ocrx_word' id='word_1_13' title='bbox 536 660 666 696; x_wconf 53' lang='lat'>&amp;3:452</span> 
     </span>
     <span class='ocr_line' id='line_1_8' title="bbox 93 699 663 734; baseline -0.004 -6"><span class='ocrx_word' id='word_1_14' title='bbox 93 699 264 731; x_wconf 47' lang='lat' dir='ltr'>Artemonis</span> <span class='ocrx_word' id='word_1_15' title='bbox 280 700 333 734; x_wconf 81' lang='lat' dir='ltr'>jtlS.</span> <span class='ocrx_word' id='word_1_16' title='bbox 462 705 521 731; x_wconf 78' lang='lat'>150.</span> <span class='ocrx_word' id='word_1_17' title='bbox 535 702 588 733; x_wconf 82' lang='lat' dir='ltr'>leq.</span> <span class='ocrx_word' id='word_1_18' title='bbox 614 702 663 730; x_wconf 80' lang='lat'>163</span> 
     </span>
     <span class='ocr_line' id='line_1_9' title="bbox 92 736 663 777; baseline -0.014 -8"><span class='ocrx_word' id='word_1_19' title='bbox 92 741 173 769; x_wconf 65' lang='lat' dir='ltr'>Astiu</span> <span class='ocrx_word' id='word_1_20' title='bbox 190 738 282 773; x_wconf 74' lang='lat' dir='ltr'>quid?</span> <span class='ocrx_word' id='word_1_21' title='bbox 306 736 429 772; x_wconf 61' lang='lat' dir='ltr'>12Lscq.</span> <span class='ocrx_word' id='word_1_22' title='bbox 450 742 549 768; x_wconf 75' lang='lat' dir='ltr'>mixta,</span> <span class='ocrx_word' id='word_1_23' title='bbox 571 744 663 777; x_wconf 39' lang='lat' dir='ltr'>neq-ue</span> 
     </span>
     <span class='ocr_line' id='line_1_10' title="bbox 131 772 661 816; baseline -0.008 -13"><span class='ocrx_word' id='word_1_24' title='bbox 131 780 159 806; x_wconf 85' lang='lat' dir='ltr'>in</span> <span class='ocrx_word' id='word_1_25' title='bbox 177 785 252 810; x_wconf 83' lang='lat' dir='ltr'>rem,</span> <span class='ocrx_word' id='word_1_26' title='bbox 276 783 366 812; x_wconf 71' lang='lat' dir='ltr'>neque</span> <span class='ocrx_word' id='word_1_27' title='bbox 388 775 413 801; x_wconf 90' lang='lat' dir='ltr'>in</span> <span class='ocrx_word' id='word_1_28' title='bbox 431 772 594 809; x_wconf 78' lang='lat' dir='ltr'>personam,</span> <span class='ocrx_word' id='word_1_29' title='bbox 617 773 661 816; x_wconf 58' lang='lat' dir='ltr'>lid</span> 
     </span>
     <span class='ocr_line' id='line_1_11' title="bbox 130 811 661 850; baseline -0.011 -7"><span class='ocrx_word' id='word_1_30' title='bbox 130 824 164 843; x_wconf 86' lang='lat' dir='ltr'>ex</span> <span class='ocrx_word' id='word_1_31' title='bbox 184 821 300 850; x_wconf 82' lang='lat' dir='ltr'>utraque</span> <span class='ocrx_word' id='word_1_32' title='bbox 319 819 456 841; x_wconf 86' lang='lat' dir='ltr'>mutuans.</span> <span class='ocrx_word' id='word_1_33' title='bbox 477 819 537 839; x_wconf 82' lang='lat'>122.</span> <span class='ocrx_word' id='word_1_34' title='bbox 578 811 661 838; x_wconf 78' lang='lat' dir='ltr'>vendi</span> 
     </span>
     <span class='ocr_line' id='line_1_12' title="bbox 131 849 661 892; baseline -0.006 -13"><span class='ocrx_word' id='word_1_35' title='bbox 131 851 232 888; x_wconf 76' lang='lat' dir='ltr'>pottst.</span> <span class='ocrx_word' id='word_1_36' title='bbox 527 855 587 892; x_wconf 36' lang='lat'>31&#39;7.</span> <span class='ocrx_word' id='word_1_37' title='bbox 605 849 661 885; x_wconf 90' lang='lat' dir='ltr'>seq.</span> 
     </span>
     <span class='ocr_line' id='line_1_13' title="bbox 92 887 661 930; baseline -0.009 -12"><span class='ocrx_word' id='word_1_38' title='bbox 92 889 218 919; x_wconf 65' lang='lat' dir='ltr'>Aetionis</span> <span class='ocrx_word' id='word_1_39' title='bbox 236 890 262 917; x_wconf 85' lang='lat' dir='ltr'>in</span> <span class='ocrx_word' id='word_1_40' title='bbox 277 897 332 917; x_wconf 90' lang='lat' dir='ltr'>rem</span> <span class='ocrx_word' id='word_1_41' title='bbox 347 887 474 916; x_wconf 85' lang='lat' dir='ltr'>formula.</span> <span class='ocrx_word' id='word_1_42' title='bbox 496 895 537 922; x_wconf 83' lang='lat'>51.</span> <span class='ocrx_word' id='word_1_43' title='bbox 561 895 587 914; x_wconf 89' lang='lat' dir='ltr'>m</span> <span class='ocrx_word' id='word_1_44' title='bbox 602 895 661 930; x_wconf 75' lang='lat' dir='ltr'>per-</span> 
     </span>
     <span class='ocr_line' id='line_1_14' title="bbox 132 925 659 955; baseline -0.006 0"><span class='ocrx_word' id='word_1_45' title='bbox 132 927 225 955; x_wconf 85' lang='lat' dir='ltr'>sonam</span> <span class='ocrx_word' id='word_1_46' title='bbox 242 926 370 954; x_wconf 83' lang='lat' dir='ltr'>formula.</span> <span class='ocrx_word' id='word_1_47' title='bbox 389 926 452 954; x_wconf 84' lang='lat' dir='ltr'>ibid.</span> <span class='ocrx_word' id='word_1_48' title='bbox 473 925 585 953; x_wconf 75' lang='lat' dir='ltr'>actionis</span> <span class='ocrx_word' id='word_1_49' title='bbox 604 926 659 952; x_wconf 80' lang='lat' dir='ltr'>edi-</span> 
     </span>
     <span class='ocr_line' id='line_1_15' title="bbox 132 963 662 1000; baseline -0.006 -8"><span class='ocrx_word' id='word_1_50' title='bbox 132 966 192 999; x_wconf 88' lang='lat' dir='ltr'>tio,</span> <span class='ocrx_word' id='word_1_51' title='bbox 212 964 275 992; x_wconf 80' lang='lat' dir='ltr'>vide</span> <span class='ocrx_word' id='word_1_52' title='bbox 293 964 388 992; x_wconf 79' lang='lat' dir='ltr'>Editio.</span> <span class='ocrx_word' id='word_1_53' title='bbox 410 963 525 1000; x_wconf 86' lang='lat' dir='ltr'>poffitne</span> <span class='ocrx_word' id='word_1_54' title='bbox 541 963 618 990; x_wconf 74' lang='lat' dir='ltr'>semel</span> <span class='ocrx_word' id='word_1_55' title='bbox 635 972 662 989; x_wconf 81' lang='lat' dir='ltr'>e-</span> 
     </span>
     <span class='ocr_line' id='line_1_16' title="bbox 132 1000 661 1043; baseline -0.006 -13"><span class='ocrx_word' id='word_1_56' title='bbox 132 1003 186 1030; x_wconf 85' lang='lat' dir='ltr'>dita</span> <span class='ocrx_word' id='word_1_57' title='bbox 204 1003 344 1030; x_wconf 81' lang='lat' dir='ltr'>emendari</span> <span class='ocrx_word' id='word_1_58' title='bbox 358 1008 403 1029; x_wconf 88' lang='lat' dir='ltr'>aut</span> <span class='ocrx_word' id='word_1_59' title='bbox 423 1003 529 1029; x_wconf 78' lang='lat' dir='ltr'>mutari.</span> <span class='ocrx_word' id='word_1_60' title='bbox 552 1000 661 1043; x_wconf 78' lang='lat' dir='ltr'>53.seq.</span> 
     </span>
     <span class='ocr_line' id='line_1_17' title="bbox 93 1037 660 1074; baseline -0.009 -4"><span class='ocrx_word' id='word_1_61' title='bbox 93 1041 239 1070; x_wconf 69' lang='lat' dir='ltr'>Afflonern</span> <span class='ocrx_word' id='word_1_62' title='bbox 272 1040 375 1067; x_wconf 82' lang='lat' dir='ltr'>habere</span> <span class='ocrx_word' id='word_1_63' title='bbox 404 1037 551 1074; x_wconf 83' lang='lat' dir='ltr'>aliquando</span> <span class='ocrx_word' id='word_1_64' title='bbox 579 1047 660 1074; x_wconf 74' lang='lat' dir='ltr'>requi-</span> 
     </span>
     <span class='ocr_line' id='line_1_18' title="bbox 133 1075 659 1114; baseline -0.002 -10"><span class='ocrx_word' id='word_1_65' title='bbox 133 1087 170 1114; x_wconf 70' lang='grc' dir='ltr'>ρο</span> <span class='ocrx_word' id='word_1_66' title='bbox 185 1079 220 1105; x_wconf 84' lang='lat' dir='ltr'>let</span> <span class='ocrx_word' id='word_1_67' title='bbox 237 1075 274 1111; x_wconf 44' lang='lat' dir='ltr'>‘nai&#39;</span> <span class='ocrx_word' id='word_1_68' title='bbox 288 1086 343 1106; x_wconf 87' lang='lat' dir='ltr'>rem</span> <span class='ocrx_word' id='word_1_69' title='bbox 359 1077 439 1113; x_wconf 82' lang='lat' dir='ltr'>ipsam</span> <span class='ocrx_word' id='word_1_70' title='bbox 455 1077 565 1105; x_wconf 81' lang='lat' dir='ltr'>habere.</span> <span class='ocrx_word' id='word_1_71' title='bbox 607 1085 659 1110; x_wconf 77' lang='lat'>142</span> 
     </span>
     <span class='ocr_line' id='line_1_19' title="bbox 91 1114 657 1156; baseline -0.007 -11"><span class='ocrx_word' id='word_1_72' title='bbox 91 1117 176 1145; x_wconf 69' lang='grc' dir='ltr'>Λξῑοι-</span> <span class='ocrx_word' id='word_1_73' title='bbox 189 1115 284 1151; x_wconf 80' lang='lat' dir='ltr'>pupilli</span> <span class='ocrx_word' id='word_1_74' title='bbox 302 1114 363 1151; x_wconf 88' lang='lat' dir='ltr'>quis</span> <span class='ocrx_word' id='word_1_75' title='bbox 379 1114 418 1143; x_wconf 84' lang='lat' dir='ltr'>fit.</span> <span class='ocrx_word' id='word_1_76' title='bbox 605 1121 657 1156; x_wconf 69' lang='lat'>438</span> 
     </span>
     <span class='ocr_line' id='line_1_20' title="bbox 91 1151 659 1187; baseline -0.009 -4"><span class='ocrx_word' id='word_1_77' title='bbox 91 1155 175 1183; x_wconf 69' lang='lat' dir='ltr'>Atrox</span> <span class='ocrx_word' id='word_1_78' title='bbox 193 1152 382 1180; x_wconf 82' lang='lat' dir='ltr'>Univeriitatis</span> <span class='ocrx_word' id='word_1_79' title='bbox 399 1151 469 1187; x_wconf 81' lang='lat' dir='ltr'>quis·</span> <span class='ocrx_word' id='word_1_80' title='bbox 551 1158 592 1186; x_wconf 81' lang='lat'>73.</span> <span class='ocrx_word' id='word_1_81' title='bbox 604 1155 659 1187; x_wconf 82' lang='lat' dir='ltr'>leq.</span> 
     </span>
     <span class='ocr_line' id='line_1_21' title="bbox 91 1190 660 1233; baseline -0.011 -12"><span class='ocrx_word' id='word_1_82' title='bbox 91 1192 177 1221; x_wconf 65' lang='lat' dir='ltr'>neor</span> <span class='ocrx_word' id='word_1_83' title='bbox 205 1190 302 1218; x_wconf 82' lang='lat' dir='ltr'>volens</span> <span class='ocrx_word' id='word_1_84' title='bbox 324 1196 428 1219; x_wconf 85' lang='lat' dir='ltr'>tantum</span> <span class='ocrx_word' id='word_1_85' title='bbox 449 1190 495 1218; x_wconf 83' lang='lat' dir='ltr'>eit.</span> <span class='ocrx_word' id='word_1_86' title='bbox 514 1194 574 1219; x_wconf 89' lang='lat'><strong>116.</strong></span> <span class='ocrx_word' id='word_1_87' title='bbox 598 1197 660 1233; x_wconf 32' lang='lat' dir='ltr'>&#39;ex-</span> 
     </span>
     <span class='ocr_line' id='line_1_22' title="bbox 126 1227 656 1269; baseline -0.004 -12"><span class='ocrx_word' id='word_1_88' title='bbox 126 1228 280 1264; x_wconf 80' lang='lat' dir='ltr'>ceptiones.</span> <span class='ocrx_word' id='word_1_89' title='bbox 593 1227 656 1269; x_wconf 77' lang='lat' dir='ltr'>ibid.</span> 
     </span>
     <span class='ocr_line' id='line_1_23' title="bbox 87 1265 656 1302; baseline -0.007 -7"><span class='ocrx_word' id='word_1_90' title='bbox 87 1268 120 1295; x_wconf 82' lang='lat' dir='ltr'>ln</span> <span class='ocrx_word' id='word_1_91' title='bbox 135 1267 207 1295; x_wconf 77' lang='lat' dir='ltr'>diem</span> <span class='ocrx_word' id='word_1_92' title='bbox 234 1265 352 1294; x_wconf 61' lang='lat' dir='ltr'>Addiaio</span> <span class='ocrx_word' id='word_1_93' title='bbox 367 1265 442 1301; x_wconf 86' lang='lat' dir='ltr'>quid.</span> <span class='ocrx_word' id='word_1_94' title='bbox 461 1273 521 1299; x_wconf 83' lang='lat'>310.</span> <span class='ocrx_word' id='word_1_95' title='bbox 535 1265 590 1302; x_wconf 76' lang='lat' dir='ltr'>seq.</span> <span class='ocrx_word' id='word_1_96' title='bbox 617 1266 656 1291; x_wconf 85' lang='lat' dir='ltr'>dr-</span> 
     </span>
     <span class='ocr_line' id='line_1_24' title="bbox 129 1302 654 1338; baseline -0.006 -6"><span class='ocrx_word' id='word_1_97' title='bbox 129 1303 198 1333; x_wconf 80' lang='lat' dir='ltr'>vetii</span> <span class='ocrx_word' id='word_1_98' title='bbox 212 1304 268 1338; x_wconf 87' lang='lat' dir='ltr'>ejus</span> <span class='ocrx_word' id='word_1_99' title='bbox 291 1304 419 1335; x_wconf 57' lang='lat' dir='ltr'>eftectus,</span> <span class='ocrx_word' id='word_1_100' title='bbox 442 1304 486 1331; x_wconf 72' lang='lat' dir='ltr'>uui</span> <span class='ocrx_word' id='word_1_101' title='bbox 503 1305 588 1331; x_wconf 81' lang='lat' dir='ltr'>ernlio</span> <span class='ocrx_word' id='word_1_102' title='bbox 607 1302 654 1329; x_wconf 85' lang='lat' dir='ltr'>sub</span> 
     </span>
     <span class='ocr_line' id='line_1_25' title="bbox 127 1340 654 1404; baseline -0.006 -34"><span class='ocrx_word' id='word_1_103' title='bbox 127 1341 305 1376; x_wconf 71' lang='lat' dir='ltr'>conditione,</span> <span class='ocrx_word' id='word_1_104' title='bbox 334 1341 359 1368; x_wconf 69' lang='grc' dir='ltr'>ὅ(</span> <span class='ocrx_word' id='word_1_105' title='bbox 378 1341 422 1368; x_wconf 84' lang='lat' dir='ltr'>ubi</span> <span class='ocrx_word' id='word_1_106' title='bbox 438 1349 506 1376; x_wconf 85' lang='lat' dir='ltr'>pure</span> <span class='ocrx_word' id='word_1_107' title='bbox 521 1340 560 1368; x_wconf 88' lang='lat' dir='ltr'>est</span> <span class='ocrx_word' id='word_1_108' title='bbox 576 1341 654 1404; x_wconf 53' lang='lat' dir='ltr'>fagi-cal.</span> 
     </span>
    </p>

    <p class='ocr_par' dir='ltr' id='par_1_7' title="bbox 591 1387 653 1406">
     <span class='ocr_line' id='line_1_26' title="bbox 591 1387 653 1406; baseline -0.032 0"><span class='ocrx_word' id='word_1_109' title='bbox 591 1388 600 1406; x_wconf 81' lang='lat' dir='ltr'>i</span> <span class='ocrx_word' id='word_1_110' title='bbox 620 1387 627 1404; x_wconf 83' lang='lat' dir='ltr'>z</span> <span class='ocrx_word' id='word_1_111' title='bbox 647 1399 653 1405; x_wconf 87' lang='lat'>.</span> 
     </span>
    </p>

    <p class='ocr_par' dir='ltr' id='par_1_8' title="bbox 81 1416 656 1715">
     <span class='ocr_line' id='line_1_27' title="bbox 84 1416 656 1458; baseline -0.005 -13"><span class='ocrx_word' id='word_1_112' title='bbox 84 1417 210 1446; x_wconf 68' lang='lat' dir='ltr'>Adiit-ere</span> <span class='ocrx_word' id='word_1_113' title='bbox 224 1416 298 1454; x_wconf 89' lang='lat' dir='ltr'>quid.</span> <span class='ocrx_word' id='word_1_114' title='bbox 502 1453 507 1458; x_wconf 33' lang='grc' dir='ltr'>ι</span> <span class='ocrx_word' id='word_1_115' title='bbox 601 1423 656 1449; x_wconf 79' lang='lat'>310</span> 
     </span>
     <span class='ocr_line' id='line_1_28' title="bbox 81 1452 654 1491; baseline -0.003 -8"><span class='ocrx_word' id='word_1_116' title='bbox 81 1456 209 1491; x_wconf 78' lang='lat' dir='ltr'>Adoptio</span> <span class='ocrx_word' id='word_1_117' title='bbox 226 1455 297 1482; x_wconf 81' lang='lat' dir='ltr'>unde</span> <span class='ocrx_word' id='word_1_118' title='bbox 313 1453 433 1483; x_wconf 86' lang='lat' dir='ltr'>dicatur.</span> <span class='ocrx_word' id='word_1_119' title='bbox 460 1452 529 1488; x_wconf 82' lang='lat' dir='ltr'>quid</span> <span class='ocrx_word' id='word_1_120' title='bbox 552 1452 591 1481; x_wconf 81' lang='lat' dir='ltr'>fit.</span> <span class='ocrx_word' id='word_1_121' title='bbox 610 1461 654 1481; x_wconf 85' lang='lat'>22.</span> 
     </span>
     <span class='ocr_line' id='line_1_29' title="bbox 120 1491 653 1526; baseline -0.004 -6"><span class='ocrx_word' id='word_1_122' title='bbox 120 1499 244 1520; x_wconf 85' lang='lat' dir='ltr'>naturam</span> <span class='ocrx_word' id='word_1_123' title='bbox 261 1492 390 1519; x_wconf 78' lang='lat' dir='ltr'>imitatur.</span> <span class='ocrx_word' id='word_1_124' title='bbox 412 1491 473 1518; x_wconf 85' lang='lat' dir='ltr'>ibid.</span> <span class='ocrx_word' id='word_1_125' title='bbox 497 1492 653 1526; x_wconf 80' lang='lat' dir='ltr'>quotuplex</span> 
     </span>
     <span class='ocr_line' id='line_1_30' title="bbox 123 1528 647 1564; baseline -0.004 -7"><span class='ocrx_word' id='word_1_126' title='bbox 123 1530 220 1563; x_wconf 79' lang='lat' dir='ltr'>s1t.23.</span> <span class='ocrx_word' id='word_1_127' title='bbox 241 1529 356 1564; x_wconf 75' lang='lat' dir='ltr'>adoptio</span> <span class='ocrx_word' id='word_1_128' title='bbox 378 1529 403 1554; x_wconf 91' lang='lat' dir='ltr'>in</span> <span class='ocrx_word' id='word_1_129' title='bbox 419 1528 506 1562; x_wconf 80' lang='lat' dir='ltr'>specie</span> <span class='ocrx_word' id='word_1_130' title='bbox 519 1528 585 1563; x_wconf 83' lang='lat' dir='ltr'>quid</span> <span class='ocrx_word' id='word_1_131' title='bbox 595 1529 647 1561; x_wconf 80' lang='lat' dir='ltr'>est,</span> 
     </span>
     <span class='ocr_line' id='line_1_31' title="bbox 121 1565 653 1602; baseline -0.004 -8"><span class='ocrx_word' id='word_1_132' title='bbox 121 1568 146 1593; x_wconf 60' lang='grc' dir='ltr'><strong>ἃ</strong></span> <span class='ocrx_word' id='word_1_133' title='bbox 162 1567 308 1602; x_wconf 84' lang='lat' dir='ltr'>quomodo</span> <span class='ocrx_word' id='word_1_134' title='bbox 322 1567 374 1594; x_wconf 85' lang='lat' dir='ltr'>fiat.</span> <span class='ocrx_word' id='word_1_135' title='bbox 392 1567 452 1593; x_wconf 84' lang='lat' dir='ltr'>ibid.</span> <span class='ocrx_word' id='word_1_136' title='bbox 468 1573 511 1599; x_wconf 70' lang='lat'>24.</span> <span class='ocrx_word' id='word_1_137' title='bbox 539 1565 653 1602; x_wconf 82' lang='lat' dir='ltr'>adroga-</span> 
     </span>
     <span class='ocr_line' id='line_1_32' title="bbox 121 1603 652 1640; baseline -0.004 -8"><span class='ocrx_word' id='word_1_138' title='bbox 121 1605 161 1632; x_wconf 90' lang='lat' dir='ltr'>tio</span> <span class='ocrx_word' id='word_1_139' title='bbox 177 1603 244 1640; x_wconf 81' lang='lat' dir='ltr'>quid</span> <span class='ocrx_word' id='word_1_140' title='bbox 258 1604 303 1637; x_wconf 81' lang='lat' dir='ltr'>fit,</span> <span class='ocrx_word' id='word_1_141' title='bbox 326 1603 350 1631; x_wconf 89' lang='lat'>&amp;</span> <span class='ocrx_word' id='word_1_142' title='bbox 371 1603 518 1638; x_wconf 83' lang='lat' dir='ltr'>quomodo</span> <span class='ocrx_word' id='word_1_143' title='bbox 541 1612 652 1639; x_wconf 77' lang='lat' dir='ltr'>peraga-</span> 
     </span>
     <span class='ocr_line' id='line_1_33' title="bbox 120 1641 651 1676; baseline -0.002 -7"><span class='ocrx_word' id='word_1_144' title='bbox 120 1650 173 1670; x_wconf 87' lang='lat' dir='ltr'>tur.</span> <span class='ocrx_word' id='word_1_145' title='bbox 190 1641 249 1669; x_wconf 75' lang='lat' dir='ltr'>iiid.</span> <span class='ocrx_word' id='word_1_146' title='bbox 267 1649 309 1676; x_wconf 81' lang='lat'>25.</span> <span class='ocrx_word' id='word_1_147' title='bbox 333 1649 365 1668; x_wconf 82' lang='lat' dir='ltr'>an</span> <span class='ocrx_word' id='word_1_148' title='bbox 380 1647 470 1673; x_wconf 83' lang='lat' dir='ltr'>tutor,</span> <span class='ocrx_word' id='word_1_149' title='bbox 492 1650 523 1668; x_wconf 83' lang='lat' dir='ltr'>an</span> <span class='ocrx_word' id='word_1_150' title='bbox 539 1648 651 1668; x_wconf 81' lang='lat' dir='ltr'>curator</span> 
     </span>
     <span class='ocr_line' id='line_1_34' title="bbox 119 1677 649 1715; baseline -0.004 -8"><span class='ocrx_word' id='word_1_151' title='bbox 119 1681 252 1715; x_wconf 74' lang='lat' dir='ltr'>adrogare</span> <span class='ocrx_word' id='word_1_152' title='bbox 267 1685 378 1715; x_wconf 86' lang='lat' dir='ltr'>queant.</span> <span class='ocrx_word' id='word_1_153' title='bbox 400 1679 461 1706; x_wconf 83' lang='lat' dir='ltr'>ibid.</span> <span class='ocrx_word' id='word_1_154' title='bbox 503 1677 649 1714; x_wconf 89' lang='lat' dir='ltr'>quomodo</span> 
     </span>
    </p>
   </div>
   <div class='ocr_carea' id='block_1_7' title="bbox 76 1715 648 1821">
    <p class='ocr_par' dir='ltr' id='par_1_9' title="bbox 76 1715 648 1821">
     <span class='ocr_line' id='line_1_35' title="bbox 115 1715 648 1753; baseline -0.002 -9"><span class='ocrx_word' id='word_1_155' title='bbox 115 1718 237 1753; x_wconf 74' lang='lat' dir='ltr'>pupillus</span> <span class='ocrx_word' id='word_1_156' title='bbox 259 1717 385 1753; x_wconf 72' lang='lat' dir='ltr'>adrogari</span> <span class='ocrx_word' id='word_1_157' title='bbox 401 1723 493 1752; x_wconf 82' lang='lat' dir='ltr'>queat.</span> <span class='ocrx_word' id='word_1_158' title='bbox 585 1715 648 1744; x_wconf 81' lang='lat' dir='ltr'>ibid.</span> 
     </span>
     <span class='ocr_line' id='line_1_36' title="bbox 76 1755 646 1796; baseline 0.011 -14"><span class='ocrx_word' id='word_1_159' title='bbox 76 1755 213 1784; x_wconf 70' lang='lat' dir='ltr'>Atltclsor.</span> <span class='ocrx_word' id='word_1_160' title='bbox 594 1791 598 1796; x_wconf 56' lang='grc'>,</span> <span class='ocrx_word' id='word_1_161' title='bbox 613 1761 646 1788; x_wconf 83' lang='grc'>37</span> 
     </span>
     <span class='ocr_line' id='line_1_37' title="bbox 76 1791 648 1821; baseline -0.005 0"><span class='ocrx_word' id='word_1_162' title='bbox 76 1793 205 1821; x_wconf 62' lang='lat' dir='ltr'>AEdrricia</span> <span class='ocrx_word' id='word_1_163' title='bbox 221 1792 287 1821; x_wconf 87' lang='lat' dir='ltr'>olim</span> <span class='ocrx_word' id='word_1_164' title='bbox 304 1793 330 1820; x_wconf 90' lang='lat' dir='ltr'>in</span> <span class='ocrx_word' id='word_1_165' title='bbox 349 1791 425 1820; x_wconf 67' lang='lat' dir='ltr'>testis</span> <span class='ocrx_word' id='word_1_166' title='bbox 447 1791 528 1821; x_wconf 87' lang='lat' dir='ltr'>etiam</span> <span class='ocrx_word' id='word_1_167' title='bbox 548 1791 648 1821; x_wconf 75' lang='lat' dir='ltr'>vinda-</span> 
     </span>
    </p>
   </div>
   <div class='ocr_carea' id='block_1_8' title="bbox 65 1831 650 3363">
    <p class='ocr_par' dir='ltr' id='par_1_10' title="bbox 74 1831 647 1979">
     <span class='ocr_line' id='line_1_38' title="bbox 113 1831 646 1871; baseline 0.002 -14"><span class='ocrx_word' id='word_1_168' title='bbox 113 1839 150 1857; x_wconf 84' lang='lat' dir='ltr'>rra</span> <span class='ocrx_word' id='word_1_169' title='bbox 167 1831 341 1859; x_wconf 78' lang='lat' dir='ltr'>sustinebant.</span> <span class='ocrx_word' id='word_1_170' title='bbox 595 1833 646 1871; x_wconf 46' lang='lat'>{65</span> 
     </span>
     <span class='ocr_line' id='line_1_39' title="bbox 74 1866 647 1902; baseline -0.003 -6"><span class='ocrx_word' id='word_1_171' title='bbox 74 1867 232 1896; x_wconf 61' lang='lat' dir='ltr'>AEdilitium</span> <span class='ocrx_word' id='word_1_172' title='bbox 248 1868 384 1896; x_wconf 69' lang='lat' dir='ltr'>Edic‘tum.</span> <span class='ocrx_word' id='word_1_173' title='bbox 400 1875 461 1902; x_wconf 78' lang='lat'>352.</span> <span class='ocrx_word' id='word_1_174' title='bbox 491 1866 568 1895; x_wconf 80' lang='lat' dir='ltr'>causa</span> <span class='ocrx_word' id='word_1_175' title='bbox 588 1875 647 1901; x_wconf 74' lang='lat' dir='ltr'>ejus</span> 
     </span>
     <span class='ocr_line' id='line_1_40' title="bbox 79 1905 646 1943; baseline -0.002 -10"><span class='ocrx_word' id='word_1_176' title='bbox 79 1908 85 1913; x_wconf 88' lang='lat'>&#39;</span> <span class='ocrx_word' id='word_1_177' title='bbox 112 1905 299 1942; x_wconf 81' lang='lat' dir='ltr'>proponendi.</span> <span class='ocrx_word' id='word_1_178' title='bbox 315 1906 377 1933; x_wconf 89' lang='lat' dir='ltr'>ibid.</span> <span class='ocrx_word' id='word_1_179' title='bbox 398 1906 487 1943; x_wconf 88' lang='lat' dir='ltr'>primo</span> <span class='ocrx_word' id='word_1_180' title='bbox 502 1905 592 1941; x_wconf 85' lang='lat' dir='ltr'>capite</span> <span class='ocrx_word' id='word_1_181' title='bbox 608 1905 646 1932; x_wconf 79' lang='lat' dir='ltr'>eu</span> 
     </span>
     <span class='ocr_line' id='line_1_41' title="bbox 78 1943 645 1979; baseline 0 -9"><span class='ocrx_word' id='word_1_182' title='bbox 78 1944 82 1947; x_wconf 85' lang='grc'><strong>’</strong></span> <span class='ocrx_word' id='word_1_183' title='bbox 113 1944 236 1971; x_wconf 83' lang='lat' dir='ltr'>locutum</span> <span class='ocrx_word' id='word_1_184' title='bbox 260 1944 294 1971; x_wconf 87' lang='lat' dir='ltr'>de</span> <span class='ocrx_word' id='word_1_185' title='bbox 315 1944 457 1978; x_wconf 82' lang='lat' dir='ltr'>manc1piis</span> <span class='ocrx_word' id='word_1_186' title='bbox 475 1964 483 1976; x_wconf 89' lang='lat'>‚</span> <span class='ocrx_word' id='word_1_187' title='bbox 513 1943 645 1979; x_wconf 85' lang='lat' dir='ltr'>sequente</span> 
     </span>
    </p>

    <p class='ocr_par' dir='ltr' id='par_1_11' title="bbox 78 1980 646 2092">
     <span class='ocr_line' id='line_1_42' title="bbox 112 1980 646 2019; baseline -0.004 -10"><span class='ocrx_word' id='word_1_188' title='bbox 112 1980 148 2009; x_wconf 89' lang='lat' dir='ltr'>de</span> <span class='ocrx_word' id='word_1_189' title='bbox 158 1981 301 2015; x_wconf 81' lang='lat' dir='ltr'>jumentis.</span> <span class='ocrx_word' id='word_1_190' title='bbox 318 1982 378 2010; x_wconf 83' lang='lat' dir='ltr'>ibid.</span> <span class='ocrx_word' id='word_1_191' title='bbox 400 1988 426 2009; x_wconf 87' lang='lat' dir='ltr'>at</span> <span class='ocrx_word' id='word_1_192' title='bbox 441 1981 501 2019; x_wconf 79' lang='lat' dir='ltr'>JCti</span> <span class='ocrx_word' id='word_1_193' title='bbox 516 1982 646 2008; x_wconf 84' lang='lat' dir='ltr'>extende-</span> 
     </span>
     <span class='ocr_line' id='line_1_43' title="bbox 79 2017 645 2047; baseline -0.002 -1"><span class='ocrx_word' id='word_1_194' title='bbox 79 2018 82 2024; x_wconf 62' lang='lat'>*</span> <span class='ocrx_word' id='word_1_195' title='bbox 110 2025 176 2046; x_wconf 73' lang='lat' dir='ltr'>runt</span> <span class='ocrx_word' id='word_1_196' title='bbox 190 2018 223 2046; x_wconf 88' lang='lat' dir='ltr'>ad</span> <span class='ocrx_word' id='word_1_197' title='bbox 237 2028 279 2047; x_wconf 91' lang='lat' dir='ltr'>res</span> <span class='ocrx_word' id='word_1_198' title='bbox 294 2027 393 2047; x_wconf 88' lang='lat' dir='ltr'>omnes</span> <span class='ocrx_word' id='word_1_199' title='bbox 406 2019 480 2047; x_wconf 84' lang='lat' dir='ltr'>alias.</span> <span class='ocrx_word' id='word_1_200' title='bbox 494 2018 554 2046; x_wconf 87' lang='lat' dir='ltr'>ibid.</span> <span class='ocrx_word' id='word_1_201' title='bbox 577 2017 602 2045; x_wconf 65' lang='grc' dir='ltr'>ὅ(</span> <span class='ocrx_word' id='word_1_202' title='bbox 612 2017 645 2046; x_wconf 87' lang='lat' dir='ltr'>ad</span> 
     </span>
     <span class='ocr_line' id='line_1_44' title="bbox 78 2055 646 2092; baseline 0 -9"><span class='ocrx_word' id='word_1_203' title='bbox 78 2058 81 2061; x_wconf 87' lang='grc'><strong>“</strong></span> <span class='ocrx_word' id='word_1_204' title='bbox 111 2056 332 2091; x_wconf 77' lang='lat' dir='ltr'>permutationes</span> <span class='ocrx_word' id='word_1_205' title='bbox 348 2064 410 2092; x_wconf 81' lang='lat'>353.</span> <span class='ocrx_word' id='word_1_206' title='bbox 441 2064 497 2085; x_wconf 88' lang='lat' dir='ltr'>non</span> <span class='ocrx_word' id='word_1_207' title='bbox 520 2055 552 2083; x_wconf 81' lang='lat' dir='ltr'>ad</span> <span class='ocrx_word' id='word_1_208' title='bbox 574 2056 646 2083; x_wconf 83' lang='lat' dir='ltr'>loca-</span> 
     </span>
    </p>

    <p class='ocr_par' dir='ltr' id='par_1_12' title="bbox 111 2094 645 2205">
     <span class='ocr_line' id='line_1_45' title="bbox 111 2094 644 2123; baseline 0 -3"><span class='ocrx_word' id='word_1_209' title='bbox 111 2095 213 2122; x_wconf 81' lang='lat' dir='ltr'>tiones.</span> <span class='ocrx_word' id='word_1_210' title='bbox 231 2095 291 2122; x_wconf 82' lang='lat' dir='ltr'>ibid.</span> <span class='ocrx_word' id='word_1_211' title='bbox 333 2103 390 2123; x_wconf 89' lang='lat' dir='ltr'>non</span> <span class='ocrx_word' id='word_1_212' title='bbox 414 2094 446 2121; x_wconf 87' lang='lat' dir='ltr'>ad</span> <span class='ocrx_word' id='word_1_213' title='bbox 468 2094 644 2122; x_wconf 81' lang='lat' dir='ltr'>donationes.</span> 
     </span>
     <span class='ocr_line' id='line_1_46' title="bbox 111 2131 643 2160; baseline 0 -2"><span class='ocrx_word' id='word_1_214' title='bbox 111 2131 175 2160; x_wconf 81' lang='lat' dir='ltr'>ibid.</span> <span class='ocrx_word' id='word_1_215' title='bbox 215 2139 271 2160; x_wconf 89' lang='lat' dir='ltr'>non</span> <span class='ocrx_word' id='word_1_216' title='bbox 287 2133 320 2160; x_wconf 84' lang='lat' dir='ltr'>ad</span> <span class='ocrx_word' id='word_1_217' title='bbox 335 2131 512 2160; x_wconf 66' lang='lat' dir='ltr'>venditiones</span> <span class='ocrx_word' id='word_1_218' title='bbox 534 2131 643 2159; x_wconf 83' lang='lat' dir='ltr'>fiscales.</span> 
     </span>
     <span class='ocr_line' id='line_1_47' title="bbox 112 2168 645 2205; baseline -0.004 -8"><span class='ocrx_word' id='word_1_219' title='bbox 112 2170 174 2197; x_wconf 85' lang='lat' dir='ltr'>ibid.</span> <span class='ocrx_word' id='word_1_220' title='bbox 215 2168 285 2205; x_wconf 82' lang='lat' dir='ltr'>(quo</span> <span class='ocrx_word' id='word_1_221' title='bbox 302 2179 359 2198; x_wconf 90' lang='lat' dir='ltr'>non</span> <span class='ocrx_word' id='word_1_222' title='bbox 382 2171 501 2204; x_wconf 76' lang='lat' dir='ltr'>pertinet</span> <span class='ocrx_word' id='word_1_223' title='bbox 519 2168 645 2196; x_wconf 87' lang='lat' dir='ltr'>venditio</span> 
     </span>
    </p>

    <p class='ocr_par' dir='ltr' id='par_1_13' title="bbox 112 2206 645 2244">
     <span class='ocr_line' id='line_1_48' title="bbox 112 2206 645 2244; baseline -0.004 -9"><span class='ocrx_word' id='word_1_224' title='bbox 112 2214 127 2235; x_wconf 81' lang='lat' dir='ltr'>a</span> <span class='ocrx_word' id='word_1_225' title='bbox 150 2208 291 2244; x_wconf 73' lang='lat' dir='ltr'>republica</span> <span class='ocrx_word' id='word_1_226' title='bbox 310 2208 451 2243; x_wconf 86' lang='lat' dir='ltr'>municipii</span> <span class='ocrx_word' id='word_1_227' title='bbox 473 2207 549 2234; x_wconf 66' lang='lat' dir='ltr'>satta.</span> <span class='ocrx_word' id='word_1_228' title='bbox 570 2206 645 2242; x_wconf 81' lang='lat' dir='ltr'>ibid.)</span> 
     </span>
    </p>

    <p class='ocr_par' dir='ltr' id='par_1_14' title="bbox 112 2244 648 2287">
     <span class='ocr_line' id='line_1_49' title="bbox 112 2244 648 2287; baseline -0.004 -14"><span class='ocrx_word' id='word_1_229' title='bbox 112 2253 170 2273; x_wconf 85' lang='lat' dir='ltr'>non</span> <span class='ocrx_word' id='word_1_230' title='bbox 204 2244 237 2272; x_wconf 81' lang='lat' dir='ltr'>ad</span> <span class='ocrx_word' id='word_1_231' title='bbox 261 2245 427 2282; x_wconf 86' lang='lat' dir='ltr'>simpularias</span> <span class='ocrx_word' id='word_1_232' title='bbox 459 2244 648 2287; x_wconf 58' lang='lat' dir='ltr'>venditiones.</span> 
     </span>
    </p>

    <p class='ocr_par' dir='ltr' id='par_1_15' title="bbox 78 2282 650 2537">
     <span class='ocr_line' id='line_1_50' title="bbox 113 2282 649 2318; baseline -0.004 -7"><span class='ocrx_word' id='word_1_233' title='bbox 113 2282 175 2311; x_wconf 81' lang='lat' dir='ltr'>ibid.</span> <span class='ocrx_word' id='word_1_234' title='bbox 216 2282 306 2310; x_wconf 81' lang='lat' dir='ltr'>Causae</span> <span class='ocrx_word' id='word_1_235' title='bbox 322 2291 355 2310; x_wconf 85' lang='lat' dir='ltr'>ex</span> <span class='ocrx_word' id='word_1_236' title='bbox 371 2283 472 2318; x_wconf 82' lang='lat' dir='ltr'>quibus</span> <span class='ocrx_word' id='word_1_237' title='bbox 484 2282 591 2310; x_wconf 62' lang='lat' dir='ltr'>[Ediies</span> <span class='ocrx_word' id='word_1_238' title='bbox 606 2290 649 2317; x_wconf 82' lang='lat' dir='ltr'>agl</span> 
     </span>
     <span class='ocr_line' id='line_1_51' title="bbox 112 2319 650 2354; baseline -0.002 -6"><span class='ocrx_word' id='word_1_239' title='bbox 112 2321 221 2348; x_wconf 87' lang='lat' dir='ltr'>volunt.</span> <span class='ocrx_word' id='word_1_240' title='bbox 237 2327 298 2354; x_wconf 69' lang='lat'>354.</span> <span class='ocrx_word' id='word_1_241' title='bbox 322 2321 425 2352; x_wconf 62' lang='lat' dir='ltr'>mima,</span> <span class='ocrx_word' id='word_1_242' title='bbox 437 2319 650 2348; x_wconf 75' lang='lat' dir='ltr'>vitium&amp;mor-</span> 
     </span>
     <span class='ocr_line' id='line_1_52' title="bbox 78 2358 648 2391; baseline 0 -5"><span class='ocrx_word' id='word_1_243' title='bbox 78 2365 82 2368; x_wconf 84' lang='lat'>&#39;</span> <span class='ocrx_word' id='word_1_244' title='bbox 111 2359 163 2386; x_wconf 82' lang='lat' dir='ltr'>bus</span> <span class='ocrx_word' id='word_1_245' title='bbox 181 2359 228 2384; x_wconf 90' lang='lat' dir='ltr'>rei.</span> <span class='ocrx_word' id='word_1_246' title='bbox 246 2358 309 2386; x_wconf 83' lang='lat' dir='ltr'>ibid.</span> <span class='ocrx_word' id='word_1_247' title='bbox 338 2368 394 2386; x_wconf 85' lang='lat' dir='ltr'>non</span> <span class='ocrx_word' id='word_1_248' title='bbox 417 2359 521 2391; x_wconf 88' lang='lat' dir='ltr'>animi,</span> <span class='ocrx_word' id='word_1_249' title='bbox 544 2358 591 2385; x_wconf 80' lang='lat' dir='ltr'>nisi</span> <span class='ocrx_word' id='word_1_250' title='bbox 613 2358 648 2386; x_wconf 90' lang='lat' dir='ltr'>de</span> 
     </span>
     <span class='ocr_line' id='line_1_53' title="bbox 113 2394 644 2431; baseline 0.002 -9"><span class='ocrx_word' id='word_1_251' title='bbox 113 2397 156 2423; x_wconf 83' lang='lat' dir='ltr'>his</span> <span class='ocrx_word' id='word_1_252' title='bbox 171 2394 239 2431; x_wconf 87' lang='lat' dir='ltr'>quid</span> <span class='ocrx_word' id='word_1_253' title='bbox 255 2396 385 2424; x_wconf 81' lang='lat' dir='ltr'>venditor</span> <span class='ocrx_word' id='word_1_254' title='bbox 401 2395 566 2431; x_wconf 80' lang='lat' dir='ltr'>promiserit.</span> <span class='ocrx_word' id='word_1_255' title='bbox 583 2397 644 2423; x_wconf 78' lang='lat' dir='ltr'>ibid.</span> 
     </span>
     <span class='ocr_line' id='line_1_54' title="bbox 113 2433 644 2462; baseline 0.004 -2"><span class='ocrx_word' id='word_1_256' title='bbox 113 2433 147 2460; x_wconf 89' lang='lat' dir='ltr'>de</span> <span class='ocrx_word' id='word_1_257' title='bbox 162 2434 244 2460; x_wconf 85' lang='lat' dir='ltr'>animi</span> <span class='ocrx_word' id='word_1_258' title='bbox 261 2434 336 2462; x_wconf 77' lang='lat' dir='ltr'>vitiis</span> <span class='ocrx_word' id='word_1_259' title='bbox 357 2434 392 2461; x_wconf 79' lang='lat' dir='ltr'>est</span> <span class='ocrx_word' id='word_1_260' title='bbox 411 2441 501 2461; x_wconf 83' lang='lat' dir='ltr'>tamen</span> <span class='ocrx_word' id='word_1_261' title='bbox 518 2433 588 2460; x_wconf 65' lang='lat' dir='ltr'>aftio</span> <span class='ocrx_word' id='word_1_262' title='bbox 610 2443 644 2462; x_wconf 75' lang='lat' dir='ltr'>ex</span> 
     </span>
     <span class='ocr_line' id='line_1_55' title="bbox 112 2471 644 2507; baseline 0.004 -10"><span class='ocrx_word' id='word_1_263' title='bbox 112 2477 187 2498; x_wconf 77' lang='lat' dir='ltr'>emto</span> <span class='ocrx_word' id='word_1_264' title='bbox 200 2478 297 2498; x_wconf 83' lang='lat' dir='ltr'>contra</span> <span class='ocrx_word' id='word_1_265' title='bbox 313 2472 486 2499; x_wconf 82' lang='lat' dir='ltr'>venditorem</span> <span class='ocrx_word' id='word_1_266' title='bbox 502 2471 644 2507; x_wconf 85' lang='lat' dir='ltr'>quisciens</span> 
     </span>
     <span class='ocr_line' id='line_1_56' title="bbox 114 2509 643 2537; baseline 0.006 -4"><span class='ocrx_word' id='word_1_267' title='bbox 114 2516 145 2534; x_wconf 84' lang='lat' dir='ltr'>ea</span> <span class='ocrx_word' id='word_1_268' title='bbox 168 2509 284 2536; x_wconf 85' lang='lat' dir='ltr'>reticuit.</span> <span class='ocrx_word' id='word_1_269' title='bbox 303 2509 364 2537; x_wconf 82' lang='lat' dir='ltr'>ibid.</span> <span class='ocrx_word' id='word_1_270' title='bbox 406 2509 440 2536; x_wconf 84' lang='lat' dir='ltr'>de</span> <span class='ocrx_word' id='word_1_271' title='bbox 464 2510 537 2536; x_wconf 84' lang='lat' dir='ltr'>vitiis</span> <span class='ocrx_word' id='word_1_272' title='bbox 560 2509 643 2536; x_wconf 84' lang='lat' dir='ltr'>animi</span> 
     </span>
    </p>

    <p class='ocr_par' dir='ltr' id='par_1_16' title="bbox 112 2544 643 2583">
     <span class='ocr_line' id='line_1_57' title="bbox 112 2544 643 2583; baseline 0.006 -12"><span class='ocrx_word' id='word_1_273' title='bbox 112 2544 274 2577; x_wconf 75' lang='lat' dir='ltr'>Quibusdam</span> <span class='ocrx_word' id='word_1_274' title='bbox 293 2546 416 2583; x_wconf 77' lang='lat' dir='ltr'>expresse</span> <span class='ocrx_word' id='word_1_275' title='bbox 433 2545 579 2574; x_wconf 69' lang='lat' dir='ltr'>edixerunt</span> <span class='ocrx_word' id='word_1_276' title='bbox 598 2547 643 2574; x_wconf 87' lang='lat' dir='ltr'>AE-</span> 
     </span>
    </p>

    <p class='ocr_par' dir='ltr' id='par_1_17' title="bbox 112 2581 642 2617">
     <span class='ocr_line' id='line_1_58' title="bbox 112 2581 642 2617; baseline 0.006 -9"><span class='ocrx_word' id='word_1_277' title='bbox 112 2581 189 2609; x_wconf 85' lang='lat' dir='ltr'>diles.</span> <span class='ocrx_word' id='word_1_278' title='bbox 207 2582 266 2609; x_wconf 83' lang='lat' dir='ltr'>ibid.</span> <span class='ocrx_word' id='word_1_279' title='bbox 286 2582 320 2611; x_wconf 90' lang='lat' dir='ltr'>sc.</span> <span class='ocrx_word' id='word_1_280' title='bbox 337 2585 371 2611; x_wconf 88' lang='lat' dir='ltr'>de</span> <span class='ocrx_word' id='word_1_281' title='bbox 385 2584 494 2611; x_wconf 78' lang='lat' dir='ltr'>erronis</span> <span class='ocrx_word' id='word_1_282' title='bbox 511 2583 535 2611; x_wconf 68' lang='grc' dir='ltr'>δι</span> <span class='ocrx_word' id='word_1_283' title='bbox 551 2584 642 2617; x_wconf 62' lang='lat' dir='ltr'>fugiri-</span> 
     </span>
    </p>

    <p class='ocr_par' dir='ltr' id='par_1_18' title="bbox 114 2620 642 2657">
     <span class='ocr_line' id='line_1_59' title="bbox 114 2620 642 2657; baseline 0.008 -12"><span class='ocrx_word' id='word_1_284' title='bbox 114 2621 140 2645; x_wconf 82' lang='lat' dir='ltr'>vi</span> <span class='ocrx_word' id='word_1_285' title='bbox 165 2620 296 2654; x_wconf 63' lang='lat' dir='ltr'>mancipii</span> <span class='ocrx_word' id='word_1_286' title='bbox 317 2621 396 2648; x_wconf 86' lang='lat' dir='ltr'>vitio.</span> <span class='ocrx_word' id='word_1_287' title='bbox 419 2622 481 2650; x_wconf 82' lang='lat' dir='ltr'>ibid.</span> <span class='ocrx_word' id='word_1_288' title='bbox 521 2631 642 2657; x_wconf 84' lang='lat' dir='ltr'>pronun-</span> 
     </span>
    </p>

    <p class='ocr_par' dir='ltr' id='par_1_19' title="bbox 111 2657 640 2690">
     <span class='ocr_line' id='line_1_60' title="bbox 111 2657 640 2690; baseline 0.009 -8"><span class='ocrx_word' id='word_1_289' title='bbox 111 2657 237 2684; x_wconf 79' lang='lat' dir='ltr'>ciandum</span> <span class='ocrx_word' id='word_1_290' title='bbox 256 2657 287 2683; x_wconf 79' lang='lat' dir='ltr'>id</span> <span class='ocrx_word' id='word_1_291' title='bbox 299 2658 352 2690; x_wconf 82' lang='lat' dir='ltr'>est,</span> <span class='ocrx_word' id='word_1_292' title='bbox 374 2658 390 2684; x_wconf 83' lang='lat' dir='ltr'>fi</span> <span class='ocrx_word' id='word_1_293' title='bbox 407 2658 497 2686; x_wconf 87' lang='lat' dir='ltr'>servus</span> <span class='ocrx_word' id='word_1_294' title='bbox 512 2667 585 2687; x_wconf 84' lang='lat' dir='ltr'>noxa</span> <span class='ocrx_word' id='word_1_295' title='bbox 601 2659 640 2687; x_wconf 83' lang='lat' dir='ltr'>so-</span> 
     </span>
    </p>

    <p class='ocr_par' dir='ltr' id='par_1_20' title="bbox 65 2694 641 3363">
     <span class='ocr_line' id='line_1_61' title="bbox 108 2694 638 2731; baseline 0.006 -10"><span class='ocrx_word' id='word_1_296' title='bbox 108 2694 296 2722; x_wconf 70' lang='lat' dir='ltr'>lutusrzonsit.</span> <span class='ocrx_word' id='word_1_297' title='bbox 312 2702 373 2728; x_wconf 81' lang='lat'>355.</span> <span class='ocrx_word' id='word_1_298' title='bbox 395 2694 638 2731; x_wconf 71' lang='lat' dir='ltr'>itemsrcapitalem</span> 
     </span>
     <span class='ocr_line' id='line_1_62' title="bbox 109 2731 640 2769; baseline 0.008 -11"><span class='ocrx_word' id='word_1_299' title='bbox 109 2731 232 2758; x_wconf 79' lang='lat' dir='ltr'>fraudem</span> <span class='ocrx_word' id='word_1_300' title='bbox 242 2731 387 2759; x_wconf 77' lang='lat' dir='ltr'>admiserit.</span> <span class='ocrx_word' id='word_1_301' title='bbox 399 2733 459 2760; x_wconf 86' lang='lat' dir='ltr'>ibid.</span> <span class='ocrx_word' id='word_1_302' title='bbox 469 2733 486 2760; x_wconf 80' lang='lat' dir='ltr'>ss</span> <span class='ocrx_word' id='word_1_303' title='bbox 495 2734 560 2769; x_wconf 82' lang='lat' dir='ltr'>quid</span> <span class='ocrx_word' id='word_1_304' title='bbox 569 2743 640 2762; x_wconf 87' lang='lat' dir='ltr'>mor-</span> 
     </span>
     <span class='ocr_line' id='line_1_63' title="bbox 112 2768 638 2806; baseline 0.006 -10"><span class='ocrx_word' id='word_1_305' title='bbox 112 2770 145 2796; x_wconf 90' lang='lat' dir='ltr'>tis</span> <span class='ocrx_word' id='word_1_306' title='bbox 162 2768 361 2796; x_wconf 81' lang='lat' dir='ltr'>consciscendae</span> <span class='ocrx_word' id='word_1_307' title='bbox 378 2769 424 2796; x_wconf 82' lang='lat' dir='ltr'>sibi</span> <span class='ocrx_word' id='word_1_308' title='bbox 438 2770 587 2806; x_wconf 83' lang='lat' dir='ltr'>causaquid</span> <span class='ocrx_word' id='word_1_309' title='bbox 603 2771 638 2799; x_wconf 84' lang='lat' dir='ltr'>fe-</span> 
     </span>
     <span class='ocr_line' id='line_1_64' title="bbox 113 2806 639 2846; baseline 0.008 -13"><span class='ocrx_word' id='word_1_310' title='bbox 113 2806 190 2833; x_wconf 88' lang='lat' dir='ltr'>cerir.</span> <span class='ocrx_word' id='word_1_311' title='bbox 200 2806 261 2834; x_wconf 86' lang='lat' dir='ltr'>ibid.</span> <span class='ocrx_word' id='word_1_312' title='bbox 272 2807 581 2842; x_wconf 81' lang='lat' dir='ltr'>PorrojubentAEdrles,</span> <span class='ocrx_word' id='word_1_313' title='bbox 593 2811 639 2846; x_wconf 80' lang='lat' dir='ltr'>qui</span> 
     </span>
     <span class='ocr_line' id='line_1_65' title="bbox 109 2843 640 2879; baseline 0.006 -7"><span class='ocrx_word' id='word_1_314' title='bbox 109 2844 244 2879; x_wconf 85' lang='lat' dir='ltr'>mancipia</span> <span class='ocrx_word' id='word_1_315' title='bbox 259 2843 383 2872; x_wconf 84' lang='lat' dir='ltr'>vendunt</span> <span class='ocrx_word' id='word_1_316' title='bbox 393 2866 399 2875; x_wconf 91' lang='lat'><em>,</em></span> <span class='ocrx_word' id='word_1_317' title='bbox 410 2845 490 2873; x_wconf 83' lang='lat' dir='ltr'>etiam</span> <span class='ocrx_word' id='word_1_318' title='bbox 501 2847 640 2876; x_wconf 73' lang='lat' dir='ltr'>nationem</span> 
     </span>
     <span class='ocr_line' id='line_1_66' title="bbox 109 2881 641 2919; baseline 0.008 -11"><span class='ocrx_word' id='word_1_319' title='bbox 109 2882 242 2916; x_wconf 77' lang='lat' dir='ltr'>cujusque</span> <span class='ocrx_word' id='word_1_320' title='bbox 259 2883 286 2909; x_wconf 90' lang='lat' dir='ltr'>in</span> <span class='ocrx_word' id='word_1_321' title='bbox 306 2881 469 2909; x_wconf 79' lang='lat' dir='ltr'>venditione</span> <span class='ocrx_word' id='word_1_322' title='bbox 482 2892 641 2919; x_wconf 77' lang='lat' dir='ltr'>pronuntia-</span> 
     </span>
     <span class='ocr_line' id='line_1_67' title="bbox 109 2919 639 2952; baseline 0.006 -6"><span class='ocrx_word' id='word_1_323' title='bbox 109 2927 148 2947; x_wconf 89' lang='lat' dir='ltr'>re.</span> <span class='ocrx_word' id='word_1_324' title='bbox 169 2919 232 2947; x_wconf 87' lang='lat' dir='ltr'>ibid.</span> <span class='ocrx_word' id='word_1_325' title='bbox 264 2919 288 2946; x_wconf 71' lang='grc' dir='ltr'>ἃ</span> <span class='ocrx_word' id='word_1_326' title='bbox 308 2925 421 2952; x_wconf 88' lang='lat' dir='ltr'>vetant,</span> <span class='ocrx_word' id='word_1_327' title='bbox 443 2927 478 2946; x_wconf 91' lang='lat' dir='ltr'>ne</span> <span class='ocrx_word' id='word_1_328' title='bbox 499 2927 639 2951; x_wconf 87' lang='lat' dir='ltr'>veterator</span> 
     </span>
     <span class='ocr_line' id='line_1_68' title="bbox 70 2956 638 2992; baseline 0.009 -9"><span class='ocrx_word' id='word_1_329' title='bbox 70 2964 73 2967; x_wconf 42' lang='lat'>³</span> <span class='ocrx_word' id='word_1_330' title='bbox 109 2964 160 2992; x_wconf 87' lang='lat' dir='ltr'>pro</span> <span class='ocrx_word' id='word_1_331' title='bbox 180 2956 292 2984; x_wconf 88' lang='lat' dir='ltr'>novitio</span> <span class='ocrx_word' id='word_1_332' title='bbox 305 2962 417 2984; x_wconf 80' lang='lat' dir='ltr'>veneat.</span> <span class='ocrx_word' id='word_1_333' title='bbox 432 2957 494 2986; x_wconf 83' lang='lat' dir='ltr'>ibid.</span> <span class='ocrx_word' id='word_1_334' title='bbox 530 2959 594 2987; x_wconf 87' lang='lat' dir='ltr'>item</span> <span class='ocrx_word' id='word_1_335' title='bbox 611 2968 638 2988; x_wconf 85' lang='lat' dir='ltr'>ut</span> 
     </span>
     <span class='ocr_line' id='line_1_69' title="bbox 107 2995 637 3031; baseline 0.008 -10"><span class='ocrx_word' id='word_1_336' title='bbox 107 2995 317 3031; x_wconf 82' lang='lat' dir='ltr'>pronuntietur.</span> <span class='ocrx_word' id='word_1_337' title='bbox 346 3003 380 3022; x_wconf 89' lang='lat' dir='ltr'>an</span> <span class='ocrx_word' id='word_1_338' title='bbox 410 2995 470 3022; x_wconf 86' lang='lat' dir='ltr'>talis</span> <span class='ocrx_word' id='word_1_339' title='bbox 493 2995 523 3023; x_wconf 91' lang='lat' dir='ltr'>s1t</span> <span class='ocrx_word' id='word_1_340' title='bbox 545 2996 637 3025; x_wconf 82' lang='lat' dir='ltr'>servus</span> 
     </span>
     <span class='ocr_line' id='line_1_70' title="bbox 109 3032 637 3068; baseline 0.006 -9"><span class='ocrx_word' id='word_1_341' title='bbox 109 3033 156 3068; x_wconf 89' lang='lat' dir='ltr'>qui</span> <span class='ocrx_word' id='word_1_342' title='bbox 170 3032 324 3060; x_wconf 85' lang='lat' dir='ltr'>manumitti</span> <span class='ocrx_word' id='word_1_343' title='bbox 342 3039 398 3059; x_wconf 92' lang='lat' dir='ltr'>non</span> <span class='ocrx_word' id='word_1_344' title='bbox 417 3033 504 3066; x_wconf 81' lang='lat' dir='ltr'>pofflt.</span> <span class='ocrx_word' id='word_1_345' title='bbox 520 3034 637 3063; x_wconf 83' lang='lat' dir='ltr'>ibid.aut</span> 
     </span>
     <span class='ocr_line' id='line_1_71' title="bbox 67 3069 636 3106; baseline 0.005 -9"><span class='ocrx_word' id='word_1_346' title='bbox 67 3080 70 3082; x_wconf 92' lang='lat'>·</span> <span class='ocrx_word' id='word_1_347' title='bbox 106 3070 248 3106; x_wconf 81' lang='lat' dir='ltr'>exportari</span> <span class='ocrx_word' id='word_1_348' title='bbox 268 3069 375 3097; x_wconf 88' lang='lat' dir='ltr'>debeat.</span> <span class='ocrx_word' id='word_1_349' title='bbox 391 3070 453 3097; x_wconf 86' lang='lat' dir='ltr'>ibid.</span> <span class='ocrx_word' id='word_1_350' title='bbox 480 3071 552 3099; x_wconf 84' lang='lat' dir='ltr'>Vitia</span> <span class='ocrx_word' id='word_1_351' title='bbox 566 3081 636 3100; x_wconf 87' lang='lat' dir='ltr'>mor-</span> 
     </span>
     <span class='ocr_line' id='line_1_72' title="bbox 107 3107 636 3144; baseline 0.006 -9"><span class='ocrx_word' id='word_1_352' title='bbox 107 3108 173 3135; x_wconf 87' lang='lat' dir='ltr'>bive</span> <span class='ocrx_word' id='word_1_353' title='bbox 196 3108 306 3143; x_wconf 80' lang='lat' dir='ltr'>palam,</span> <span class='ocrx_word' id='word_1_354' title='bbox 334 3107 406 3135; x_wconf 74' lang='lat' dir='ltr'>rec‘te</span> <span class='ocrx_word' id='word_1_355' title='bbox 440 3110 636 3144; x_wconf 84' lang='lat' dir='ltr'>pronuntiandi</span> 
     </span>
     <span class='ocr_line' id='line_1_73' title="bbox 107 3143 637 3180; baseline 0.009 -10"><span class='ocrx_word' id='word_1_356' title='bbox 107 3143 175 3172; x_wconf 85' lang='lat' dir='ltr'>sunt.</span> <span class='ocrx_word' id='word_1_357' title='bbox 192 3145 252 3173; x_wconf 81' lang='lat' dir='ltr'>ibid.</span> <span class='ocrx_word' id='word_1_358' title='bbox 276 3144 341 3180; x_wconf 88' lang='lat' dir='ltr'>quid</span> <span class='ocrx_word' id='word_1_359' title='bbox 362 3146 397 3173; x_wconf 90' lang='lat' dir='ltr'>de</span> <span class='ocrx_word' id='word_1_360' title='bbox 420 3146 572 3174; x_wconf 84' lang='lat' dir='ltr'>venditoris</span> <span class='ocrx_word' id='word_1_361' title='bbox 600 3148 637 3175; x_wconf 89' lang='lat' dir='ltr'>in-</span> 
     </span>
     <span class='ocr_line' id='line_1_74' title="bbox 65 3181 637 3219; baseline 0.007 -11"><span class='ocrx_word' id='word_1_362' title='bbox 65 3193 67 3195; x_wconf 88' lang='grc'><em>·</em></span> <span class='ocrx_word' id='word_1_363' title='bbox 103 3181 214 3211; x_wconf 79' lang='lat' dir='ltr'>scicntia</span> <span class='ocrx_word' id='word_1_364' title='bbox 245 3183 376 3210; x_wconf 84' lang='lat' dir='ltr'>vitiorum</span> <span class='ocrx_word' id='word_1_365' title='bbox 393 3204 399 3216; x_wconf 89' lang='lat'><em>,</em></span> <span class='ocrx_word' id='word_1_366' title='bbox 440 3183 475 3211; x_wconf 87' lang='lat' dir='ltr'>de</span> <span class='ocrx_word' id='word_1_367' title='bbox 505 3187 637 3219; x_wconf 81' lang='lat' dir='ltr'>emptoris</span> 
     </span>
     <span class='ocr_line' id='line_1_75' title="bbox 104 3218 637 3257; baseline 0.004 -10"><span class='ocrx_word' id='word_1_368' title='bbox 104 3218 216 3247; x_wconf 87' lang='lat' dir='ltr'>scientia</span> <span class='ocrx_word' id='word_1_369' title='bbox 230 3221 260 3248; x_wconf 79' lang='lat' dir='ltr'>sit</span> <span class='ocrx_word' id='word_1_370' title='bbox 276 3220 457 3248; x_wconf 78' lang='lat' dir='ltr'>statuendum.</span> <span class='ocrx_word' id='word_1_371' title='bbox 470 3225 532 3255; x_wconf 79' lang='lat'>356.</span> <span class='ocrx_word' id='word_1_372' title='bbox 554 3223 637 3257; x_wconf 80' lang='lat' dir='ltr'>negli-</span> 
     </span>
     <span class='ocr_line' id='line_1_76' title="bbox 104 3259 635 3291; baseline 0.006 -7"><span class='ocrx_word' id='word_1_373' title='bbox 104 3260 178 3291; x_wconf 82' lang='lat' dir='ltr'>gitur</span> <span class='ocrx_word' id='word_1_374' title='bbox 200 3259 296 3286; x_wconf 89' lang='lat' dir='ltr'>vitium</span> <span class='ocrx_word' id='word_1_375' title='bbox 319 3260 430 3286; x_wconf 85' lang='lat' dir='ltr'>morbus</span> <span class='ocrx_word' id='word_1_376' title='bbox 448 3259 530 3287; x_wconf 81' lang='lat' dir='ltr'>valde</span> <span class='ocrx_word' id='word_1_377' title='bbox 556 3261 635 3288; x_wconf 86' lang='lat' dir='ltr'>levis.</span> 
     </span>
     <span class='ocr_line' id='line_1_77' title="bbox 101 3295 635 3333; baseline 0.011 -12"><span class='ocrx_word' id='word_1_378' title='bbox 101 3295 156 3322; x_wconf 66' lang='lat' dir='ltr'>ilii</span> <span class='ocrx_word' id='word_1_379' title='bbox 195 3303 253 3324; x_wconf 87' lang='lat' dir='ltr'>non</span> <span class='ocrx_word' id='word_1_380' title='bbox 270 3297 397 3333; x_wconf 84' lang='lat' dir='ltr'>gravior,</span> <span class='ocrx_word' id='word_1_381' title='bbox 419 3298 544 3333; x_wconf 81' lang='lat' dir='ltr'>quamvis</span> <span class='ocrx_word' id='word_1_382' title='bbox 568 3304 635 3327; x_wconf 79' lang='lat' dir='ltr'>tem-</span> 
     </span>
     <span class='ocr_line' id='line_1_78' title="bbox 103 3331 225 3363; baseline -0.008 -1"><span class='ocrx_word' id='word_1_383' title='bbox 103 3331 168 3363; x_wconf 69' lang='lat' dir='ltr'>Rm.</span> <span class='ocrx_word' id='word_1_384' title='bbox 188 3332 225 3362; x_wconf 90' lang='lat' dir='ltr'>II.</span> 
     </span>
    </p>
   </div>
   <div class='ocr_carea' id='block_1_9' title="bbox 726 542 1718 1034">
    <p class='ocr_par' dir='ltr' id='par_1_21' title="bbox 726 542 1718 1034">
     <span class='ocr_line' id='line_1_79' title="bbox 734 542 1274 581; baseline 0.009 -10"><span class='ocrx_word' id='word_1_385' title='bbox 734 544 837 581; x_wconf 80' lang='lat' dir='ltr'>poralis</span> <span class='ocrx_word' id='word_1_386' title='bbox 859 549 965 572; x_wconf 81' lang='lat' dir='ltr'>tantum</span> <span class='ocrx_word' id='word_1_387' title='bbox 988 542 1025 573; x_wconf 84' lang='lat' dir='ltr'>sit.</span> <span class='ocrx_word' id='word_1_388' title='bbox 1047 547 1108 576; x_wconf 78' lang='lat' dir='ltr'>ibid.</span> <span class='ocrx_word' id='word_1_389' title='bbox 1148 547 1274 576; x_wconf 77' lang='lat' dir='ltr'>Secunda</span> 
     </span>
     <span class='ocr_line' id='line_1_80' title="bbox 734 582 1273 620; baseline 0.009 -12"><span class='ocrx_word' id='word_1_390' title='bbox 734 583 811 609; x_wconf 60' lang='lat' dir='ltr'>tauta</span> <span class='ocrx_word' id='word_1_391' title='bbox 833 582 947 609; x_wconf 64' lang='lat' dir='ltr'>aftionis</span> <span class='ocrx_word' id='word_1_392' title='bbox 971 582 1118 618; x_wconf 81' lang='lat' dir='ltr'>AEdilitiae‚</span> <span class='ocrx_word' id='word_1_393' title='bbox 1142 585 1158 612; x_wconf 86' lang='lat' dir='ltr'>sl</span> <span class='ocrx_word' id='word_1_394' title='bbox 1174 587 1239 620; x_wconf 86' lang='lat' dir='ltr'>quid</span> <span class='ocrx_word' id='word_1_395' title='bbox 1258 595 1273 613; x_wconf 79' lang='lat' dir='ltr'>a</span> 
     </span>
     <span class='ocr_line' id='line_1_81' title="bbox 731 618 1718 663; baseline 0.012 -16"><span class='ocrx_word' id='word_1_396' title='bbox 731 618 882 647; x_wconf 74' lang='lat' dir='ltr'>venditore</span> <span class='ocrx_word' id='word_1_397' title='bbox 904 618 1003 648; x_wconf 72' lang='lat' dir='ltr'>dictum</span> <span class='ocrx_word' id='word_1_398' title='bbox 1027 624 1224 657; x_wconf 76' lang='lat' dir='ltr'>prumiffumve</span> <span class='ocrx_word' id='word_1_399' title='bbox 1240 624 1272 651; x_wconf 81' lang='lat' dir='ltr'>fit</span> <span class='ocrx_word' id='word_1_400' title='bbox 1300 624 1374 653; x_wconf 68' lang='lat' dir='ltr'>Area</span> <span class='ocrx_word' id='word_1_401' title='bbox 1391 627 1457 663; x_wconf 86' lang='lat' dir='ltr'>quid</span> <span class='ocrx_word' id='word_1_402' title='bbox 1475 627 1593 663; x_wconf 60' lang='lat' dir='ltr'>respectu</span> <span class='ocrx_word' id='word_1_403' title='bbox 1610 631 1718 659; x_wconf 83' lang='lat' dir='ltr'>domus.</span> 
     </span>
     <span class='ocr_line' id='line_1_82' title="bbox 732 657 1268 696; baseline 0.007 -11"><span class='ocrx_word' id='word_1_404' title='bbox 732 657 808 693; x_wconf 89' lang='lat' dir='ltr'>quod</span> <span class='ocrx_word' id='word_1_405' title='bbox 825 665 880 684; x_wconf 84' lang='lat' dir='ltr'>non</span> <span class='ocrx_word' id='word_1_406' title='bbox 898 658 936 684; x_wconf 76' lang='lat' dir='ltr'>cl‘t</span> <span class='ocrx_word' id='word_1_407' title='bbox 949 659 1177 696; x_wconf 80' lang='lat' dir='ltr'>praestitum.357.</span> <span class='ocrx_word' id='word_1_408' title='bbox 1198 662 1268 689; x_wconf 82' lang='lat' dir='ltr'>Ter-</span> 
     </span>
     <span class='ocr_line' id='line_1_83' title="bbox 731 694 1268 734; baseline 0.009 -12"><span class='ocrx_word' id='word_1_409' title='bbox 731 697 767 723; x_wconf 87' lang='lat' dir='ltr'>tia</span> <span class='ocrx_word' id='word_1_410' title='bbox 791 694 869 722; x_wconf 73' lang='lat' dir='ltr'>causa</span> <span class='ocrx_word' id='word_1_411' title='bbox 892 703 926 722; x_wconf 73' lang='lat' dir='ltr'>ex</span> <span class='ocrx_word' id='word_1_412' title='bbox 951 704 1004 731; x_wconf 84' lang='lat' dir='ltr'>qua</span> <span class='ocrx_word' id='word_1_413' title='bbox 1027 698 1136 726; x_wconf 65' lang='lat' dir='ltr'>AEdilts</span> <span class='ocrx_word' id='word_1_414' title='bbox 1157 701 1268 734; x_wconf 77' lang='lat' dir='ltr'>permit-</span> 
     </span>
     <span class='ocr_line' id='line_1_84' title="bbox 731 732 1705 772; baseline 0.013 -13"><span class='ocrx_word' id='word_1_415' title='bbox 731 739 791 761; x_wconf 81' lang='lat' dir='ltr'>tunt</span> <span class='ocrx_word' id='word_1_416' title='bbox 807 733 864 766; x_wconf 79' lang='lat' dir='ltr'>agi,</span> <span class='ocrx_word' id='word_1_417' title='bbox 886 732 904 760; x_wconf 81' lang='lat' dir='ltr'>si</span> <span class='ocrx_word' id='word_1_418' title='bbox 920 734 986 768; x_wconf 85' lang='lat' dir='ltr'>quid</span> <span class='ocrx_word' id='word_1_419' title='bbox 1003 743 1035 762; x_wconf 85' lang='lat' dir='ltr'>ea</span> <span class='ocrx_word' id='word_1_420' title='bbox 1052 736 1113 771; x_wconf 76' lang='lat' dir='ltr'>lege</span> <span class='ocrx_word' id='word_1_421' title='bbox 1130 737 1265 770; x_wconf 67' lang='lat' dir='ltr'>venierit,</span> <span class='ocrx_word' id='word_1_422' title='bbox 1295 739 1386 767; x_wconf 58' lang='lat' dir='ltr'>Ari-lia</span> <span class='ocrx_word' id='word_1_423' title='bbox 1401 740 1488 768; x_wconf 83' lang='lat' dir='ltr'>firmat</span> <span class='ocrx_word' id='word_1_424' title='bbox 1503 740 1705 772; x_wconf 88' lang='lat' dir='ltr'>venditionem.</span> 
     </span>
     <span class='ocr_line' id='line_1_85' title="bbox 729 770 1264 805; baseline 0.007 -7"><span class='ocrx_word' id='word_1_425' title='bbox 729 779 758 798; x_wconf 90' lang='lat' dir='ltr'>ut</span> <span class='ocrx_word' id='word_1_426' title='bbox 774 770 821 798; x_wconf 86' lang='lat' dir='ltr'>nifi</span> <span class='ocrx_word' id='word_1_427' title='bbox 839 770 988 805; x_wconf 79' lang='lat' dir='ltr'>placuerit,</span> <span class='ocrx_word' id='word_1_428' title='bbox 1007 774 1264 803; x_wconf 65' lang='lat' dir='ltr'>1·cdbil³eatur.ibz&#39;d.</span> 
     </span>
     <span class='ocr_line' id='line_1_86' title="bbox 729 807 1267 846; baseline 0.013 -13"><span class='ocrx_word' id='word_1_429' title='bbox 729 810 839 846; x_wconf 83' lang='lat' dir='ltr'>Quanta</span> <span class='ocrx_word' id='word_1_430' title='bbox 857 807 957 842; x_wconf 82' lang='lat' dir='ltr'>agendi</span> <span class='ocrx_word' id='word_1_431' title='bbox 974 811 1050 838; x_wconf 82' lang='lat' dir='ltr'>causa</span> <span class='ocrx_word' id='word_1_432' title='bbox 1068 812 1121 839; x_wconf 74' lang='lat' dir='ltr'>cli:</span> <span class='ocrx_word' id='word_1_433' title='bbox 1144 812 1161 838; x_wconf 89' lang='lat' dir='ltr'>sl</span> <span class='ocrx_word' id='word_1_434' title='bbox 1178 814 1212 840; x_wconf 87' lang='lat' dir='ltr'>de</span> <span class='ocrx_word' id='word_1_435' title='bbox 1228 814 1267 840; x_wconf 87' lang='lat' dir='ltr'>vi-</span> 
     </span>
     <span class='ocr_line' id='line_1_87' title="bbox 727 846 1267 884; baseline 0.006 -10"><span class='ocrx_word' id='word_1_436' title='bbox 727 855 770 874; x_wconf 85' lang='lat' dir='ltr'>tus</span> <span class='ocrx_word' id='word_1_437' title='bbox 790 846 933 873; x_wconf 80' lang='lat' dir='ltr'>morbisve</span> <span class='ocrx_word' id='word_1_438' title='bbox 948 846 972 873; x_wconf 72' lang='grc' dir='ltr'>ἂ</span> <span class='ocrx_word' id='word_1_439' title='bbox 995 850 1099 877; x_wconf 79' lang='lat' dir='ltr'>caeteris</span> <span class='ocrx_word' id='word_1_440' title='bbox 1123 858 1182 884; x_wconf 70' lang='lat' dir='ltr'>quse</span> <span class='ocrx_word' id='word_1_441' title='bbox 1203 850 1267 879; x_wconf 81' lang='lat' dir='ltr'>Edi-</span> 
     </span>
     <span class='ocr_line' id='line_1_88' title="bbox 727 884 1264 924; baseline 0.007 -12"><span class='ocrx_word' id='word_1_442' title='bbox 727 885 771 912; x_wconf 69' lang='lat' dir='ltr'>&amp;o</span> <span class='ocrx_word' id='word_1_443' title='bbox 788 884 847 911; x_wconf 83' lang='lat' dir='ltr'>sunt</span> <span class='ocrx_word' id='word_1_444' title='bbox 862 885 1062 919; x_wconf 76' lang='lat' dir='ltr'>comprehensa</span> <span class='ocrx_word' id='word_1_445' title='bbox 1074 909 1080 920; x_wconf 91' lang='lat'>,</span> <span class='ocrx_word' id='word_1_446' title='bbox 1103 888 1264 924; x_wconf 85' lang='lat' dir='ltr'>emtoripo-</span> 
     </span>
     <span class='ocr_line' id='line_1_89' title="bbox 727 921 1263 954; baseline 0.009 -5"><span class='ocrx_word' id='word_1_447' title='bbox 727 921 835 949; x_wconf 78' lang='lat' dir='ltr'>stillanti</span> <span class='ocrx_word' id='word_1_448' title='bbox 860 929 917 948; x_wconf 92' lang='lat' dir='ltr'>non</span> <span class='ocrx_word' id='word_1_449' title='bbox 941 921 970 949; x_wconf 82' lang='lat' dir='ltr'>sit</span> <span class='ocrx_word' id='word_1_450' title='bbox 993 932 1008 950; x_wconf 83' lang='lat' dir='ltr'>a</span> <span class='ocrx_word' id='word_1_451' title='bbox 1032 924 1178 952; x_wconf 82' lang='lat' dir='ltr'>venditore</span> <span class='ocrx_word' id='word_1_452' title='bbox 1201 934 1263 954; x_wconf 86' lang='lat' dir='ltr'>cau-</span> 
     </span>
     <span class='ocr_line' id='line_1_90' title="bbox 727 959 1263 991; baseline 0.009 -5"><span class='ocrx_word' id='word_1_453' title='bbox 727 967 785 988; x_wconf 81' lang='lat' dir='ltr'>tum</span> <span class='ocrx_word' id='word_1_454' title='bbox 795 959 855 986; x_wconf 83' lang='lat' dir='ltr'>ibid.</span> <span class='ocrx_word' id='word_1_455' title='bbox 877 960 948 986; x_wconf 78' lang='lat' dir='ltr'>Tres</span> <span class='ocrx_word' id='word_1_456' title='bbox 962 969 995 987; x_wconf 80' lang='lat' dir='ltr'>ex</span> <span class='ocrx_word' id='word_1_457' title='bbox 1014 961 1068 988; x_wconf 84' lang='lat' dir='ltr'>hoc</span> <span class='ocrx_word' id='word_1_458' title='bbox 1082 962 1177 990; x_wconf 68' lang='lat' dir='ltr'>Edicto</span> <span class='ocrx_word' id='word_1_459' title='bbox 1188 972 1263 991; x_wconf 82' lang='lat' dir='ltr'>com-</span> 
     </span>
     <span class='ocr_line' id='line_1_91' title="bbox 726 997 1263 1034; baseline 0.011 -11"><span class='ocrx_word' id='word_1_460' title='bbox 726 1002 825 1034; x_wconf 69' lang='lat' dir='ltr'>petant</span> <span class='ocrx_word' id='word_1_461' title='bbox 839 997 975 1026; x_wconf 45' lang='lat' dir='ltr'>afflone&amp;</span> <span class='ocrx_word' id='word_1_462' title='bbox 1006 1000 1092 1033; x_wconf 85' lang='lat' dir='ltr'>prima</span> <span class='ocrx_word' id='word_1_463' title='bbox 1113 1001 1263 1029; x_wconf 75' lang='lat' dir='ltr'>redhibito-</span> 
     </span>
    </p>
   </div>
   <div class='ocr_carea' id='block_1_10' title="bbox 1339 549 1684 586">
    <p class='ocr_par' dir='ltr' id='par_1_22' title="bbox 1339 549 1684 586">
     <span class='ocr_line' id='line_1_92' title="bbox 1339 549 1684 586; baseline 0.014 -8"><span class='ocrx_word' id='word_1_464' title='bbox 1339 551 1452 586; x_wconf 80' lang='lat' dir='ltr'>quando</span> <span class='ocrx_word' id='word_1_465' title='bbox 1468 551 1494 579; x_wconf 87' lang='lat' dir='ltr'>ei</span> <span class='ocrx_word' id='word_1_466' title='bbox 1510 549 1601 581; x_wconf 82' lang='lat' dir='ltr'>stetur.</span> <span class='ocrx_word' id='word_1_467' title='bbox 1624 562 1684 583; x_wconf 83' lang='lat'>111.</span> 
     </span>
    </p>
   </div>
   <div class='ocr_carea' id='block_1_11' title="bbox 1339 556 1878 622">
    <p class='ocr_par' dir='ltr' id='par_1_23' title="bbox 1339 556 1878 622">
     <span class='ocr_line' id='line_1_93' title="bbox 1339 556 1878 622; baseline 0.015 -7"><span class='ocrx_word' id='word_1_468' title='bbox 1339 590 1386 622; x_wconf 88' lang='lat' dir='ltr'>qui</span> <span class='ocrx_word' id='word_1_469' title='bbox 1402 589 1517 617; x_wconf 84' lang='lat' dir='ltr'>arbitrio</span> <span class='ocrx_word' id='word_1_470' title='bbox 1536 598 1593 618; x_wconf 88' lang='lat' dir='ltr'>non</span> <span class='ocrx_word' id='word_1_471' title='bbox 1608 591 1666 620; x_wconf 82' lang='lat' dir='ltr'>ssat.</span> <span class='ocrx_word' id='word_1_472' title='bbox 1720 564 1803 591; x_wconf 72' lang='lat' dir='ltr'>poena</span> <span class='ocrx_word' id='word_1_473' title='bbox 1819 556 1878 591; x_wconf 55' lang='lat' dir='ltr'>ejus</span> 
     </span>
    </p>
   </div>
   <div class='ocr_carea' id='block_1_12' title="bbox 1742 593 1876 629">
    <p class='ocr_par' dir='ltr' id='par_1_24' title="bbox 1742 593 1876 629">
     <span class='ocr_line' id='line_1_94' title="bbox 1742 593 1876 629; baseline 0.007 -8"><span class='ocrx_word' id='word_1_474' title='bbox 1742 593 1805 622; x_wconf 82' lang='lat' dir='ltr'>ibici.</span> <span class='ocrx_word' id='word_1_475' title='bbox 1820 594 1876 629; x_wconf 82' lang='lat' dir='ltr'>seq.</span> 
     </span>
    </p>
   </div>
   <div class='ocr_carea' id='block_1_13' title="bbox 1295 638 1876 819">
    <p class='ocr_par' dir='ltr' id='par_1_25' title="bbox 1298 638 1876 780">
     <span class='ocr_line' id='line_1_95' title="bbox 1298 638 1876 701; baseline 0.009 -11"><span class='ocrx_word' id='word_1_476' title='bbox 1298 664 1456 699; x_wconf 81' lang='lat' dir='ltr'>Argentarii</span> <span class='ocrx_word' id='word_1_477' title='bbox 1479 666 1536 701; x_wconf 84' lang='lat' dir='ltr'>qui.</span> <span class='ocrx_word' id='word_1_478' title='bbox 1562 673 1605 700; x_wconf 84' lang='lat'>53.</span> <span class='ocrx_word' id='word_1_479' title='bbox 1644 669 1766 698; x_wconf 82' lang='lat' dir='ltr'>rationes</span> <span class='ocrx_word' id='word_1_480' title='bbox 1789 638 1876 698; x_wconf 46' lang='lat' dir='ltr'>edseeig</span> 
     </span>
     <span class='ocr_line' id='line_1_96' title="bbox 1334 708 1874 738; baseline 0.011 -10"><span class='ocrx_word' id='word_1_481' title='bbox 1334 709 1483 738; x_wconf 78' lang='lat' dir='ltr'>coguntur.</span> <span class='ocrx_word' id='word_1_482' title='bbox 1810 708 1874 736; x_wconf 88' lang='lat' dir='ltr'>ibid.</span> 
     </span>
     <span class='ocr_line' id='line_1_97' title="bbox 1819 754 1875 780; baseline -0.036 0"><span class='ocrx_word' id='word_1_483' title='bbox 1819 754 1875 780; x_wconf 81' lang='lat'>319</span> 
     </span>
    </p>

    <p class='ocr_par' dir='ltr' id='par_1_26' title="bbox 1295 777 1872 819">
     <span class='ocr_line' id='line_1_98' title="bbox 1295 777 1872 819; baseline 0.009 -13"><span class='ocrx_word' id='word_1_484' title='bbox 1295 777 1381 806; x_wconf 81' lang='lat' dir='ltr'>Atilia</span> <span class='ocrx_word' id='word_1_485' title='bbox 1401 778 1456 806; x_wconf 83' lang='lat' dir='ltr'>lex.</span> <span class='ocrx_word' id='word_1_486' title='bbox 1814 785 1872 819; x_wconf 72' lang='lat'>429</span> 
     </span>
    </p>
   </div>
   <div class='ocr_carea' id='block_1_14' title="bbox 1571 854 1603 885">
    <p class='ocr_par' dir='ltr' id='par_1_27' title="bbox 1571 854 1603 885">
     <span class='ocr_line' id='line_1_99' title="bbox 1571 854 1603 885; baseline 0.031 -1"><span class='ocrx_word' id='word_1_487' title='bbox 1571 854 1603 885; x_wconf 86' lang='lat' dir='ltr'>B.</span> 
     </span>
    </p>
   </div>
   <div class='ocr_carea' id='block_1_15' title="bbox 1353 932 1870 1041">
    <p class='ocr_par' dir='ltr' id='par_1_28' title="bbox 1353 932 1870 1041">
     <span class='ocr_line' id='line_1_100' title="bbox 1353 932 1870 968; baseline 0.014 -11"><span class='ocrx_word' id='word_1_488' title='bbox 1353 937 1474 960; x_wconf 87' lang='lat' dir='ltr'>onorum</span> <span class='ocrx_word' id='word_1_489' title='bbox 1490 932 1618 968; x_wconf 84' lang='lat' dir='ltr'>poffeffio</span> <span class='ocrx_word' id='word_1_490' title='bbox 1635 933 1691 961; x_wconf 81' lang='lat' dir='ltr'>litis</span> <span class='ocrx_word' id='word_1_491' title='bbox 1708 933 1870 965; x_wconf 77' lang='lat' dir='ltr'>ordinandae</span> 
     </span>
     <span class='ocr_line' id='line_1_101' title="bbox 1390 969 1869 1040; baseline 0.015 -44"><span class='ocrx_word' id='word_1_492' title='bbox 1390 969 1476 997; x_wconf 85' lang='lat' dir='ltr'>caula.</span> <span class='ocrx_word' id='word_1_493' title='bbox 1495 978 1556 1005; x_wconf 83' lang='lat'>124.</span> <span class='ocrx_word' id='word_1_494' title='bbox 1591 980 1653 1000; x_wconf 88' lang='lat' dir='ltr'>cum</span> <span class='ocrx_word' id='word_1_495' title='bbox 1669 980 1699 999; x_wconf 84' lang='lat' dir='ltr'>re</span> <span class='ocrx_word' id='word_1_496' title='bbox 1715 971 1740 1000; x_wconf 76' lang='grc' dir='ltr'>δι</span> <span class='ocrx_word' id='word_1_497' title='bbox 1756 973 1869 1040; x_wconf 64' lang='lat' dir='ltr'>iinebred.</span> 
     </span>
     <span class='ocr_line' id='line_1_102' title="bbox 1806 1020 1869 1041; baseline 0.032 -2"><span class='ocrx_word' id='word_1_498' title='bbox 1806 1020 1815 1039; x_wconf 83' lang='lat' dir='ltr'>z</span> <span class='ocrx_word' id='word_1_499' title='bbox 1834 1022 1841 1040; x_wconf 85' lang='lat' dir='ltr'>z</span> <span class='ocrx_word' id='word_1_500' title='bbox 1862 1034 1869 1041; x_wconf 90' lang='lat'>.</span> 
     </span>
    </p>
   </div>
   <div class='ocr_carea' id='block_1_16' title="bbox 726 1037 1869 1085">
    <p class='ocr_par' dir='ltr' id='par_1_29' title="bbox 726 1037 1869 1085">
     <span class='ocr_line' id='line_1_103' title="bbox 726 1037 1869 1085; baseline 0.015 -24"><span class='ocrx_word' id='word_1_501' title='bbox 726 1037 780 1068; x_wconf 70' lang='lat' dir='ltr'>ria,</span> <span class='ocrx_word' id='word_1_502' title='bbox 797 1037 881 1061; x_wconf 74' lang='lat' dir='ltr'>altera</span> <span class='ocrx_word' id='word_1_503' title='bbox 901 1042 1007 1068; x_wconf 84' lang='lat' dir='ltr'>quanto</span> <span class='ocrx_word' id='word_1_504' title='bbox 1029 1038 1159 1071; x_wconf 84' lang='lat' dir='ltr'>minoris,</span> <span class='ocrx_word' id='word_1_505' title='bbox 1182 1040 1263 1068; x_wconf 83' lang='lat' dir='ltr'>tertia</span> <span class='ocrx_word' id='word_1_506' title='bbox 1291 1043 1435 1071; x_wconf 83' lang='lat' dir='ltr'>Bonorum</span> <span class='ocrx_word' id='word_1_507' title='bbox 1461 1045 1594 1080; x_wconf 69' lang='lat' dir='ltr'>possessor</span> <span class='ocrx_word' id='word_1_508' title='bbox 1623 1047 1709 1077; x_wconf 86' lang='lat' dir='ltr'>utitur</span> <span class='ocrx_word' id='word_1_509' title='bbox 1729 1048 1869 1085; x_wconf 82' lang='lat' dir='ltr'>petitione</span> 
     </span>
    </p>
   </div>
   <div class='ocr_carea' id='block_1_17' title="bbox 723 1072 1263 1262">
    <p class='ocr_par' dir='ltr' id='par_1_30' title="bbox 723 1072 1263 1262">
     <span class='ocr_line' id='line_1_104' title="bbox 725 1072 1263 1106; baseline 0.009 -6"><span class='ocrx_word' id='word_1_510' title='bbox 725 1074 751 1100; x_wconf 85' lang='lat' dir='ltr'>in</span> <span class='ocrx_word' id='word_1_511' title='bbox 768 1072 875 1100; x_wconf 66' lang='lat' dir='ltr'>fufium.</span> <span class='ocrx_word' id='word_1_512' title='bbox 894 1073 956 1099; x_wconf 79' lang='lat' dir='ltr'>ibid.</span> <span class='ocrx_word' id='word_1_513' title='bbox 978 1074 1173 1103; x_wconf 78' lang='lat' dir='ltr'>Rednibitoria</span> <span class='ocrx_word' id='word_1_514' title='bbox 1189 1079 1263 1106; x_wconf 87' lang='lat' dir='ltr'>unde</span> 
     </span>
     <span class='ocr_line' id='line_1_105' title="bbox 724 1110 1262 1143; baseline 0.009 -5"><span class='ocrx_word' id='word_1_515' title='bbox 724 1110 801 1138; x_wconf 75' lang='lat' dir='ltr'>dic&#39;ta.</span> <span class='ocrx_word' id='word_1_516' title='bbox 817 1110 877 1137; x_wconf 80' lang='lat' dir='ltr'>ibid.</span> <span class='ocrx_word' id='word_1_517' title='bbox 901 1112 943 1137; x_wconf 82' lang='lat' dir='ltr'>eui</span> <span class='ocrx_word' id='word_1_518' title='bbox 965 1114 1052 1140; x_wconf 82' lang='lat' dir='ltr'>detur.</span> <span class='ocrx_word' id='word_1_519' title='bbox 1067 1113 1129 1141; x_wconf 78' lang='lat' dir='ltr'>ibid.</span> <span class='ocrx_word' id='word_1_520' title='bbox 1166 1113 1262 1143; x_wconf 85' lang='lat' dir='ltr'>adver-</span> 
     </span>
     <span class='ocr_line' id='line_1_106' title="bbox 725 1148 1261 1188; baseline 0.009 -12"><span class='ocrx_word' id='word_1_521' title='bbox 725 1149 767 1177; x_wconf 88' lang='lat' dir='ltr'>sus</span> <span class='ocrx_word' id='word_1_522' title='bbox 785 1157 866 1184; x_wconf 89' lang='lat' dir='ltr'>quem</span> <span class='ocrx_word' id='word_1_523' title='bbox 882 1148 943 1175; x_wconf 81' lang='lat' dir='ltr'>ibid.</span> <span class='ocrx_word' id='word_1_524' title='bbox 965 1157 996 1176; x_wconf 78' lang='lat' dir='ltr'>an</span> <span class='ocrx_word' id='word_1_525' title='bbox 1012 1150 1141 1179; x_wconf 73' lang='lat' dir='ltr'>adversus</span> <span class='ocrx_word' id='word_1_526' title='bbox 1153 1160 1261 1188; x_wconf 83' lang='lat' dir='ltr'>patrem</span> 
     </span>
     <span class='ocr_line' id='line_1_107' title="bbox 724 1186 1259 1220; baseline 0.009 -6"><span class='ocrx_word' id='word_1_527' title='bbox 724 1193 771 1214; x_wconf 83' lang='lat' dir='ltr'>aut</span> <span class='ocrx_word' id='word_1_528' title='bbox 810 1186 952 1214; x_wconf 79' lang='lat' dir='ltr'>dominum</span> <span class='ocrx_word' id='word_1_529' title='bbox 1001 1188 1158 1218; x_wconf 73' lang='lat' dir='ltr'>vendentis.</span> <span class='ocrx_word' id='word_1_530' title='bbox 1196 1192 1259 1220; x_wconf 82' lang='lat' dir='ltr'>ibid.</span> 
     </span>
     <span class='ocr_line' id='line_1_108' title="bbox 723 1223 1259 1262; baseline 0.011 -11"><span class='ocrx_word' id='word_1_531' title='bbox 723 1223 854 1260; x_wconf 79' lang='lat' dir='ltr'>quamdiu</span> <span class='ocrx_word' id='word_1_532' title='bbox 871 1224 959 1252; x_wconf 87' lang='lat' dir='ltr'>duret.</span> <span class='ocrx_word' id='word_1_533' title='bbox 978 1228 1042 1258; x_wconf 78' lang='grc'>358.</span> <span class='ocrx_word' id='word_1_534' title='bbox 1076 1228 1109 1254; x_wconf 81' lang='lat' dir='ltr'>ad</span> <span class='ocrx_word' id='word_1_535' title='bbox 1125 1228 1192 1262; x_wconf 87' lang='lat' dir='ltr'>quid</span> <span class='ocrx_word' id='word_1_536' title='bbox 1213 1230 1259 1257; x_wconf 88' lang='lat' dir='ltr'>de-</span> 
     </span>
    </p>
   </div>
   <div class='ocr_carea' id='block_1_18' title="bbox 723 1261 1258 1302">
    <p class='ocr_par' dir='ltr' id='par_1_31' title="bbox 723 1261 1258 1302">
     <span class='ocr_line' id='line_1_109' title="bbox 723 1261 1258 1302; baseline 0.013 -13"><span class='ocrx_word' id='word_1_537' title='bbox 723 1269 775 1290; x_wconf 90' lang='lat' dir='ltr'>tur.</span> <span class='ocrx_word' id='word_1_538' title='bbox 787 1261 847 1289; x_wconf 84' lang='lat' dir='ltr'>ibid.</span> <span class='ocrx_word' id='word_1_539' title='bbox 870 1262 937 1296; x_wconf 86' lang='lat' dir='ltr'>quid</span> <span class='ocrx_word' id='word_1_540' title='bbox 954 1265 1053 1291; x_wconf 82' lang='lat' dir='ltr'>emtori</span> <span class='ocrx_word' id='word_1_541' title='bbox 1070 1265 1183 1294; x_wconf 85' lang='lat' dir='ltr'>viciffim</span> <span class='ocrx_word' id='word_1_542' title='bbox 1192 1275 1258 1302; x_wconf 81' lang='lat' dir='ltr'>prae-</span> 
     </span>
    </p>
   </div>
   <div class='ocr_carea' id='block_1_19' title="bbox 721 1299 1309 1333">
    <p class='ocr_par' dir='ltr' id='par_1_32' title="bbox 721 1299 1309 1333">
     <span class='ocr_line' id='line_1_110' title="bbox 721 1299 1309 1333; baseline 0.014 -7"><span class='ocrx_word' id='word_1_543' title='bbox 721 1299 790 1327; x_wconf 80' lang='lat' dir='ltr'>stare</span> <span class='ocrx_word' id='word_1_544' title='bbox 805 1300 936 1327; x_wconf 83' lang='lat' dir='ltr'>venditor</span> <span class='ocrx_word' id='word_1_545' title='bbox 957 1306 1092 1330; x_wconf 78' lang='lat' dir='ltr'>teneatur.</span> <span class='ocrx_word' id='word_1_546' title='bbox 1107 1304 1168 1332; x_wconf 80' lang='lat' dir='ltr'>ibid.</span> <span class='ocrx_word' id='word_1_547' title='bbox 1197 1314 1259 1333; x_wconf 90' lang='lat' dir='ltr'>cau·</span> <span class='ocrx_word' id='word_1_548' title='bbox 1306 1311 1309 1314; x_wconf 84' lang='lat'><em>&#39;</em></span> 
     </span>
    </p>
   </div>
   <div class='ocr_carea' id='block_1_20' title="bbox 668 1337 1257 3369">
    <p class='ocr_par' dir='ltr' id='par_1_33' title="bbox 668 1337 1257 3369">
     <span class='ocr_line' id='line_1_111' title="bbox 721 1337 1257 1377; baseline 0.015 -13"><span class='ocrx_word' id='word_1_549' title='bbox 721 1337 760 1365; x_wconf 91' lang='lat' dir='ltr'>tio</span> <span class='ocrx_word' id='word_1_550' title='bbox 775 1338 807 1364; x_wconf 88' lang='lat' dir='ltr'>ab</span> <span class='ocrx_word' id='word_1_551' title='bbox 824 1344 932 1364; x_wconf 84' lang='lat' dir='ltr'>emtore</span> <span class='ocrx_word' id='word_1_552' title='bbox 945 1340 1105 1372; x_wconf 73' lang='lat' dir='ltr'>prceuanda.</span> <span class='ocrx_word' id='word_1_553' title='bbox 1118 1342 1177 1370; x_wconf 84' lang='lat' dir='ltr'>ibid.</span> <span class='ocrx_word' id='word_1_554' title='bbox 1195 1350 1257 1377; x_wconf 82' lang='grc'>359.</span> 
     </span>
     <span class='ocr_line' id='line_1_112' title="bbox 720 1374 1257 1414; baseline 0.017 -13"><span class='ocrx_word' id='word_1_555' title='bbox 720 1374 790 1402; x_wconf 67' lang='lat' dir='ltr'>aftio</span> <span class='ocrx_word' id='word_1_556' title='bbox 807 1374 992 1403; x_wconf 79' lang='lat' dir='ltr'>redebitoria</span> <span class='ocrx_word' id='word_1_557' title='bbox 1005 1378 1148 1408; x_wconf 85' lang='lat' dir='ltr'>arbitraria</span> <span class='ocrx_word' id='word_1_558' title='bbox 1165 1384 1220 1414; x_wconf 78' lang='lat' dir='ltr'>ert,</span> <span class='ocrx_word' id='word_1_559' title='bbox 1232 1383 1257 1409; x_wconf 71' lang='lat' dir='ltr'>dl:</span> 
     </span>
     <span class='ocr_line' id='line_1_113' title="bbox 722 1412 1255 1449; baseline 0.019 -11"><span class='ocrx_word' id='word_1_560' title='bbox 722 1412 859 1447; x_wconf 72' lang='lat' dir='ltr'>duplicem</span> <span class='ocrx_word' id='word_1_561' title='bbox 875 1412 960 1440; x_wconf 79' lang='lat' dir='ltr'>habet</span> <span class='ocrx_word' id='word_1_562' title='bbox 981 1415 1255 1449; x_wconf 80' lang='lat' dir='ltr'>condemnationem.</span> 
     </span>
     <span class='ocr_line' id='line_1_114' title="bbox 721 1450 1256 1485; baseline 0.017 -9"><span class='ocrx_word' id='word_1_563' title='bbox 721 1450 785 1477; x_wconf 81' lang='lat' dir='ltr'>ibid.</span> <span class='ocrx_word' id='word_1_564' title='bbox 807 1450 906 1478; x_wconf 84' lang='lat' dir='ltr'>emtori</span> <span class='ocrx_word' id='word_1_565' title='bbox 915 1457 1012 1485; x_wconf 66' lang='lat' dir='ltr'>praeter</span> <span class='ocrx_word' id='word_1_566' title='bbox 1021 1453 1155 1483; x_wconf 69' lang='lat' dir='ltr'>astionem</span> <span class='ocrx_word' id='word_1_567' title='bbox 1166 1456 1256 1484; x_wconf 84' lang='lat' dir='ltr'>redhi-</span> 
     </span>
     <span class='ocr_line' id='line_1_115' title="bbox 720 1489 1254 1529; baseline 0.017 -15"><span class='ocrx_word' id='word_1_568' title='bbox 720 1489 850 1515; x_wconf 84' lang='lat' dir='ltr'>bitoriarn</span> <span class='ocrx_word' id='word_1_569' title='bbox 873 1489 956 1516; x_wconf 80' lang='lat' dir='ltr'>etiarn</span> <span class='ocrx_word' id='word_1_570' title='bbox 979 1489 1030 1518; x_wconf 87' lang='lat' dir='ltr'>alia</span> <span class='ocrx_word' id='word_1_571' title='bbox 1051 1494 1204 1529; x_wconf 71' lang='lat' dir='ltr'>competit,</span> <span class='ocrx_word' id='word_1_572' title='bbox 1228 1497 1254 1523; x_wconf 90' lang='lat' dir='ltr'>in</span> 
     </span>
     <span class='ocr_line' id='line_1_116' title="bbox 719 1525 1256 1567; baseline 0.017 -15"><span class='ocrx_word' id='word_1_573' title='bbox 719 1525 819 1553; x_wconf 63' lang='lat' dir='ltr'>fabium</span> <span class='ocrx_word' id='word_1_574' title='bbox 835 1525 891 1553; x_wconf 84' lang='lat' dir='ltr'>scil.</span> <span class='ocrx_word' id='word_1_575' title='bbox 907 1526 940 1553; x_wconf 86' lang='lat' dir='ltr'>ad</span> <span class='ocrx_word' id='word_1_576' title='bbox 956 1532 1176 1564; x_wconf 86' lang='lat' dir='ltr'>recuperandum</span> <span class='ocrx_word' id='word_1_577' title='bbox 1195 1541 1256 1567; x_wconf 87' lang='lat' dir='ltr'>pre-</span> 
     </span>
     <span class='ocr_line' id='line_1_117' title="bbox 718 1563 1255 1601; baseline 0.017 -11"><span class='ocrx_word' id='word_1_578' title='bbox 718 1563 806 1595; x_wconf 88' lang='lat' dir='ltr'>tium,</span> <span class='ocrx_word' id='word_1_579' title='bbox 841 1564 858 1591; x_wconf 82' lang='lat' dir='ltr'>ii</span> <span class='ocrx_word' id='word_1_580' title='bbox 887 1565 1055 1601; x_wconf 77' lang='lat' dir='ltr'>mancipium</span> <span class='ocrx_word' id='word_1_581' title='bbox 1089 1569 1196 1598; x_wconf 87' lang='lat' dir='ltr'>volenti</span> <span class='ocrx_word' id='word_1_582' title='bbox 1223 1571 1255 1599; x_wconf 84' lang='lat' dir='ltr'>fit</span> 
     </span>
     <span class='ocr_line' id='line_1_118' title="bbox 718 1600 1253 1641; baseline 0.015 -13"><span class='ocrx_word' id='word_1_583' title='bbox 718 1600 898 1630; x_wconf 75' lang='lat' dir='ltr'>redhibitum.</span> <span class='ocrx_word' id='word_1_584' title='bbox 913 1602 973 1630; x_wconf 81' lang='lat' dir='ltr'>ibid.</span> <span class='ocrx_word' id='word_1_585' title='bbox 1010 1612 1099 1641; x_wconf 85' lang='lat' dir='ltr'>eaque</span> <span class='ocrx_word' id='word_1_586' title='bbox 1115 1614 1148 1635; x_wconf 86' lang='lat' dir='ltr'>ex</span> <span class='ocrx_word' id='word_1_587' title='bbox 1163 1608 1253 1636; x_wconf 65' lang='lat' dir='ltr'>Edisti</span> 
     </span>
     <span class='ocr_line' id='line_1_119' title="bbox 719 1638 1253 1678; baseline 0.019 -13"><span class='ocrx_word' id='word_1_588' title='bbox 719 1638 853 1667; x_wconf 71' lang='lat' dir='ltr'>sententia</span> <span class='ocrx_word' id='word_1_589' title='bbox 869 1639 906 1667; x_wconf 70' lang='lat' dir='ltr'>Cli</span> <span class='ocrx_word' id='word_1_590' title='bbox 922 1648 1042 1678; x_wconf 82' lang='lat' dir='ltr'>recepta.</span> <span class='ocrx_word' id='word_1_591' title='bbox 1067 1644 1131 1671; x_wconf 84' lang='lat' dir='ltr'>ibid.</span> <span class='ocrx_word' id='word_1_592' title='bbox 1171 1646 1253 1675; x_wconf 65' lang='lat' dir='ltr'>Astio</span> 
     </span>
     <span class='ocr_line' id='line_1_120' title="bbox 715 1678 1253 1713; baseline 0.017 -10"><span class='ocrx_word' id='word_1_593' title='bbox 715 1683 820 1713; x_wconf 87' lang='lat' dir='ltr'>quanto</span> <span class='ocrx_word' id='word_1_594' title='bbox 841 1678 956 1705; x_wconf 87' lang='lat' dir='ltr'>minoris</span> <span class='ocrx_word' id='word_1_595' title='bbox 974 1701 981 1712; x_wconf 95' lang='lat'>,</span> <span class='ocrx_word' id='word_1_596' title='bbox 1009 1680 1054 1707; x_wconf 87' lang='lat' dir='ltr'>seu</span> <span class='ocrx_word' id='word_1_597' title='bbox 1079 1682 1253 1713; x_wconf 79' lang='lat' dir='ltr'>aestirnatoria</span> 
     </span>
     <span class='ocr_line' id='line_1_121' title="bbox 715 1714 1250 1751; baseline 0.021 -11"><span class='ocrx_word' id='word_1_598' title='bbox 715 1714 819 1742; x_wconf 88' lang='lat' dir='ltr'>annalis</span> <span class='ocrx_word' id='word_1_599' title='bbox 839 1715 885 1742; x_wconf 77' lang='lat' dir='ltr'>eli.</span> <span class='ocrx_word' id='word_1_600' title='bbox 906 1716 968 1743; x_wconf 84' lang='lat' dir='ltr'>ibid.</span> <span class='ocrx_word' id='word_1_601' title='bbox 1010 1720 1136 1747; x_wconf 87' lang='lat' dir='ltr'>omnium</span> <span class='ocrx_word' id='word_1_602' title='bbox 1157 1730 1250 1751; x_wconf 86' lang='lat' dir='ltr'>rerum</span> 
     </span>
     <span class='ocr_line' id='line_1_122' title="bbox 714 1752 1251 1788; baseline 0.019 -10"><span class='ocrx_word' id='word_1_603' title='bbox 714 1752 828 1779; x_wconf 86' lang='lat' dir='ltr'>nomine</span> <span class='ocrx_word' id='word_1_604' title='bbox 845 1752 1002 1782; x_wconf 72' lang='lat' dir='ltr'>instituitur.</span> <span class='ocrx_word' id='word_1_605' title='bbox 1024 1756 1084 1785; x_wconf 85' lang='lat' dir='ltr'>ibid.</span> <span class='ocrx_word' id='word_1_606' title='bbox 1106 1761 1251 1788; x_wconf 76' lang='lat' dir='ltr'>concurrit</span> 
     </span>
     <span class='ocr_line' id='line_1_123' title="bbox 713 1789 1247 1826; baseline 0.019 -10"><span class='ocrx_word' id='word_1_607' title='bbox 713 1789 850 1818; x_wconf 82' lang='lat' dir='ltr'>interdum</span> <span class='ocrx_word' id='word_1_608' title='bbox 875 1799 937 1819; x_wconf 88' lang='lat' dir='ltr'>cum</span> <span class='ocrx_word' id='word_1_609' title='bbox 966 1791 1158 1824; x_wconf 80' lang='lat' dir='ltr'>redhibitoria.</span> <span class='ocrx_word' id='word_1_610' title='bbox 1186 1798 1247 1826; x_wconf 82' lang='lat' dir='ltr'>ibid.</span> 
     </span>
     <span class='ocr_line' id='line_1_124' title="bbox 713 1827 1248 1869; baseline 0.019 -14"><span class='ocrx_word' id='word_1_611' title='bbox 713 1827 794 1855; x_wconf 72' lang='grc' dir='ltr'>Δξὶίο</span> <span class='ocrx_word' id='word_1_612' title='bbox 808 1828 835 1855; x_wconf 90' lang='lat' dir='ltr'>in</span> <span class='ocrx_word' id='word_1_613' title='bbox 848 1827 956 1857; x_wconf 65' lang='lat' dir='ltr'>faRum.</span> <span class='ocrx_word' id='word_1_614' title='bbox 973 1830 1036 1860; x_wconf 88' lang='lat' dir='ltr'>ibid.</span> <span class='ocrx_word' id='word_1_615' title='bbox 1072 1834 1186 1869; x_wconf 88' lang='lat' dir='ltr'>quando</span> <span class='ocrx_word' id='word_1_616' title='bbox 1202 1837 1248 1864; x_wconf 89' lang='lat' dir='ltr'>de-</span> 
     </span>
     <span class='ocr_line' id='line_1_125' title="bbox 713 1866 1247 1906; baseline 0.019 -14"><span class='ocrx_word' id='word_1_617' title='bbox 713 1870 772 1898; x_wconf 54' lang='lat' dir='ltr'>tur.</span> <span class='ocrx_word' id='word_1_618' title='bbox 795 1866 827 1892; x_wconf 89' lang='lat' dir='ltr'>ad</span> <span class='ocrx_word' id='word_1_619' title='bbox 842 1866 918 1901; x_wconf 89' lang='lat' dir='ltr'>quid.</span> <span class='ocrx_word' id='word_1_620' title='bbox 933 1868 996 1895; x_wconf 82' lang='lat' dir='ltr'>ibid.</span> <span class='ocrx_word' id='word_1_621' title='bbox 1012 1867 1067 1906; x_wconf 70' lang='lat' dir='ltr'>seq.</span> <span class='ocrx_word' id='word_1_622' title='bbox 1087 1871 1247 1903; x_wconf 88' lang='lat' dir='ltr'>AEdilitium</span> 
     </span>
     <span class='ocr_line' id='line_1_126' title="bbox 712 1903 1246 1940; baseline 0.022 -11"><span class='ocrx_word' id='word_1_623' title='bbox 712 1903 840 1931; x_wconf 66' lang='lat' dir='ltr'>Ediitum</span> <span class='ocrx_word' id='word_1_624' title='bbox 854 1906 888 1931; x_wconf 84' lang='lat' dir='ltr'>de</span> <span class='ocrx_word' id='word_1_625' title='bbox 900 1904 1091 1938; x_wconf 85' lang='lat' dir='ltr'>jumentorum</span> <span class='ocrx_word' id='word_1_626' title='bbox 1106 1910 1246 1940; x_wconf 89' lang='lat' dir='ltr'>venditio·</span> 
     </span>
     <span class='ocr_line' id='line_1_127' title="bbox 711 1947 1248 1986; baseline 0.02 -19"><span class='ocrx_word' id='word_1_627' title='bbox 711 1947 757 1968; x_wconf 83' lang='lat' dir='ltr'>ne.</span> <span class='ocrx_word' id='word_1_628' title='bbox 1119 1951 1181 1981; x_wconf 80' lang='lat'>360.</span> <span class='ocrx_word' id='word_1_629' title='bbox 1193 1949 1248 1986; x_wconf 85' lang='lat' dir='ltr'>seq.</span> 
     </span>
     <span class='ocr_line' id='line_1_128' title="bbox 673 1977 1248 2015; baseline 0.023 -12"><span class='ocrx_word' id='word_1_630' title='bbox 673 1977 830 2007; x_wconf 82' lang='lat' dir='ltr'>AEdilitium</span> <span class='ocrx_word' id='word_1_631' title='bbox 854 1979 980 2009; x_wconf 68' lang='lat' dir='ltr'>Edietum</span> <span class='ocrx_word' id='word_1_632' title='bbox 998 1980 1033 2009; x_wconf 89' lang='lat' dir='ltr'>de</span> <span class='ocrx_word' id='word_1_633' title='bbox 1049 1983 1114 2012; x_wconf 80' lang='lat' dir='ltr'>feris</span> <span class='ocrx_word' id='word_1_634' title='bbox 1141 1994 1199 2014; x_wconf 86' lang='lat' dir='ltr'>non</span> <span class='ocrx_word' id='word_1_635' title='bbox 1221 1997 1248 2015; x_wconf 86' lang='lat' dir='ltr'>a·</span> 
     </span>
     <span class='ocr_line' id='line_1_129' title="bbox 714 2016 1247 2059; baseline 0.023 -16"><span class='ocrx_word' id='word_1_636' title='bbox 714 2016 820 2051; x_wconf 80' lang='lat' dir='ltr'>lendis,</span> <span class='ocrx_word' id='word_1_637' title='bbox 841 2025 894 2053; x_wconf 83' lang='lat' dir='ltr'>qua</span> <span class='ocrx_word' id='word_1_638' title='bbox 910 2019 993 2055; x_wconf 86' lang='lat' dir='ltr'>vulgo</span> <span class='ocrx_word' id='word_1_639' title='bbox 1009 2020 1061 2049; x_wconf 86' lang='lat' dir='ltr'>iter</span> <span class='ocrx_word' id='word_1_640' title='bbox 1075 2021 1113 2050; x_wconf 88' lang='lat' dir='ltr'>fit.</span> <span class='ocrx_word' id='word_1_641' title='bbox 1175 2029 1247 2059; x_wconf 84' lang='lat'>176,</span> 
     </span>
     <span class='ocr_line' id='line_1_130' title="bbox 1191 2071 1227 2091; baseline 0.028 -1"><span class='ocrx_word' id='word_1_642' title='bbox 1191 2071 1227 2091; x_wconf 85' lang='lat'>20</span> 
     </span>
     <span class='ocr_line' id='line_1_131' title="bbox 674 2072 1246 2136; baseline 0.017 -17"><span class='ocrx_word' id='word_1_643' title='bbox 674 2090 861 2121; x_wconf 73' lang='lat' dir='ltr'>AEslirnatoria</span> <span class='ocrx_word' id='word_1_644' title='bbox 878 2093 960 2123; x_wconf 73' lang='lat' dir='ltr'>aftio.</span> <span class='ocrx_word' id='word_1_645' title='bbox 1192 2072 1246 2136; x_wconf 51' lang='lat'>373</span> 
     </span>
     <span class='ocr_line' id='line_1_132' title="bbox 674 2130 1244 2174; baseline 0.021 -18"><span class='ocrx_word' id='word_1_646' title='bbox 674 2132 708 2157; x_wconf 87' lang='lat' dir='ltr'>de</span> <span class='ocrx_word' id='word_1_647' title='bbox 724 2130 913 2166; x_wconf 59' lang='lat' dir='ltr'>[ignoscendis</span> <span class='ocrx_word' id='word_1_648' title='bbox 930 2133 981 2161; x_wconf 60' lang='lat' dir='ltr'>&amp;a</span> <span class='ocrx_word' id='word_1_649' title='bbox 1003 2135 1094 2164; x_wconf 86' lang='lat' dir='ltr'>liberis</span> <span class='ocrx_word' id='word_1_650' title='bbox 1111 2136 1161 2166; x_wconf 71' lang='grc' dir='ltr'>ὄις.</span> <span class='ocrx_word' id='word_1_651' title='bbox 1190 2142 1244 2174; x_wconf 88' lang='lat'>418</span> 
     </span>
     <span class='ocr_line' id='line_1_133' title="bbox 674 2168 1074 2211; baseline 0.023 -18"><span class='ocrx_word' id='word_1_652' title='bbox 674 2168 861 2203; x_wconf 66' lang='lat' dir='ltr'>agrimensor.</span> <span class='ocrx_word' id='word_1_653' title='bbox 883 2171 946 2198; x_wconf 87' lang='lat' dir='ltr'>vide</span> <span class='ocrx_word' id='word_1_654' title='bbox 962 2172 1074 2211; x_wconf 74' lang='lat' dir='ltr'>Mensor.</span> 
     </span>
     <span class='ocr_line' id='line_1_134' title="bbox 674 2207 1247 2249; baseline 0.021 -18"><span class='ocrx_word' id='word_1_655' title='bbox 674 2207 840 2234; x_wconf 56' lang='lat' dir='ltr'>Armamerlza</span> <span class='ocrx_word' id='word_1_656' title='bbox 855 2216 915 2243; x_wconf 81' lang='lat' dir='ltr'>quae</span> <span class='ocrx_word' id='word_1_657' title='bbox 931 2209 1064 2240; x_wconf 87' lang='lat' dir='ltr'>dicantur.</span> <span class='ocrx_word' id='word_1_658' title='bbox 1195 2223 1247 2249; x_wconf 82' lang='lat'>150</span> 
     </span>
     <span class='ocr_line' id='line_1_135' title="bbox 674 2244 1248 2287; baseline 0.021 -18"><span class='ocrx_word' id='word_1_659' title='bbox 674 2244 775 2271; x_wconf 85' lang='lat' dir='ltr'>Album</span> <span class='ocrx_word' id='word_1_660' title='bbox 792 2245 810 2271; x_wconf 79' lang='lat' dir='ltr'>si</span> <span class='ocrx_word' id='word_1_661' title='bbox 830 2246 892 2281; x_wconf 88' lang='lat' dir='ltr'>quis</span> <span class='ocrx_word' id='word_1_662' title='bbox 910 2251 1084 2286; x_wconf 81' lang='lat' dir='ltr'>corruperit,</span> <span class='ocrx_word' id='word_1_663' title='bbox 1105 2259 1158 2287; x_wconf 85' lang='lat' dir='ltr'>qua</span> <span class='ocrx_word' id='word_1_664' title='bbox 1167 2253 1248 2281; x_wconf 67' lang='lat' dir='ltr'>aelio-</span> 
     </span>
     <span class='ocr_line' id='line_1_136' title="bbox 714 2288 1246 2327; baseline 0.024 -20"><span class='ocrx_word' id='word_1_665' title='bbox 714 2289 749 2308; x_wconf 90' lang='lat' dir='ltr'>ne</span> <span class='ocrx_word' id='word_1_666' title='bbox 768 2288 903 2311; x_wconf 81' lang='lat' dir='ltr'>teneatur.</span> <span class='ocrx_word' id='word_1_667' title='bbox 1138 2292 1182 2323; x_wconf 85' lang='lat'>38.</span> <span class='ocrx_word' id='word_1_668' title='bbox 1193 2290 1246 2327; x_wconf 85' lang='lat' dir='ltr'>seq.</span> 
     </span>
     <span class='ocr_line' id='line_1_137' title="bbox 678 2318 1247 2356; baseline 0.021 -12"><span class='ocrx_word' id='word_1_669' title='bbox 678 2318 746 2346; x_wconf 77' lang='lat' dir='ltr'>Alea</span> <span class='ocrx_word' id='word_1_670' title='bbox 762 2319 837 2354; x_wconf 90' lang='lat' dir='ltr'>quid.</span> <span class='ocrx_word' id='word_1_671' title='bbox 853 2329 915 2349; x_wconf 86' lang='lat'>202.</span> <span class='ocrx_word' id='word_1_672' title='bbox 956 2324 1050 2353; x_wconf 59' lang='lat' dir='ltr'>Edicta</span> <span class='ocrx_word' id='word_1_673' title='bbox 1066 2325 1100 2353; x_wconf 91' lang='lat' dir='ltr'>de</span> <span class='ocrx_word' id='word_1_674' title='bbox 1119 2327 1247 2356; x_wconf 80' lang='lat' dir='ltr'>aleatori-</span> 
     </span>
     <span class='ocr_line' id='line_1_138' title="bbox 714 2357 1246 2400; baseline 0.021 -17"><span class='ocrx_word' id='word_1_675' title='bbox 714 2357 773 2384; x_wconf 87' lang='lat' dir='ltr'>bus.</span> <span class='ocrx_word' id='word_1_676' title='bbox 791 2357 854 2385; x_wconf 85' lang='lat' dir='ltr'>ibid.</span> <span class='ocrx_word' id='word_1_677' title='bbox 875 2359 909 2386; x_wconf 90' lang='lat' dir='ltr'>de</span> <span class='ocrx_word' id='word_1_678' title='bbox 924 2359 1027 2390; x_wconf 87' lang='lat' dir='ltr'>damno</span> <span class='ocrx_word' id='word_1_679' title='bbox 1047 2362 1113 2393; x_wconf 83' lang='lat' dir='ltr'>dalo</span> <span class='ocrx_word' id='word_1_680' title='bbox 1129 2366 1154 2392; x_wconf 88' lang='lat' dir='ltr'>ei</span> <span class='ocrx_word' id='word_1_681' title='bbox 1169 2367 1246 2400; x_wconf 84' lang='lat' dir='ltr'>cujus</span> 
     </span>
     <span class='ocr_line' id='line_1_139' title="bbox 712 2394 1245 2438; baseline 0.023 -18"><span class='ocrx_word' id='word_1_682' title='bbox 712 2394 740 2421; x_wconf 90' lang='lat' dir='ltr'>in</span> <span class='ocrx_word' id='word_1_683' title='bbox 763 2395 866 2423; x_wconf 82' lang='lat' dir='ltr'>aedibus</span> <span class='ocrx_word' id='word_1_684' title='bbox 887 2397 998 2428; x_wconf 85' lang='lat' dir='ltr'>luditur.</span> <span class='ocrx_word' id='word_1_685' title='bbox 1020 2401 1082 2428; x_wconf 87' lang='lat' dir='ltr'>ibid.</span> <span class='ocrx_word' id='word_1_686' title='bbox 1124 2404 1181 2437; x_wconf 84' lang='lat' dir='ltr'>ejus</span> <span class='ocrx_word' id='word_1_687' title='bbox 1198 2406 1245 2438; x_wconf 80' lang='lat' dir='ltr'>qui</span> 
     </span>
     <span class='ocr_line' id='line_1_140' title="bbox 710 2431 1245 2473; baseline 0.021 -15"><span class='ocrx_word' id='word_1_688' title='bbox 710 2431 806 2460; x_wconf 86' lang='lat' dir='ltr'>ludere</span> <span class='ocrx_word' id='word_1_689' title='bbox 824 2437 958 2470; x_wconf 84' lang='lat' dir='ltr'>compulit</span> <span class='ocrx_word' id='word_1_690' title='bbox 973 2446 1062 2473; x_wconf 81' lang='lat' dir='ltr'>poena.</span> <span class='ocrx_word' id='word_1_691' title='bbox 1079 2440 1140 2467; x_wconf 87' lang='lat' dir='ltr'>ibid.</span> <span class='ocrx_word' id='word_1_692' title='bbox 1161 2442 1245 2470; x_wconf 78' lang='lat' dir='ltr'>amiffi</span> 
     </span>
     <span class='ocr_line' id='line_1_141' title="bbox 710 2470 1243 2515; baseline 0.023 -20"><span class='ocrx_word' id='word_1_693' title='bbox 710 2470 786 2504; x_wconf 77' lang='lat' dir='ltr'>alca,</span> <span class='ocrx_word' id='word_1_694' title='bbox 808 2470 834 2498; x_wconf 82' lang='lat'>&amp;</span> <span class='ocrx_word' id='word_1_695' title='bbox 850 2472 930 2500; x_wconf 84' lang='lat' dir='ltr'>soluti</span> <span class='ocrx_word' id='word_1_696' title='bbox 946 2476 1094 2504; x_wconf 71' lang='lat' dir='ltr'>condictio.</span> <span class='ocrx_word' id='word_1_697' title='bbox 1116 2478 1177 2506; x_wconf 84' lang='lat' dir='ltr'>ibid.</span> <span class='ocrx_word' id='word_1_698' title='bbox 1188 2479 1243 2515; x_wconf 82' lang='lat' dir='ltr'>seq.</span> 
     </span>
     <span class='ocr_line' id='line_1_142' title="bbox 672 2505 1244 2551; baseline 0.023 -18"><span class='ocrx_word' id='word_1_699' title='bbox 672 2505 705 2533; x_wconf 80' lang='lat' dir='ltr'>de</span> <span class='ocrx_word' id='word_1_700' title='bbox 720 2508 835 2537; x_wconf 80' lang='lat' dir='ltr'>Alendis</span> <span class='ocrx_word' id='word_1_701' title='bbox 856 2510 948 2539; x_wconf 84' lang='lat' dir='ltr'>liberis</span> <span class='ocrx_word' id='word_1_702' title='bbox 963 2512 1015 2541; x_wconf 74' lang='grc' dir='ltr'>ἃς.</span> <span class='ocrx_word' id='word_1_703' title='bbox 1191 2520 1244 2551; x_wconf 87' lang='lat'>418</span> 
     </span>
     <span class='ocr_line' id='line_1_143' title="bbox 672 2546 1244 2589; baseline 0.019 -18"><span class='ocrx_word' id='word_1_704' title='bbox 672 2546 814 2574; x_wconf 64' lang='lat' dir='ltr'>Alit-natio</span> <span class='ocrx_word' id='word_1_705' title='bbox 834 2548 909 2583; x_wconf 86' lang='lat' dir='ltr'>quid.</span> <span class='ocrx_word' id='word_1_706' title='bbox 1116 2560 1244 2589; x_wconf 81' lang='lat'>103,397</span> 
     </span>
     <span class='ocr_line' id='line_1_144' title="bbox 671 2583 1246 2622; baseline 0.021 -13"><span class='ocrx_word' id='word_1_707' title='bbox 671 2583 780 2611; x_wconf 80' lang='lat' dir='ltr'>Amota:</span> <span class='ocrx_word' id='word_1_708' title='bbox 804 2593 845 2612; x_wconf 87' lang='lat' dir='ltr'>res</span> <span class='ocrx_word' id='word_1_709' title='bbox 860 2586 902 2614; x_wconf 88' lang='lat' dir='ltr'>vel</span> <span class='ocrx_word' id='word_1_710' title='bbox 921 2590 980 2622; x_wconf 75' lang='lat' dir='ltr'>&#39;quae</span> <span class='ocrx_word' id='word_1_711' title='bbox 1005 2586 1141 2618; x_wconf 84' lang='lat' dir='ltr'>dicantur.</span> <span class='ocrx_word' id='word_1_712' title='bbox 1181 2593 1246 2620; x_wconf 82' lang='lat' dir='ltr'>vide</span> 
     </span>
     <span class='ocr_line' id='line_1_145' title="bbox 712 2621 921 2651; baseline 0.019 -4"><span class='ocrx_word' id='word_1_713' title='bbox 712 2621 769 2647; x_wconf 60' lang='lat' dir='ltr'>Rer.</span> <span class='ocrx_word' id='word_1_714' title='bbox 783 2629 856 2650; x_wconf 72' lang='lat' dir='ltr'>timot.</span> <span class='ocrx_word' id='word_1_715' title='bbox 872 2623 921 2651; x_wconf 64' lang='lat' dir='ltr'>aii.</span> 
     </span>
     <span class='ocr_line' id='line_1_146' title="bbox 670 2657 1242 2697; baseline 0.021 -12"><span class='ocrx_word' id='word_1_716' title='bbox 670 2657 788 2687; x_wconf 86' lang='lat' dir='ltr'>Annulis</span> <span class='ocrx_word' id='word_1_717' title='bbox 815 2660 970 2697; x_wconf 74' lang='lat' dir='ltr'>fignatorils</span> <span class='ocrx_word' id='word_1_718' title='bbox 995 2663 1064 2692; x_wconf 77' lang='lat' dir='ltr'>servi</span> <span class='ocrx_word' id='word_1_719' title='bbox 1086 2666 1242 2697; x_wconf 84' lang='lat' dir='ltr'>utebantur.</span> 
     </span>
     <span class='ocr_line' id='line_1_147' title="bbox 1210 2710 1243 2735; baseline -0.03 0"><span class='ocrx_word' id='word_1_720' title='bbox 1210 2710 1243 2735; x_wconf 88' lang='lat'>61</span> 
     </span>
     <span class='ocr_line' id='line_1_148' title="bbox 668 2714 1241 2778; baseline 0.024 -20"><span class='ocrx_word' id='word_1_721' title='bbox 668 2733 714 2759; x_wconf 83' lang='lat' dir='ltr'>Aci</span> <span class='ocrx_word' id='word_1_722' title='bbox 730 2733 762 2760; x_wconf 91' lang='lat' dir='ltr'>L.</span> <span class='ocrx_word' id='word_1_723' title='bbox 780 2735 922 2770; x_wconf 80' lang='lat' dir='ltr'>Aquiliam.</span> <span class='ocrx_word' id='word_1_724' title='bbox 1190 2714 1241 2778; x_wconf 65' lang='lat' dir='ltr'>i378</span> 
     </span>
     <span class='ocr_line' id='line_1_149' title="bbox 668 2771 1242 2815; baseline 0.019 -19"><span class='ocrx_word' id='word_1_725' title='bbox 668 2771 786 2799; x_wconf 74' lang='lat' dir='ltr'>Arbiter.</span> <span class='ocrx_word' id='word_1_726' title='bbox 800 2777 860 2800; x_wconf 78' lang='lat'>106.</span> <span class='ocrx_word' id='word_1_727' title='bbox 885 2775 946 2809; x_wconf 73' lang='lat' dir='ltr'>quis</span> <span class='ocrx_word' id='word_1_728' title='bbox 961 2776 1064 2805; x_wconf 82' lang='lat' dir='ltr'>arbiter</span> <span class='ocrx_word' id='word_1_729' title='bbox 1079 2778 1132 2806; x_wconf 78' lang='lat' dir='ltr'>effe</span> <span class='ocrx_word' id='word_1_730' title='bbox 1148 2788 1242 2815; x_wconf 80' lang='lat' dir='ltr'>queat.</span> 
     </span>
     <span class='ocr_line' id='line_1_150' title="bbox 713 2811 1242 2853; baseline 0.023 -19"><span class='ocrx_word' id='word_1_731' title='bbox 713 2815 774 2841; x_wconf 87' lang='lat'>107.</span> <span class='ocrx_word' id='word_1_732' title='bbox 806 2811 930 2846; x_wconf 83' lang='lat' dir='ltr'>rtcipere</span> <span class='ocrx_word' id='word_1_733' title='bbox 953 2813 1094 2843; x_wconf 80' lang='lat' dir='ltr'>arbitrium</span> <span class='ocrx_word' id='word_1_734' title='bbox 1121 2819 1186 2853; x_wconf 86' lang='lat' dir='ltr'>quid</span> <span class='ocrx_word' id='word_1_735' title='bbox 1202 2819 1242 2847; x_wconf 83' lang='lat' dir='ltr'>fit.</span> 
     </span>
     <span class='ocr_line' id='line_1_151' title="bbox 706 2846 1242 2888; baseline 0.022 -16"><span class='ocrx_word' id='word_1_736' title='bbox 706 2846 770 2873; x_wconf 86' lang='lat' dir='ltr'>ibid.</span> <span class='ocrx_word' id='word_1_737' title='bbox 797 2856 852 2875; x_wconf 88' lang='lat' dir='ltr'>non</span> <span class='ocrx_word' id='word_1_738' title='bbox 877 2849 955 2878; x_wconf 80' lang='lat' dir='ltr'>aliter</span> <span class='ocrx_word' id='word_1_739' title='bbox 976 2853 996 2878; x_wconf 84' lang='lat' dir='ltr'>is</span> <span class='ocrx_word' id='word_1_740' title='bbox 1011 2855 1122 2888; x_wconf 72' lang='lat' dir='ltr'>cogitur</span> <span class='ocrx_word' id='word_1_741' title='bbox 1139 2855 1242 2884; x_wconf 80' lang='lat' dir='ltr'>senten-</span> 
     </span>
     <span class='ocr_line' id='line_1_152' title="bbox 707 2884 1242 2929; baseline 0.024 -20"><span class='ocrx_word' id='word_1_742' title='bbox 707 2885 770 2911; x_wconf 83' lang='lat' dir='ltr'>tiam</span> <span class='ocrx_word' id='word_1_743' title='bbox 785 2884 878 2912; x_wconf 85' lang='lat' dir='ltr'>dicere</span> <span class='ocrx_word' id='word_1_744' title='bbox 892 2905 900 2919; x_wconf 87' lang='lat'><strong>,</strong></span> <span class='ocrx_word' id='word_1_745' title='bbox 928 2898 1008 2924; x_wconf 84' lang='lat' dir='ltr'>quam</span> <span class='ocrx_word' id='word_1_746' title='bbox 1029 2890 1045 2918; x_wconf 82' lang='lat' dir='ltr'>fr</span> <span class='ocrx_word' id='word_1_747' title='bbox 1069 2892 1094 2919; x_wconf 87' lang='lat' dir='ltr'>in</span> <span class='ocrx_word' id='word_1_748' title='bbox 1117 2901 1178 2921; x_wconf 86' lang='lat' dir='ltr'>eum</span> <span class='ocrx_word' id='word_1_749' title='bbox 1196 2902 1242 2929; x_wconf 85' lang='lat' dir='ltr'>pe·</span> 
     </span>
     <span class='ocr_line' id='line_1_153' title="bbox 706 2922 1241 2962; baseline 0.024 -15"><span class='ocrx_word' id='word_1_750' title='bbox 706 2923 786 2948; x_wconf 89' lang='lat' dir='ltr'>cunia</span> <span class='ocrx_word' id='word_1_751' title='bbox 808 2922 838 2950; x_wconf 83' lang='lat' dir='ltr'>fit</span> <span class='ocrx_word' id='word_1_752' title='bbox 859 2927 1059 2962; x_wconf 75' lang='lat' dir='ltr'>compromissa.</span> <span class='ocrx_word' id='word_1_753' title='bbox 1081 2931 1142 2958; x_wconf 83' lang='lat' dir='ltr'>ibid.</span> <span class='ocrx_word' id='word_1_754' title='bbox 1185 2931 1241 2959; x_wconf 89' lang='lat' dir='ltr'>hoc</span> 
     </span>
     <span class='ocr_line' id='line_1_154' title="bbox 705 2958 1238 2998; baseline 0.026 -14"><span class='ocrx_word' id='word_1_755' title='bbox 705 2959 770 2994; x_wconf 70' lang='lat' dir='ltr'>quid</span> <span class='ocrx_word' id='word_1_756' title='bbox 780 2958 818 2987; x_wconf 81' lang='lat' dir='ltr'>fit.</span> <span class='ocrx_word' id='word_1_757' title='bbox 828 2961 888 2989; x_wconf 80' lang='lat' dir='ltr'>ibid.</span> <span class='ocrx_word' id='word_1_758' title='bbox 902 2967 962 2992; x_wconf 79' lang='lat'>108.</span> <span class='ocrx_word' id='word_1_759' title='bbox 984 2965 1087 2994; x_wconf 75' lang='lat' dir='ltr'>Praetor</span> <span class='ocrx_word' id='word_1_760' title='bbox 1106 2968 1238 2998; x_wconf 76' lang='lat' dir='ltr'>arbitrum</span> 
     </span>
     <span class='ocr_line' id='line_1_155' title="bbox 705 2996 1236 3042; baseline 0.024 -20"><span class='ocrx_word' id='word_1_761' title='bbox 705 2996 843 3025; x_wconf 84' lang='lat' dir='ltr'>interdum</span> <span class='ocrx_word' id='word_1_762' title='bbox 865 3002 982 3030; x_wconf 76' lang='lat' dir='ltr'>excusat.</span> <span class='ocrx_word' id='word_1_763' title='bbox 1004 3003 1065 3032; x_wconf 87' lang='lat' dir='ltr'>ibid.</span> <span class='ocrx_word' id='word_1_764' title='bbox 1089 3014 1150 3039; x_wconf 87' lang='lat'>109.</span> <span class='ocrx_word' id='word_1_765' title='bbox 1168 3015 1236 3042; x_wconf 80' lang='lat' dir='ltr'>quo-</span> 
     </span>
     <span class='ocr_line' id='line_1_156' title="bbox 704 3034 1236 3073; baseline 0.023 -13"><span class='ocrx_word' id='word_1_766' title='bbox 704 3034 790 3062; x_wconf 89' lang='lat' dir='ltr'>modo</span> <span class='ocrx_word' id='word_1_767' title='bbox 806 3035 830 3061; x_wconf 65' lang='grc' dir='ltr'>ἃ</span> <span class='ocrx_word' id='word_1_768' title='bbox 845 3045 898 3072; x_wconf 81' lang='lat' dir='ltr'>qua</span> <span class='ocrx_word' id='word_1_769' title='bbox 913 3040 938 3066; x_wconf 91' lang='lat' dir='ltr'>vi</span> <span class='ocrx_word' id='word_1_770' title='bbox 954 3041 1056 3069; x_wconf 76' lang='lat' dir='ltr'>arbiter</span> <span class='ocrx_word' id='word_1_771' title='bbox 1078 3043 1236 3073; x_wconf 70' lang='lat' dir='ltr'>sententiam</span> 
     </span>
     <span class='ocr_line' id='line_1_157' title="bbox 703 3070 1236 3115; baseline 0.024 -18"><span class='ocrx_word' id='word_1_772' title='bbox 703 3070 784 3099; x_wconf 78' lang='lat' dir='ltr'>dicat.</span> <span class='ocrx_word' id='word_1_773' title='bbox 810 3074 870 3101; x_wconf 85' lang='lat' dir='ltr'>ibid.</span> <span class='ocrx_word' id='word_1_774' title='bbox 912 3078 1006 3106; x_wconf 85' lang='lat' dir='ltr'>arbitri</span> <span class='ocrx_word' id='word_1_775' title='bbox 1028 3079 1150 3110; x_wconf 79' lang='lat' dir='ltr'>officium</span> <span class='ocrx_word' id='word_1_776' title='bbox 1166 3104 1172 3115; x_wconf 91' lang='lat'><strong><em>‚</em></strong></span> <span class='ocrx_word' id='word_1_777' title='bbox 1195 3081 1236 3110; x_wconf 68' lang='lat' dir='ltr'>‘ex</span> 
     </span>
     <span class='ocr_line' id='line_1_158' title="bbox 702 3112 1236 3153; baseline 0.019 -18"><span class='ocrx_word' id='word_1_778' title='bbox 702 3112 899 3145; x_wconf 78' lang='lat' dir='ltr'>compromiffi)</span> <span class='ocrx_word' id='word_1_779' title='bbox 925 3114 1013 3150; x_wconf 79' lang='lat' dir='ltr'>legem</span> <span class='ocrx_word' id='word_1_780' title='bbox 1034 3119 1138 3153; x_wconf 79' lang='lat' dir='ltr'>accipit.</span> <span class='ocrx_word' id='word_1_781' title='bbox 1171 3120 1236 3146; x_wconf 84' lang='lat' dir='ltr'>ibid.</span> 
     </span>
     <span class='ocr_line' id='line_1_159' title="bbox 703 3147 1234 3191; baseline 0.023 -19"><span class='ocrx_word' id='word_1_782' title='bbox 703 3147 841 3176; x_wconf 84' lang='lat' dir='ltr'>arbitrium</span> <span class='ocrx_word' id='word_1_783' title='bbox 863 3151 935 3179; x_wconf 82' lang='lat' dir='ltr'>ferre</span> <span class='ocrx_word' id='word_1_784' title='bbox 959 3153 1042 3182; x_wconf 67' lang='lat' dir='ltr'>debet</span> <span class='ocrx_word' id='word_1_785' title='bbox 1059 3157 1234 3191; x_wconf 80' lang='lat' dir='ltr'>praesentibus</span> 
     </span>
     <span class='ocr_line' id='line_1_160' title="bbox 704 3183 1235 3229; baseline 0.023 -19"><span class='ocrx_word' id='word_1_786' title='bbox 704 3183 883 3219; x_wconf 71' lang='lat' dir='ltr'>litigantibus.</span> <span class='ocrx_word' id='word_1_787' title='bbox 904 3191 967 3218; x_wconf 79' lang='lat' dir='ltr'>ibid.</span> <span class='ocrx_word' id='word_1_788' title='bbox 993 3191 1043 3229; x_wconf 82' lang='lat' dir='ltr'>seq.</span> <span class='ocrx_word' id='word_1_789' title='bbox 1086 3194 1189 3222; x_wconf 73' lang='lat' dir='ltr'>debent</span> <span class='ocrx_word' id='word_1_790' title='bbox 1210 3193 1235 3219; x_wconf 66' lang='grc' dir='ltr'>ὅ(</span> 
     </span>
     <span class='ocr_line' id='line_1_161' title="bbox 704 3223 1233 3262; baseline 0.021 -14"><span class='ocrx_word' id='word_1_791' title='bbox 704 3223 797 3250; x_wconf 74' lang='lat' dir='ltr'>arbitri</span> <span class='ocrx_word' id='word_1_792' title='bbox 813 3233 908 3253; x_wconf 79' lang='lat' dir='ltr'>omnes</span> <span class='ocrx_word' id='word_1_793' title='bbox 926 3229 978 3256; x_wconf 76' lang='lat' dir='ltr'>else</span> <span class='ocrx_word' id='word_1_794' title='bbox 994 3231 1148 3262; x_wconf 53' lang='lat' dir='ltr'>prasente&amp;</span> <span class='ocrx_word' id='word_1_795' title='bbox 1174 3238 1233 3257; x_wconf 72' lang='lat'>110-</span> 
     </span>
     <span class='ocr_line' id='line_1_162' title="bbox 702 3260 1234 3300; baseline 0.021 -14"><span class='ocrx_word' id='word_1_796' title='bbox 702 3260 841 3300; x_wconf 60' lang='lat' dir='ltr'>lentenriae</span> <span class='ocrx_word' id='word_1_797' title='bbox 857 3266 949 3292; x_wconf 77' lang='lat' dir='ltr'>arbitri</span> <span class='ocrx_word' id='word_1_798' title='bbox 964 3267 1154 3296; x_wconf 46' lang='lat' dir='ltr'>ellecftumbid.</span> <span class='ocrx_word' id='word_1_799' title='bbox 1169 3266 1234 3300; x_wconf 67' lang='lat' dir='ltr'>(inid</span> 
     </span>
     <span class='ocr_line' id='line_1_163' title="bbox 701 3298 1236 3368; baseline 0.019 -44"><span class='ocrx_word' id='word_1_800' title='bbox 701 3298 731 3326; x_wconf 75' lang='lat' dir='ltr'>iit</span> <span class='ocrx_word' id='word_1_801' title='bbox 746 3307 802 3327; x_wconf 87' lang='lat' dir='ltr'>non</span> <span class='ocrx_word' id='word_1_802' title='bbox 818 3300 885 3329; x_wconf 71' lang='lat' dir='ltr'>liare</span> <span class='ocrx_word' id='word_1_803' title='bbox 902 3302 1041 3333; x_wconf 69' lang='lat' dir='ltr'>stntentrae</span> <span class='ocrx_word' id='word_1_804' title='bbox 1057 3307 1148 3334; x_wconf 77' lang='lat' dir='ltr'>arbitri</span> <span class='ocrx_word' id='word_1_805' title='bbox 1167 3303 1236 3368; x_wconf 48' lang='lat' dir='ltr'>&lt;bid-</span> 
     </span>
     <span class='ocr_line' id='line_1_164' title="bbox 1161 3349 1238 3369; baseline -0.026 0"><span class='ocrx_word' id='word_1_806' title='bbox 1161 3361 1171 3369; x_wconf 63' lang='lat' dir='ltr'>e</span> <span class='ocrx_word' id='word_1_807' title='bbox 1197 3349 1238 3368; x_wconf 66' lang='lat' dir='ltr'>llll</span> 
     </span>
    </p>
   </div>
   <div class='ocr_carea' id='block_1_21' title="bbox 1290 1080 1709 1158">
    <p class='ocr_par' dir='ltr' id='par_1_34' title="bbox 1290 1080 1709 1158">
     <span class='ocr_line' id='line_1_165' title="bbox 1329 1080 1576 1111; baseline 0.012 -3"><span class='ocrx_word' id='word_1_808' title='bbox 1329 1080 1493 1110; x_wconf 82' lang='lat' dir='ltr'>hereditatis</span> <span class='ocrx_word' id='word_1_809' title='bbox 1508 1084 1576 1111; x_wconf 88' lang='lat' dir='ltr'>utili.</span> 
     </span>
     <span class='ocr_line' id='line_1_166' title="bbox 1290 1118 1709 1158; baseline 0.014 -13"><span class='ocrx_word' id='word_1_810' title='bbox 1290 1118 1321 1146; x_wconf 88' lang='lat' dir='ltr'>In</span> <span class='ocrx_word' id='word_1_811' title='bbox 1336 1119 1422 1147; x_wconf 79' lang='lat' dir='ltr'>Bonis</span> <span class='ocrx_word' id='word_1_812' title='bbox 1439 1120 1493 1149; x_wconf 80' lang='lat' dir='ltr'>effe</span> <span class='ocrx_word' id='word_1_813' title='bbox 1509 1120 1577 1158; x_wconf 87' lang='lat' dir='ltr'>quid</span> <span class='ocrx_word' id='word_1_814' title='bbox 1595 1123 1709 1152; x_wconf 83' lang='lat' dir='ltr'>dicatur.</span> 
     </span>
    </p>
   </div>
   <div class='ocr_carea' id='block_1_22' title="bbox 1565 1197 1597 1226">
    <p class='ocr_par' dir='ltr' id='par_1_35' title="bbox 1565 1197 1597 1226">
     <span class='ocr_line' id='line_1_167' title="bbox 1565 1197 1597 1226; baseline 0.031 -1"><span class='ocrx_word' id='word_1_815' title='bbox 1565 1197 1597 1226; x_wconf 89' lang='lat' dir='ltr'>C.</span> 
     </span>
    </p>
   </div>
   <div class='ocr_carea' id='block_1_23' title="bbox 1813 1090 1870 1162">
    <p class='ocr_par' dir='ltr' id='par_1_36' title="bbox 1813 1090 1870 1162">
     <span class='ocr_line' id='line_1_168' title="bbox 1817 1090 1870 1123; baseline 0.019 -7"><span class='ocrx_word' id='word_1_816' title='bbox 1817 1090 1870 1123; x_wconf 84' lang='lat'>148</span> 
     </span>
     <span class='ocr_line' id='line_1_169' title="bbox 1813 1132 1867 1162; baseline 0 -1"><span class='ocrx_word' id='word_1_817' title='bbox 1813 1132 1867 1162; x_wconf 83' lang='lat'>343</span> 
     </span>
    </p>
   </div>
   <div class='ocr_carea' id='block_1_24' title="bbox 1288 1266 1867 1352">
    <p class='ocr_par' dir='ltr' id='par_1_37' title="bbox 1288 1266 1867 1352">
     <span class='ocr_line' id='line_1_170' title="bbox 1288 1266 1867 1335; baseline 0.017 -39"><span class='ocrx_word' id='word_1_818' title='bbox 1288 1266 1525 1335; x_wconf 75' lang='lat' dir='ltr'>Calumniator.</span> <span class='ocrx_word' id='word_1_819' title='bbox 1544 1279 1586 1306; x_wconf 88' lang='lat'>79.</span> <span class='ocrx_word' id='word_1_820' title='bbox 1627 1273 1661 1302; x_wconf 86' lang='lat' dir='ltr'>de</span> <span class='ocrx_word' id='word_1_821' title='bbox 1685 1284 1720 1303; x_wconf 87' lang='lat' dir='ltr'>eo</span> <span class='ocrx_word' id='word_1_822' title='bbox 1736 1276 1867 1306; x_wconf 66' lang='lat' dir='ltr'>Praetoris</span> 
     </span>
     <span class='ocr_line' id='line_1_171' title="bbox 1376 1308 1865 1352; baseline 0.018 -17"><span class='ocrx_word' id='word_1_823' title='bbox 1376 1308 1514 1338; x_wconf 65' lang='lat' dir='ltr'>Etiiftum.</span> <span class='ocrx_word' id='word_1_824' title='bbox 1525 1311 1588 1338; x_wconf 86' lang='lat' dir='ltr'>ibid.</span> <span class='ocrx_word' id='word_1_825' title='bbox 1610 1312 1793 1343; x_wconf 78' lang='lat' dir='ltr'>calumniator</span> <span class='ocrx_word' id='word_1_826' title='bbox 1802 1316 1865 1352; x_wconf 86' lang='lat' dir='ltr'>quis</span> 
     </span>
    </p>
   </div>
   <div class='ocr_carea' id='block_1_25' title="bbox 1275 1346 1864 2100">
    <p class='ocr_par' dir='ltr' id='par_1_38' title="bbox 1275 1346 1864 2100">
     <span class='ocr_line' id='line_1_172' title="bbox 1325 1346 1862 1384; baseline 0.013 -10"><span class='ocrx_word' id='word_1_827' title='bbox 1325 1346 1441 1374; x_wconf 86' lang='lat' dir='ltr'>dicatur.</span> <span class='ocrx_word' id='word_1_828' title='bbox 1464 1348 1523 1376; x_wconf 83' lang='lat' dir='ltr'>ibid.</span> <span class='ocrx_word' id='word_1_829' title='bbox 1565 1350 1626 1384; x_wconf 84' lang='lat' dir='ltr'>quis</span> <span class='ocrx_word' id='word_1_830' title='bbox 1651 1350 1705 1379; x_wconf 89' lang='lat' dir='ltr'>hoc</span> <span class='ocrx_word' id='word_1_831' title='bbox 1732 1353 1862 1381; x_wconf 79' lang='lat' dir='ltr'>Praetoris</span> 
     </span>
     <span class='ocr_line' id='line_1_173' title="bbox 1324 1383 1864 1427; baseline 0.015 -16"><span class='ocrx_word' id='word_1_832' title='bbox 1324 1383 1423 1412; x_wconf 66' lang='lat' dir='ltr'>Edicto</span> <span class='ocrx_word' id='word_1_833' title='bbox 1437 1391 1574 1413; x_wconf 86' lang='lat' dir='ltr'>teneatur.</span> <span class='ocrx_word' id='word_1_834' title='bbox 1597 1387 1659 1415; x_wconf 85' lang='lat' dir='ltr'>ibid.</span> <span class='ocrx_word' id='word_1_835' title='bbox 1700 1390 1784 1417; x_wconf 84' lang='lat' dir='ltr'>etiam</span> <span class='ocrx_word' id='word_1_836' title='bbox 1800 1399 1864 1427; x_wconf 93' lang='lat' dir='ltr'>por-</span> 
     </span>
     <span class='ocr_line' id='line_1_174' title="bbox 1325 1422 1863 1462; baseline 0.017 -14"><span class='ocrx_word' id='word_1_837' title='bbox 1325 1422 1427 1449; x_wconf 63' lang='lat' dir='ltr'>reelum</span> <span class='ocrx_word' id='word_1_838' title='bbox 1453 1423 1490 1451; x_wconf 87' lang='lat' dir='ltr'>est</span> <span class='ocrx_word' id='word_1_839' title='bbox 1505 1423 1541 1451; x_wconf 90' lang='lat' dir='ltr'>ad</span> <span class='ocrx_word' id='word_1_840' title='bbox 1563 1423 1629 1453; x_wconf 85' lang='lat' dir='ltr'>alias</span> <span class='ocrx_word' id='word_1_841' title='bbox 1653 1425 1761 1462; x_wconf 85' lang='lat' dir='ltr'>iniquas</span> <span class='ocrx_word' id='word_1_842' title='bbox 1779 1436 1863 1457; x_wconf 78' lang='lat' dir='ltr'>vexa-</span> 
     </span>
     <span class='ocr_line' id='line_1_175' title="bbox 1323 1460 1864 1500; baseline 0.007 -13"><span class='ocrx_word' id='word_1_843' title='bbox 1323 1466 1416 1487; x_wconf 84' lang='lat' dir='ltr'>trones</span> <span class='ocrx_word' id='word_1_844' title='bbox 1433 1468 1531 1496; x_wconf 61' lang='lat' dir='ltr'>praeter</span> <span class='ocrx_word' id='word_1_845' title='bbox 1547 1460 1618 1490; x_wconf 80' lang='lat' dir='ltr'>lites.</span> <span class='ocrx_word' id='word_1_846' title='bbox 1630 1465 1674 1491; x_wconf 91' lang='lat'>80.</span> <span class='ocrx_word' id='word_1_847' title='bbox 1696 1464 1762 1500; x_wconf 90' lang='lat' dir='ltr'>quid</span> <span class='ocrx_word' id='word_1_848' title='bbox 1778 1473 1864 1500; x_wconf 53' lang='lat' dir='ltr'>pecu.</span> 
     </span>
     <span class='ocr_line' id='line_1_176' title="bbox 1321 1498 1863 1533; baseline 0.017 -9"><span class='ocrx_word' id='word_1_849' title='bbox 1321 1498 1395 1526; x_wconf 85' lang='lat' dir='ltr'>niam</span> <span class='ocrx_word' id='word_1_850' title='bbox 1423 1498 1550 1533; x_wconf 85' lang='lat' dir='ltr'>accipere</span> <span class='ocrx_word' id='word_1_851' title='bbox 1579 1506 1660 1528; x_wconf 86' lang='lat' dir='ltr'>notet</span> <span class='ocrx_word' id='word_1_852' title='bbox 1690 1501 1717 1529; x_wconf 89' lang='lat' dir='ltr'>in</span> <span class='ocrx_word' id='word_1_853' title='bbox 1752 1502 1863 1533; x_wconf 67' lang='lat' dir='ltr'>Edicto.</span> 
     </span>
     <span class='ocr_line' id='line_1_177' title="bbox 1320 1535 1863 1571; baseline 0.017 -10"><span class='ocrx_word' id='word_1_854' title='bbox 1320 1535 1383 1562; x_wconf 54' lang='lat' dir='ltr'>ibid.</span> <span class='ocrx_word' id='word_1_855' title='bbox 1425 1542 1522 1564; x_wconf 89' lang='lat' dir='ltr'>contra</span> <span class='ocrx_word' id='word_1_856' title='bbox 1542 1544 1625 1571; x_wconf 89' lang='lat' dir='ltr'>quem</span> <span class='ocrx_word' id='word_1_857' title='bbox 1647 1537 1704 1566; x_wconf 81' lang='lat' dir='ltr'>haec</span> <span class='ocrx_word' id='word_1_858' title='bbox 1728 1540 1800 1569; x_wconf 72' lang='lat' dir='ltr'>aeuo</span> <span class='ocrx_word' id='word_1_859' title='bbox 1816 1541 1863 1570; x_wconf 88' lang='lat' dir='ltr'>de-</span> 
     </span>
     <span class='ocr_line' id='line_1_178' title="bbox 1321 1572 1863 1615; baseline 0.013 -16"><span class='ocrx_word' id='word_1_860' title='bbox 1321 1579 1374 1600; x_wconf 89' lang='lat' dir='ltr'>tur.</span> <span class='ocrx_word' id='word_1_861' title='bbox 1391 1573 1454 1601; x_wconf 86' lang='lat' dir='ltr'>ibid.</span> <span class='ocrx_word' id='word_1_862' title='bbox 1475 1574 1520 1601; x_wconf 88' lang='lat' dir='ltr'>cui</span> <span class='ocrx_word' id='word_1_863' title='bbox 1536 1572 1625 1603; x_wconf 87' lang='lat' dir='ltr'>detur.</span> <span class='ocrx_word' id='word_1_864' title='bbox 1648 1576 1712 1604; x_wconf 86' lang='lat' dir='ltr'>ibid.</span> <span class='ocrx_word' id='word_1_865' title='bbox 1733 1576 1767 1604; x_wconf 91' lang='lat' dir='ltr'>ad</span> <span class='ocrx_word' id='word_1_866' title='bbox 1782 1579 1863 1615; x_wconf 86' lang='lat' dir='ltr'>quid.</span> 
     </span>
     <span class='ocr_line' id='line_1_179' title="bbox 1318 1610 1861 1649; baseline 0.015 -12"><span class='ocrx_word' id='word_1_867' title='bbox 1318 1610 1380 1638; x_wconf 84' lang='lat' dir='ltr'>ibid.</span> <span class='ocrx_word' id='word_1_868' title='bbox 1402 1611 1515 1646; x_wconf 85' lang='lat' dir='ltr'>quando</span> <span class='ocrx_word' id='word_1_869' title='bbox 1529 1611 1714 1649; x_wconf 81' lang='lat' dir='ltr'>quadruplum</span> <span class='ocrx_word' id='word_1_870' title='bbox 1731 1614 1763 1642; x_wconf 85' lang='lat' dir='ltr'>fit</span> <span class='ocrx_word' id='word_1_871' title='bbox 1782 1625 1861 1646; x_wconf 88' lang='lat' dir='ltr'>mere</span> 
     </span>
     <span class='ocr_line' id='line_1_180' title="bbox 1319 1649 1859 1686; baseline 0.013 -11"><span class='ocrx_word' id='word_1_872' title='bbox 1319 1649 1440 1684; x_wconf 84' lang='lat' dir='ltr'>poenale.</span> <span class='ocrx_word' id='word_1_873' title='bbox 1459 1650 1520 1677; x_wconf 82' lang='lat' dir='ltr'>ibid.</span> <span class='ocrx_word' id='word_1_874' title='bbox 1549 1658 1601 1678; x_wconf 85' lang='lat' dir='ltr'>nec</span> <span class='ocrx_word' id='word_1_875' title='bbox 1614 1650 1712 1679; x_wconf 85' lang='lat' dir='ltr'>heredi</span> <span class='ocrx_word' id='word_1_876' title='bbox 1726 1674 1733 1686; x_wconf 91' lang='lat'><em>,</em></span> <span class='ocrx_word' id='word_1_877' title='bbox 1755 1661 1808 1681; x_wconf 89' lang='lat' dir='ltr'>nec</span> <span class='ocrx_word' id='word_1_878' title='bbox 1828 1655 1859 1685; x_wconf 85' lang='lat' dir='ltr'>in</span> 
     </span>
     <span class='ocr_line' id='line_1_181' title="bbox 1318 1686 1858 1724; baseline 0.015 -11"><span class='ocrx_word' id='word_1_879' title='bbox 1318 1686 1451 1714; x_wconf 88' lang='lat' dir='ltr'>heredem</span> <span class='ocrx_word' id='word_1_880' title='bbox 1467 1687 1557 1715; x_wconf 87' lang='lat' dir='ltr'>datur.</span> <span class='ocrx_word' id='word_1_881' title='bbox 1578 1690 1622 1717; x_wconf 90' lang='lat'>81.</span> <span class='ocrx_word' id='word_1_882' title='bbox 1649 1697 1711 1724; x_wconf 85' lang='lat' dir='ltr'>quae</span> <span class='ocrx_word' id='word_1_883' title='bbox 1733 1691 1858 1721; x_wconf 75' lang='lat' dir='ltr'>afflones</span> 
     </span>
     <span class='ocr_line' id='line_1_182' title="bbox 1317 1725 1856 1760; baseline 0.015 -9"><span class='ocrx_word' id='word_1_884' title='bbox 1317 1732 1380 1752; x_wconf 88' lang='lat' dir='ltr'>cum</span> <span class='ocrx_word' id='word_1_885' title='bbox 1398 1725 1483 1752; x_wconf 86' lang='lat' dir='ltr'>hacce</span> <span class='ocrx_word' id='word_1_886' title='bbox 1499 1734 1676 1755; x_wconf 87' lang='lat' dir='ltr'>concurrant.</span> <span class='ocrx_word' id='word_1_887' title='bbox 1790 1730 1856 1760; x_wconf 82' lang='lat' dir='ltr'>ibid.</span> 
     </span>
     <span class='ocr_line' id='line_1_183' title="bbox 1278 1760 1860 1803; baseline 0.015 -15"><span class='ocrx_word' id='word_1_888' title='bbox 1278 1760 1362 1789; x_wconf 87' lang='lat' dir='ltr'>Canis</span> <span class='ocrx_word' id='word_1_889' title='bbox 1381 1761 1420 1790; x_wconf 86' lang='lat' dir='ltr'>est</span> <span class='ocrx_word' id='word_1_890' title='bbox 1434 1761 1490 1790; x_wconf 87' lang='lat' dir='ltr'>fera</span> <span class='ocrx_word' id='word_1_891' title='bbox 1505 1763 1599 1792; x_wconf 83' lang='lat' dir='ltr'>bestia.</span> <span class='ocrx_word' id='word_1_892' title='bbox 1803 1773 1860 1803; x_wconf 83' lang='lat'>176</span> 
     </span>
     <span class='ocr_line' id='line_1_184' title="bbox 1278 1796 1856 1842; baseline 0.01 -16"><span class='ocrx_word' id='word_1_893' title='bbox 1278 1796 1411 1835; x_wconf 81' lang='lat' dir='ltr'>Capitalis</span> <span class='ocrx_word' id='word_1_894' title='bbox 1427 1799 1501 1829; x_wconf 86' lang='lat' dir='ltr'>fraus</span> <span class='ocrx_word' id='word_1_895' title='bbox 1517 1800 1588 1837; x_wconf 68' lang='lat' dir='ltr'>quae.</span> <span class='ocrx_word' id='word_1_896' title='bbox 1800 1813 1856 1842; x_wconf 79' lang='lat'>354</span> 
     </span>
     <span class='ocr_line' id='line_1_185' title="bbox 1276 1836 1856 1877; baseline 0.014 -13"><span class='ocrx_word' id='word_1_897' title='bbox 1276 1836 1380 1872; x_wconf 84' lang='lat' dir='ltr'>Capitis</span> <span class='ocrx_word' id='word_1_898' title='bbox 1396 1837 1561 1867; x_wconf 89' lang='lat' dir='ltr'>deminutio.</span> <span class='ocrx_word' id='word_1_899' title='bbox 1584 1847 1629 1875; x_wconf 81' lang='lat'>95.</span> <span class='ocrx_word' id='word_1_900' title='bbox 1650 1842 1718 1877; x_wconf 89' lang='lat' dir='ltr'>quid</span> <span class='ocrx_word' id='word_1_901' title='bbox 1733 1842 1773 1871; x_wconf 84' lang='lat' dir='ltr'>fit.</span> <span class='ocrx_word' id='word_1_902' title='bbox 1789 1844 1856 1873; x_wconf 86' lang='lat' dir='ltr'>ibid.</span> 
     </span>
     <span class='ocr_line' id='line_1_186' title="bbox 1314 1875 1858 1918; baseline 0.015 -16"><span class='ocrx_word' id='word_1_903' title='bbox 1314 1875 1490 1912; x_wconf 82' lang='lat' dir='ltr'>Quotuplex.</span> <span class='ocrx_word' id='word_1_904' title='bbox 1511 1877 1574 1904; x_wconf 74' lang='lat' dir='ltr'>ibid.</span> <span class='ocrx_word' id='word_1_905' title='bbox 1605 1877 1721 1907; x_wconf 66' lang='lat' dir='ltr'>effeetus</span> <span class='ocrx_word' id='word_1_906' title='bbox 1741 1880 1858 1918; x_wconf 75' lang='lat' dir='ltr'>ungula-</span> 
     </span>
     <span class='ocr_line' id='line_1_187' title="bbox 1313 1913 1857 1948; baseline 0.015 -8"><span class='ocrx_word' id='word_1_907' title='bbox 1313 1916 1437 1946; x_wconf 88' lang='lat' dir='ltr'>rum.96.</span> <span class='ocrx_word' id='word_1_908' title='bbox 1451 1913 1566 1942; x_wconf 69' lang='lat' dir='ltr'>effeetus</span> <span class='ocrx_word' id='word_1_909' title='bbox 1583 1925 1677 1946; x_wconf 85' lang='lat' dir='ltr'>earum</span> <span class='ocrx_word' id='word_1_910' title='bbox 1691 1918 1766 1946; x_wconf 83' lang='lat' dir='ltr'>circa</span> <span class='ocrx_word' id='word_1_911' title='bbox 1783 1920 1857 1948; x_wconf 85' lang='lat' dir='ltr'>obli-</span> 
     </span>
     <span class='ocr_line' id='line_1_188' title="bbox 1277 1957 1854 2031; baseline 0.016 -15"><span class='ocrx_word' id='word_1_912' title='bbox 1277 1957 1512 2017; x_wconf 41' lang='lat' dir='ltr'>Caiiilrtziggesaliud</span> <span class='ocrx_word' id='word_1_913' title='bbox 1534 1991 1577 2024; x_wconf 86' lang='lat' dir='ltr'>jus</span> <span class='ocrx_word' id='word_1_914' title='bbox 1602 1993 1629 2021; x_wconf 90' lang='lat' dir='ltr'>in</span> <span class='ocrx_word' id='word_1_915' title='bbox 1646 1957 1854 2031; x_wconf 48' lang='lat' dir='ltr'>mancipiiszbzgl:</span> 
     </span>
     <span class='ocr_line' id='line_1_189' title="bbox 1314 2025 1852 2069; baseline 0.022 -17"><span class='ocrx_word' id='word_1_916' title='bbox 1314 2025 1372 2053; x_wconf 88' lang='lat' dir='ltr'>liud</span> <span class='ocrx_word' id='word_1_917' title='bbox 1390 2027 1434 2061; x_wconf 87' lang='lat' dir='ltr'>jus</span> <span class='ocrx_word' id='word_1_918' title='bbox 1449 2027 1475 2054; x_wconf 88' lang='lat' dir='ltr'>in</span> <span class='ocrx_word' id='word_1_919' title='bbox 1486 2027 1617 2061; x_wconf 80' lang='lat' dir='ltr'>jumentis</span> <span class='ocrx_word' id='word_1_920' title='bbox 1636 2032 1715 2065; x_wconf 87' lang='lat' dir='ltr'>parit.</span> <span class='ocrx_word' id='word_1_921' title='bbox 1798 2038 1852 2069; x_wconf 74' lang='lat'>361</span> 
     </span>
     <span class='ocr_line' id='line_1_190' title="bbox 1275 2062 1853 2100; baseline 0.019 -11"><span class='ocrx_word' id='word_1_922' title='bbox 1275 2062 1359 2091; x_wconf 84' lang='lat' dir='ltr'>Casus</span> <span class='ocrx_word' id='word_1_923' title='bbox 1389 2062 1528 2099; x_wconf 76' lang='lat' dir='ltr'>p&#39;raestatio</span> <span class='ocrx_word' id='word_1_924' title='bbox 1555 2067 1583 2095; x_wconf 89' lang='lat' dir='ltr'>in</span> <span class='ocrx_word' id='word_1_925' title='bbox 1613 2068 1782 2099; x_wconf 82' lang='lat' dir='ltr'>restituenda</span> <span class='ocrx_word' id='word_1_926' title='bbox 1811 2081 1853 2100; x_wconf 86' lang='lat' dir='ltr'>re.</span> 
     </span>
    </p>
   </div>
   <div class='ocr_carea' id='block_1_26' title="bbox 1274 2117 1853 2318">
    <p class='ocr_par' dir='ltr' id='par_1_39' title="bbox 1274 2117 1853 2318">
     <span class='ocr_line' id='line_1_191' title="bbox 1274 2117 1853 2175; baseline 0.016 -10"><span class='ocrx_word' id='word_1_927' title='bbox 1274 2138 1382 2175; x_wconf 77' lang='lat' dir='ltr'>caupo.</span> <span class='ocrx_word' id='word_1_928' title='bbox 1403 2140 1468 2168; x_wconf 90' lang='lat' dir='ltr'>vide</span> <span class='ocrx_word' id='word_1_929' title='bbox 1482 2141 1584 2170; x_wconf 67' lang='lat' dir='ltr'>Nauia.</span> <span class='ocrx_word' id='word_1_930' title='bbox 1800 2117 1853 2145; x_wconf 81' lang='lat'>153</span> 
     </span>
     <span class='ocr_line' id='line_1_192' title="bbox 1276 2176 1851 2220; baseline 0.021 -17"><span class='ocrx_word' id='word_1_931' title='bbox 1276 2176 1360 2204; x_wconf 84' lang='lat' dir='ltr'>Causa</span> <span class='ocrx_word' id='word_1_932' title='bbox 1375 2178 1460 2214; x_wconf 90' lang='lat' dir='ltr'>quid,</span> <span class='ocrx_word' id='word_1_933' title='bbox 1480 2181 1592 2216; x_wconf 87' lang='lat' dir='ltr'>quando</span> <span class='ocrx_word' id='word_1_934' title='bbox 1606 2182 1766 2217; x_wconf 70' lang='lat' dir='ltr'>praestanda.</span> <span class='ocrx_word' id='word_1_935' title='bbox 1786 2191 1851 2220; x_wconf 84' lang='lat'>370.</span> 
     </span>
     <span class='ocr_line' id='line_1_193' title="bbox 1276 2222 1851 2318; baseline 0.014 -38"><span class='ocrx_word' id='word_1_936' title='bbox 1276 2252 1483 2318; x_wconf 50' lang='lat' dir='ltr'>Ceinotapthm</span> <span class='ocrx_word' id='word_1_937' title='bbox 1501 2264 1559 2283; x_wconf 89' lang='lat' dir='ltr'>non</span> <span class='ocrx_word' id='word_1_938' title='bbox 1584 2255 1623 2285; x_wconf 86' lang='lat' dir='ltr'>est</span> <span class='ocrx_word' id='word_1_939' title='bbox 1638 2256 1718 2286; x_wconf 86' lang='lat' dir='ltr'>locus</span> <span class='ocrx_word' id='word_1_940' title='bbox 1739 2222 1851 2296; x_wconf 47' lang='lat' dir='ltr'>religi&amp;</span> 
     </span>
    </p>

    <p class='ocr_par' dir='ltr' id='par_1_40' title="bbox 1325 2299 1365 2318">
     <span class='ocr_line' id='line_1_194' title="bbox 1325 2299 1365 2318; baseline 0 -1"><span class='ocrx_word' id='word_1_941' title='bbox 1325 2299 1365 2318; x_wconf 72' lang='grc' dir='ltr'>ΠΕ.</span> 
     </span>
    </p>
   </div>
   <div class='ocr_carea' id='block_1_27' title="bbox 1274 2306 1851 2483">
    <p class='ocr_par' dir='ltr' id='par_1_41' title="bbox 1274 2306 1851 2483">
     <span class='ocr_line' id='line_1_195' title="bbox 1796 2306 1851 2336; baseline 0.036 -11"><span class='ocrx_word' id='word_1_942' title='bbox 1796 2306 1851 2336; x_wconf 76' lang='lat'>204</span> 
     </span>
     <span class='ocr_line' id='line_1_196' title="bbox 1275 2327 1850 2372; baseline 0.017 -18"><span class='ocrx_word' id='word_1_943' title='bbox 1275 2327 1388 2356; x_wconf 87' lang='lat' dir='ltr'>Certum</span> <span class='ocrx_word' id='word_1_944' title='bbox 1402 2329 1479 2365; x_wconf 86' lang='lat' dir='ltr'>quid.</span> <span class='ocrx_word' id='word_1_945' title='bbox 1794 2344 1850 2372; x_wconf 78' lang='lat'>214</span> 
     </span>
     <span class='ocr_line' id='line_1_197' title="bbox 1275 2365 1846 2409; baseline 0.019 -18"><span class='ocrx_word' id='word_1_946' title='bbox 1275 2365 1403 2393; x_wconf 87' lang='lat' dir='ltr'>Civiliter</span> <span class='ocrx_word' id='word_1_947' title='bbox 1417 2373 1496 2402; x_wconf 79' lang='lat' dir='ltr'>agere</span> <span class='ocrx_word' id='word_1_948' title='bbox 1506 2369 1582 2406; x_wconf 87' lang='lat' dir='ltr'>quid.</span> <span class='ocrx_word' id='word_1_949' title='bbox 1793 2381 1846 2409; x_wconf 73' lang='lat'>115</span> 
     </span>
     <span class='ocr_line' id='line_1_198' title="bbox 1276 2403 1847 2447; baseline 0.023 -19"><span class='ocrx_word' id='word_1_950' title='bbox 1276 2403 1434 2431; x_wconf 80' lang='lat' dir='ltr'>Coenaculum</span> <span class='ocrx_word' id='word_1_951' title='bbox 1451 2407 1526 2441; x_wconf 85' lang='lat' dir='ltr'>quid.</span> <span class='ocrx_word' id='word_1_952' title='bbox 1795 2416 1847 2447; x_wconf 76' lang='lat'>178</span> 
     </span>
     <span class='ocr_line' id='line_1_199' title="bbox 1274 2441 1848 2483; baseline 0.024 -17"><span class='ocrx_word' id='word_1_953' title='bbox 1274 2441 1413 2477; x_wconf 83' lang='lat' dir='ltr'>Cognitor</span> <span class='ocrx_word' id='word_1_954' title='bbox 1428 2444 1500 2478; x_wconf 85' lang='lat' dir='ltr'>quis.</span> <span class='ocrx_word' id='word_1_955' title='bbox 1811 2455 1848 2483; x_wconf 71' lang='lat'>64</span> 
     </span>
    </p>
   </div>
   <div class='ocr_carea' id='block_1_28' title="bbox 1265 2477 1848 3340">
    <p class='ocr_par' dir='ltr' id='par_1_42' title="bbox 1265 2477 1848 3340">
     <span class='ocr_line' id='line_1_200' title="bbox 1276 2477 1848 2521; baseline 0.021 -17"><span class='ocrx_word' id='word_1_956' title='bbox 1276 2477 1452 2507; x_wconf 87' lang='lat' dir='ltr'>Comrnercio</span> <span class='ocrx_word' id='word_1_957' title='bbox 1466 2491 1526 2518; x_wconf 78' lang='lat' dir='ltr'>quae</span> <span class='ocrx_word' id='word_1_958' title='bbox 1542 2484 1706 2513; x_wconf 77' lang='lat' dir='ltr'>eximantur.</span> <span class='ocrx_word' id='word_1_959' title='bbox 1793 2490 1848 2521; x_wconf 77' lang='lat'>303</span> 
     </span>
     <span class='ocr_line' id='line_1_201' title="bbox 1275 2515 1844 2558; baseline 0.018 -15"><span class='ocrx_word' id='word_1_960' title='bbox 1275 2515 1444 2553; x_wconf 76' lang='lat' dir='ltr'>Commifforia</span> <span class='ocrx_word' id='word_1_961' title='bbox 1463 2519 1506 2548; x_wconf 88' lang='lat' dir='ltr'>lex</span> <span class='ocrx_word' id='word_1_962' title='bbox 1530 2521 1556 2549; x_wconf 89' lang='lat' dir='ltr'>in</span> <span class='ocrx_word' id='word_1_963' title='bbox 1581 2522 1753 2552; x_wconf 79' lang='lat' dir='ltr'>venditione.</span> <span class='ocrx_word' id='word_1_964' title='bbox 1781 2532 1844 2558; x_wconf 81' lang='lat'>31²·</span> 
     </span>
     <span class='ocr_line' id='line_1_202' title="bbox 1311 2554 1844 2596; baseline 0.019 -16"><span class='ocrx_word' id='word_1_965' title='bbox 1311 2554 1422 2589; x_wconf 87' lang='lat' dir='ltr'>concipi</span> <span class='ocrx_word' id='word_1_966' title='bbox 1449 2557 1539 2593; x_wconf 86' lang='lat' dir='ltr'>potest</span> <span class='ocrx_word' id='word_1_967' title='bbox 1564 2567 1611 2588; x_wconf 88' lang='lat' dir='ltr'>aut</span> <span class='ocrx_word' id='word_1_968' title='bbox 1633 2569 1702 2596; x_wconf 82' lang='lat' dir='ltr'>pure</span> <span class='ocrx_word' id='word_1_969' title='bbox 1730 2569 1775 2589; x_wconf 86' lang='lat' dir='ltr'>aut</span> <span class='ocrx_word' id='word_1_970' title='bbox 1796 2563 1844 2590; x_wconf 86' lang='lat' dir='ltr'>sub</span> 
     </span>
     <span class='ocr_line' id='line_1_203' title="bbox 1311 2591 1841 2632; baseline 0.019 -14"><span class='ocrx_word' id='word_1_971' title='bbox 1311 2591 1486 2622; x_wconf 80' lang='lat' dir='ltr'>conditione.</span> <span class='ocrx_word' id='word_1_972' title='bbox 1527 2596 1588 2625; x_wconf 82' lang='lat' dir='ltr'>ibid.</span> <span class='ocrx_word' id='word_1_973' title='bbox 1626 2598 1684 2632; x_wconf 81' lang='lat' dir='ltr'>ejus</span> <span class='ocrx_word' id='word_1_974' title='bbox 1719 2599 1841 2626; x_wconf 57' lang='lat' dir='ltr'>effecius.</span> 
     </span>
     <span class='ocr_line' id='line_1_204' title="bbox 1713 2635 1840 2672; baseline 0 -10"><span class='ocrx_word' id='word_1_975' title='bbox 1713 2636 1770 2663; x_wconf 88' lang='lat' dir='ltr'>ibid.</span> <span class='ocrx_word' id='word_1_976' title='bbox 1788 2635 1840 2672; x_wconf 78' lang='lat' dir='ltr'>seq.</span> 
     </span>
     <span class='ocr_line' id='line_1_205' title="bbox 1274 2666 1842 2707; baseline 0.014 -14"><span class='ocrx_word' id='word_1_977' title='bbox 1274 2666 1490 2698; x_wconf 81' lang='lat' dir='ltr'>Commodaturn</span> <span class='ocrx_word' id='word_1_978' title='bbox 1515 2671 1589 2707; x_wconf 89' lang='lat' dir='ltr'>quid.</span> <span class='ocrx_word' id='word_1_979' title='bbox 1612 2681 1674 2707; x_wconf 84' lang='lat'>247.</span> <span class='ocrx_word' id='word_1_980' title='bbox 1718 2673 1842 2703; x_wconf 67' lang='lat' dir='ltr'>Edifttun</span> 
     </span>
     <span class='ocr_line' id='line_1_206' title="bbox 1312 2705 1842 2746; baseline 0.013 -15"><span class='ocrx_word' id='word_1_981' title='bbox 1312 2705 1424 2733; x_wconf 75' lang='lat' dir='ltr'>Pacuvii</span> <span class='ocrx_word' id='word_1_982' title='bbox 1445 2709 1602 2738; x_wconf 80' lang='lat' dir='ltr'>emendavit</span> <span class='ocrx_word' id='word_1_983' title='bbox 1622 2711 1754 2746; x_wconf 72' lang='lat' dir='ltr'>Julianus.</span> <span class='ocrx_word' id='word_1_984' title='bbox 1777 2712 1842 2740; x_wconf 81' lang='lat' dir='ltr'>ibid.</span> 
     </span>
     <span class='ocr_line' id='line_1_207' title="bbox 1309 2742 1838 2783; baseline 0.017 -15"><span class='ocrx_word' id='word_1_985' title='bbox 1309 2742 1467 2772; x_wconf 75' lang='lat' dir='ltr'>differentia</span> <span class='ocrx_word' id='word_1_986' title='bbox 1492 2756 1505 2774; x_wconf 88' lang='lat' dir='ltr'>a</span> <span class='ocrx_word' id='word_1_987' title='bbox 1534 2748 1666 2781; x_wconf 73' lang='lat' dir='ltr'>precario.</span> <span class='ocrx_word' id='word_1_988' title='bbox 1692 2747 1753 2775; x_wconf 87' lang='lat' dir='ltr'>ibid.</span> <span class='ocrx_word' id='word_1_989' title='bbox 1776 2757 1838 2783; x_wconf 82' lang='lat'>249.</span> 
     </span>
     <span class='ocr_line' id='line_1_208' title="bbox 1309 2779 1839 2814; baseline 0.017 -8"><span class='ocrx_word' id='word_1_990' title='bbox 1309 2779 1549 2812; x_wconf 71' lang='lat' dir='ltr'>Commodatanus</span> <span class='ocrx_word' id='word_1_991' title='bbox 1574 2783 1763 2813; x_wconf 80' lang='lat' dir='ltr'>detentionem</span> <span class='ocrx_word' id='word_1_992' title='bbox 1791 2796 1839 2814; x_wconf 83' lang='lat' dir='ltr'>nu-</span> 
     </span>
     <span class='ocr_line' id='line_1_209' title="bbox 1309 2818 1838 2859; baseline 0.017 -15"><span class='ocrx_word' id='word_1_993' title='bbox 1309 2818 1369 2845; x_wconf 79' lang='lat' dir='ltr'>darn</span> <span class='ocrx_word' id='word_1_994' title='bbox 1399 2827 1503 2848; x_wconf 85' lang='lat' dir='ltr'>tantum</span> <span class='ocrx_word' id='word_1_995' title='bbox 1540 2821 1630 2846; x_wconf 78' lang='lat' dir='ltr'>nabet.</span> <span class='ocrx_word' id='word_1_996' title='bbox 1667 2824 1727 2855; x_wconf 85' lang='lat'>248.</span> <span class='ocrx_word' id='word_1_997' title='bbox 1771 2825 1838 2859; x_wconf 87' lang='lat' dir='ltr'>quid</span> 
     </span>
     <span class='ocr_line' id='line_1_210' title="bbox 1308 2857 1839 2891; baseline 0.015 -9"><span class='ocrx_word' id='word_1_998' title='bbox 1308 2857 1479 2884; x_wconf 81' lang='lat' dir='ltr'>commodari</span> <span class='ocrx_word' id='word_1_999' title='bbox 1495 2862 1584 2891; x_wconf 77' lang='lat' dir='ltr'>queat.</span> <span class='ocrx_word' id='word_1_1000' title='bbox 1607 2857 1667 2884; x_wconf 81' lang='lat' dir='ltr'>ibid.</span> <span class='ocrx_word' id='word_1_1001' title='bbox 1717 2860 1839 2890; x_wconf 61' lang='lat' dir='ltr'>afflones</span> 
     </span>
     <span class='ocr_line' id='line_1_211' title="bbox 1309 2893 1839 2929; baseline 0.015 -9"><span class='ocrx_word' id='word_1_1002' title='bbox 1309 2893 1373 2920; x_wconf 86' lang='lat' dir='ltr'>inde</span> <span class='ocrx_word' id='word_1_1003' title='bbox 1406 2900 1605 2929; x_wconf 61' lang='lat' dir='ltr'>competentes,</span> <span class='ocrx_word' id='word_1_1004' title='bbox 1633 2895 1695 2924; x_wconf 85' lang='lat' dir='ltr'>ibid.</span> <span class='ocrx_word' id='word_1_1005' title='bbox 1738 2898 1839 2928; x_wconf 67' lang='lat' dir='ltr'>directa</span> 
     </span>
     <span class='ocr_line' id='line_1_212' title="bbox 1307 2930 1837 2972; baseline 0.011 -14"><span class='ocrx_word' id='word_1_1006' title='bbox 1307 2932 1349 2958; x_wconf 88' lang='lat' dir='ltr'>cui</span> <span class='ocrx_word' id='word_1_1007' title='bbox 1373 2931 1460 2957; x_wconf 73' lang='lat' dir='ltr'>detur.</span> <span class='ocrx_word' id='word_1_1008' title='bbox 1490 2930 1549 2957; x_wconf 77' lang='lat' dir='ltr'>ibid,</span> <span class='ocrx_word' id='word_1_1009' title='bbox 1590 2931 1719 2960; x_wconf 83' lang='lat' dir='ltr'>adversus</span> <span class='ocrx_word' id='word_1_1010' title='bbox 1743 2945 1837 2972; x_wconf 82' lang='lat' dir='ltr'>quem.</span> 
     </span>
     <span class='ocr_line' id='line_1_213' title="bbox 1305 2967 1838 3009; baseline 0.009 -13"><span class='ocrx_word' id='word_1_1011' title='bbox 1305 2968 1364 2996; x_wconf 83' lang='lat' dir='ltr'>ibid.</span> <span class='ocrx_word' id='word_1_1012' title='bbox 1380 2968 1432 3001; x_wconf 75' lang='lat' dir='ltr'>seq.</span> <span class='ocrx_word' id='word_1_1013' title='bbox 1457 2967 1488 2994; x_wconf 87' lang='lat' dir='ltr'>ad</span> <span class='ocrx_word' id='word_1_1014' title='bbox 1506 2967 1581 3002; x_wconf 81' lang='lat' dir='ltr'>quid.</span> <span class='ocrx_word' id='word_1_1015' title='bbox 1604 2976 1664 3003; x_wconf 80' lang='lat'>249.</span> <span class='ocrx_word' id='word_1_1016' title='bbox 1701 2973 1734 2999; x_wconf 87' lang='lat' dir='ltr'>ad</span> <span class='ocrx_word' id='word_1_1017' title='bbox 1756 2982 1838 3009; x_wconf 81' lang='lat' dir='ltr'>quam</span> 
     </span>
     <span class='ocr_line' id='line_1_214' title="bbox 1304 3004 1839 3041; baseline 0.019 -10"><span class='ocrx_word' id='word_1_1018' title='bbox 1304 3007 1410 3039; x_wconf 69' lang='lat' dir='ltr'>cuipam</span> <span class='ocrx_word' id='word_1_1019' title='bbox 1441 3004 1625 3038; x_wconf 81' lang='lat' dir='ltr'>praellandatn.</span> <span class='ocrx_word' id='word_1_1020' title='bbox 1655 3008 1714 3035; x_wconf 85' lang='lat' dir='ltr'>ibid.</span> <span class='ocrx_word' id='word_1_1021' title='bbox 1757 3012 1775 3038; x_wconf 79' lang='lat' dir='ltr'><strong>fi</strong></span> <span class='ocrx_word' id='word_1_1022' title='bbox 1794 3022 1839 3041; x_wconf 82' lang='lat' dir='ltr'>res</span> 
     </span>
     <span class='ocr_line' id='line_1_215' title="bbox 1303 3041 1839 3079; baseline 0.03 -16"><span class='ocrx_word' id='word_1_1023' title='bbox 1303 3051 1358 3069; x_wconf 73' lang='lat' dir='ltr'>non</span> <span class='ocrx_word' id='word_1_1024' title='bbox 1399 3041 1539 3075; x_wconf 77' lang='lat' dir='ltr'>praelietur</span> <span class='ocrx_word' id='word_1_1025' title='bbox 1555 3062 1564 3076; x_wconf 92' lang='lat'>‚</span> <span class='ocrx_word' id='word_1_1026' title='bbox 1604 3052 1664 3078; x_wconf 67' lang='lat' dir='ltr'>qua:</span> <span class='ocrx_word' id='word_1_1027' title='bbox 1697 3047 1839 3079; x_wconf 66' lang='lat' dir='ltr'>aestimatio</span> 
     </span>
     <span class='ocr_line' id='line_1_216' title="bbox 1301 3077 1839 3120; baseline 0.011 -16"><span class='ocrx_word' id='word_1_1028' title='bbox 1301 3077 1450 3113; x_wconf 61' lang='lat' dir='ltr'>praestanda</span> <span class='ocrx_word' id='word_1_1029' title='bbox 1470 3079 1571 3107; x_wconf 73' lang='lat' dir='ltr'>veniat.</span> <span class='ocrx_word' id='word_1_1030' title='bbox 1593 3089 1655 3115; x_wconf 80' lang='lat'>250.</span> <span class='ocrx_word' id='word_1_1031' title='bbox 1683 3092 1742 3120; x_wconf 86' lang='lat' dir='ltr'>quae</span> <span class='ocrx_word' id='word_1_1032' title='bbox 1756 3088 1839 3115; x_wconf 62' lang='lat' dir='ltr'>aelio.</span> 
     </span>
     <span class='ocr_line' id='line_1_217' title="bbox 1301 3117 1840 3152; baseline 0.022 -11"><span class='ocrx_word' id='word_1_1033' title='bbox 1301 3124 1349 3142; x_wconf 82' lang='lat' dir='ltr'>nes</span> <span class='ocrx_word' id='word_1_1034' title='bbox 1367 3123 1427 3142; x_wconf 91' lang='lat' dir='ltr'>cum</span> <span class='ocrx_word' id='word_1_1035' title='bbox 1451 3117 1621 3146; x_wconf 79' lang='lat' dir='ltr'>commodati</span> <span class='ocrx_word' id='word_1_1036' title='bbox 1643 3120 1750 3151; x_wconf 73' lang='lat' dir='ltr'>astione</span> <span class='ocrx_word' id='word_1_1037' title='bbox 1772 3133 1840 3152; x_wconf 88' lang='lat' dir='ltr'>con—</span> 
     </span>
     <span class='ocr_line' id='line_1_218' title="bbox 1300 3158 1836 3191; baseline 0.022 -13"><span class='ocrx_word' id='word_1_1038' title='bbox 1300 3158 1419 3179; x_wconf 79' lang='lat' dir='ltr'>currant.</span> <span class='ocrx_word' id='word_1_1039' title='bbox 1775 3163 1836 3191; x_wconf 82' lang='lat' dir='ltr'>ibid.</span> 
     </span>
     <span class='ocr_line' id='line_1_219' title="bbox 1265 3190 1836 3228; baseline 0.025 -14"><span class='ocrx_word' id='word_1_1040' title='bbox 1265 3190 1450 3218; x_wconf 74' lang='lat' dir='ltr'>Commodum</span> <span class='ocrx_word' id='word_1_1041' title='bbox 1470 3191 1508 3219; x_wconf 83' lang='lat' dir='ltr'>rei</span> <span class='ocrx_word' id='word_1_1042' title='bbox 1526 3193 1644 3223; x_wconf 82' lang='lat' dir='ltr'>vendita:</span> <span class='ocrx_word' id='word_1_1043' title='bbox 1660 3196 1723 3224; x_wconf 88' lang='lat' dir='ltr'>vide</span> <span class='ocrx_word' id='word_1_1044' title='bbox 1742 3198 1767 3226; x_wconf 89' lang='lat' dir='ltr'>in</span> <span class='ocrx_word' id='word_1_1045' title='bbox 1778 3199 1836 3228; x_wconf 79' lang='lat' dir='ltr'>Em-</span> 
     </span>
     <span class='ocr_line' id='line_1_220' title="bbox 1301 3233 1345 3254; baseline -0.023 0"><span class='ocrx_word' id='word_1_1046' title='bbox 1301 3233 1345 3254; x_wconf 68' lang='lat' dir='ltr'>Clo.</span> 
     </span>
     <span class='ocr_line' id='line_1_221' title="bbox 1265 3266 1838 3307; baseline 0.019 -17"><span class='ocrx_word' id='word_1_1047' title='bbox 1265 3266 1392 3293; x_wconf 65' lang='lat' dir='ltr'>Communi</span> <span class='ocrx_word' id='word_1_1048' title='bbox 1414 3266 1561 3295; x_wconf 78' lang='lat' dir='ltr'>dividundo.</span> <span class='ocrx_word' id='word_1_1049' title='bbox 1593 3273 1652 3302; x_wconf 76' lang='lat'>189.</span> <span class='ocrx_word' id='word_1_1050' title='bbox 1695 3273 1783 3307; x_wconf 81' lang='lat' dir='ltr'>qualis</span> <span class='ocrx_word' id='word_1_1051' title='bbox 1808 3274 1838 3304; x_wconf 82' lang='lat' dir='ltr'>sic</span> 
     </span>
     <span class='ocr_line' id='line_1_222' title="bbox 1303 3303 1837 3340; baseline 0.019 -11"><span class='ocrx_word' id='word_1_1052' title='bbox 1303 3303 1372 3333; x_wconf 66' lang='lat' dir='ltr'>aftio</span> <span class='ocrx_word' id='word_1_1053' title='bbox 1393 3304 1445 3333; x_wconf 78' lang='lat' dir='ltr'>illa.</span> <span class='ocrx_word' id='word_1_1054' title='bbox 1460 3306 1519 3333; x_wconf 72' lang='lat' dir='ltr'>ibid.</span> <span class='ocrx_word' id='word_1_1055' title='bbox 1544 3314 1600 3335; x_wconf 87' lang='lat' dir='ltr'>non</span> <span class='ocrx_word' id='word_1_1056' title='bbox 1616 3308 1694 3336; x_wconf 84' lang='lat' dir='ltr'>datur</span> <span class='ocrx_word' id='word_1_1057' title='bbox 1709 3309 1743 3337; x_wconf 88' lang='lat' dir='ltr'>de</span> <span class='ocrx_word' id='word_1_1058' title='bbox 1759 3312 1837 3340; x_wconf 76' lang='lat' dir='ltr'>velli-</span> 
     </span>
    </p>
   </div>
   <div class='ocr_carea' id='block_1_29' title="bbox 1789 3350 1838 3378">
    <p class='ocr_par' dir='ltr' id='par_1_43' title="bbox 1789 3350 1838 3378">
     <span class='ocr_line' id='line_1_223' title="bbox 1789 3350 1838 3378; baseline 0.061 -3"><span class='ocrx_word' id='word_1_1059' title='bbox 1789 3350 1838 3378; x_wconf 48' lang='lat' dir='ltr'>liu-</span> 
     </span>
    </p>
   </div>
  </div>
 </body>
</html>
