2052 3487
530 88 849 125 PROBABILIUM
901 87 1029 134 Juurs
1080 87 1259 123 Civitxs.

134 177 236 212 refert
267 178 357 211 idem⁴
378 177 554 217 Imperator
580 175 613 207 in
635 174 665 217 §.
691 184 739 207 20.
766 173 837 215 lnst.
864 176 921 207 eorl.
946 176 993 207 tit.

135 219 281 251 Credidit
313 219 441 260 quidem
465 216 625 249 Antonius
651 215 753 248 Faber
781 216 830 248 De
851 218 993 248 erroribus

132 262 383 301 Pragmaticorum
401 266 431 299 p.
458 269 487 297 4.
515 257 624 289 Decad.
655 266 705 297 94.
736 264 797 299 cap.
822 269 852 298 5.
878 257 914 292 ὅ)
927 261 990 299 seq.

131 313 151 335 a
175 302 290 334 Glossis
312 302 462 331 violatum
486 298 549 330 ess'e
572 308 646 330 eum
663 299 781 331 locum.
812 300 865 331 sed
891 299 990 330 male:

133 344 219 384 ajunt
240 343 359 382 quippe
379 340 600 372 Diocletianus
622 340 651 371 ἃ
676 340 893 372 Maximianus
912 340 989 372 simi-

133 387 206 417 liter
224 384 253 414 in
270 383 288 413 l.
310 393 337 422 7.
362 382 430 414 Cod.
448 383 481 412 de
491 383 630 423 petitione
651 381 824 414 hereditatis.
868 381 992 413 Heredi-

132 427 200 456 tatis
221 425 382 460 petitionem
398 446 407 462 ‚
438 433 500 464 quae
525 424 662 458 adversus
676 429 729 464 pro
754 423 852 454 herede
873 423 920 454 vel
936 429 991 464 pro

127 464 271 508 poffeffore
294 463 459 506 poffidentes
485 465 609 495 exerceri
634 462 724 505 potest
741 487 751 503 ,
781 465 993 506 praescriptione

108 517 109 522 ¹
131 508 210 547 longi
233 509 364 547 temporis
385 516 441 537 non
462 506 648 543 submoveri,
678 507 786 536 nemini
811 506 992 548 incognitum

131 547 198 589 effe,
222 557 286 578 cum
303 550 399 578 mixtce
413 547 569 588 personalis
585 546 707 578 aetianis
721 548 793 578 ratio
812 548 863 578 boc
879 547 991 587 respon-

131 592 196 621 aere
217 589 359 629 compellat
385 590 445 620 oze.
489 588 550 619 Sed
576 588 606 620 ἀ
634 588 744 620 Paulus
771 588 790 620 l.
822 597 857 620 1..
871 588 914 621 D.
946 587 992 619 Fi-

131 632 214 662 nium
232 631 435 671 regundorum.
478 628 616 667 Fzm'um,
646 629 770 670 inquit,
799 631 994 672 regundorum

131 671 205 704 aero
224 673 254 701 in
273 673 422 711 personam
439 670 496 710 eft,
520 671 583 701 licet
593 678 646 711 pro
670 672 865 702 vindicatione
880 672 923 702 rei
937 669 988 708 fit.

130 712 208 745 Hoc
226 711 289 750 est,
314 714 408 744 etiam
427 713 455 743 in
481 711 644 752 personam
666 711 710 743 est
728 712 831 751 aelio,
855 712 932 744 licet
948 713 992 743 rei

129 755 381 786 vindicationem
399 756 564 784 contineat
581 765 588 785 :
618 753 681 785 five
694 776 703 792 ,
727 762 762 785 ut
780 753 819 785 de
836 753 993 794 petitione

131 795 317 827 hereditatis
345 795 509 835 reipondit
535 794 687 836 Ulpianus
712 795 743 826 in
768 794 787 826 l.
817 805 867 836 25.
892 794 921 836 §.
943 799 989 829 18.

131 836 174 868 D.
200 839 232 867 cie
250 838 388 877 petitione
410 838 572 867 hereditatis
591 860 599 875 ‚
632 834 695 874 Etfi
713 836 744 867 in
768 845 827 867 rem
841 835 914 867 attio
928 835 993 875 fit,

131 884 229 909 tamen
250 877 443 918 prieslati'ones
469 879 552 908 hahet
574 879 733 919 personales
749 887 760 909 .·
785 877 818 909 id
848 876 893 909 est
910 900 919 916 ,
957 887 990 908 u-

131 920 272 959 trimque
299 929 466 950 mutuatur.
512 919 611 957 quue
644 920 684 950 de
718 919 882 950 communi
914 918 992 949 divi-

132 961 260 997 dundo,
285 971 320 991 ac
338 961 465 992 famili-te
480 960 671 992 ercil'cundae
684 984 693 998 ‚
706 961 833 1000 judiciis
855 959 994 992 similiter

133 1002 302 1034 dicendum
321 1002 383 1033 ess'c¹
402 1027 409 1040 ‚
444 1002 510 1033 vult
531 1001 685 1042 Ulpianus
709 1011 739 1032 in
762 1001 782 1033 l.
801 1011 830 1041 4.
847 1001 876 1042 §.
894 1011 924 1042 3.
949 1001 991 1033 D.

132 1044 283 1076 Communi
305 1045 483 1081 dividundo,
507 1044 536 1074 ἃ
553 1043 571 1074 l.
592 1053 639 1074 22.
660 1043 688 1084 §.
706 1053 735 1082 4.
760 1042 803 1074 D.
826 1041 952 1073 Familiae
965 1051 991 1071 e-

132 1086 288 1126 riscundae:
311 1095 374 1125 quo
402 1086 504 1117 minus
531 1085 660 1115 dubium
679 1083 796 1123 fuerit,
821 1084 897 1123 quin
916 1092 992 1123 prae·

132 1134 182 1158 ter
197 1126 337 1158 actiones
353 1136 422 1166 quae
440 1126 470 1157 in
489 1136 576 1164 rem,
599 1134 734 1166 quaeque
753 1125 784 1155 in
803 1123 991 1164 personam,

131 1168 202 1199 sunt
217 1191 225 1205 ‚
259 1170 385 1199 tertium
416 1176 545 1207 quoque
564 1167 670 1198 veniat
692 1166 852 1197 ac'lionum
868 1175 991 1206 genus:

133 1210 248 1249 quibus
269 1218 308 1240 ex
334 1211 476 1249 uti-isque
500 1208 782 1247 participantibus,
811 1205 900 1238 fimul
923 1216 989 1238 rem

131 1249 270 1282 nostram
287 1249 369 1288 effe,
394 1250 422 1280 ἃ
449 1257 602 1288 praeterea
618 1247 827 1280 adversarium
849 1248 924 1278 dare
946 1247 991 1279 fa-

132 1300 206 1323 cere
229 1300 381 1331 oportere
399 1313 408 1328 ,
437 1291 640 1322 intendimus.
684 1288 737 1321 De
761 1297 827 1330 quo
855 1288 990 1321 Hotma-

132 1342 190 1364 nus
212 1333 249 1362 ad
263 1333 290 1362 d.
310 1331 339 1373 §.
361 1341 409 1363 20.
434 1341 527 1371 quem
549 1332 631 1363 vide.

171 1372 333 1404 Hactenus
351 1373 391 1404 de
413 1373 449 1403 iis
468 1371 693 1410 divisionibus,
718 1380 734 1402 a
751 1372 865 1413 quibus
882 1372 991 1403 mixtae

130 1414 253 1455 species
270 1414 396 1455 penitus
414 1413 546 1445 exclusae
568 1437 577 1452 ,
608 1414 671 1444 dixi
695 1411 784 1445 satis:
808 1414 992 1455 proximum

131 1455 178 1487 est
194 1479 204 1494 ,
237 1464 270 1487 ut
295 1464 445 1487 annotem
471 1456 566 1487 etiam
600 1454 767 1487 nonnullas
797 1455 827 1487 in
852 1454 965 1495 quibus
981 1478 991 1493 ,

130 1496 285 1538 praemiffa
302 1497 450 1537 bipartita
475 1496 646 1534 divisione,
671 1496 787 1528 deinde
814 1496 844 1528 ἃ
861 1497 992 1528 tertium

132 1547 231 1580 genus
248 1539 335 1579 quod
354 1539 488 1569 mixtum
511 1537 575 1576 est,
597 1537 757 1578 subjicitur
772 1560 782 1576 ,
814 1536 897 1578 quafi
915 1547 991 1569 enu-

132 1588 288 1611 meratum
322 1588 396 1610 ante
416 1603 425 1618 ‚
456 1579 575 1611 tametsi
604 1589 668 1610 non
694 1577 732 1610 sit
760 1586 991 1611 enumeratum.

129 1619 321 1661 Exemplum
346 1621 441 1652 habet
468 1620 667 1653 Modestinus
694 1619 723 1651 in
750 1620 768 1651 l.
791 1630 817 1660 4.
847 1620 876 1662 ὃ.
898 1630 925 1652 2.
949 1619 993 1652 D.

132 1663 166 1693 de
184 1663 324 1702 gradibus
341 1686 349 1700 ,
380 1662 420 1693 fic
437 1661 583 1694 lei-ibens.
626 1662 811 1703 cognationis
824 1660 994 1702 substantia

133 1703 273 1742 bifariam
295 1705 373 1743 apud
390 1703 534 1734 Romanos
550 1703 725 1745 intelligitur
741 1713 751 1734 .·
778 1713 846 1734 nam
862 1704 993 1745 quiedam

131 1746 311 1785 cognationes
323 1745 390 1786 jure
409 1744 505 1783 civili,
527 1746 654 1786 quadam
671 1744 804 1775 naturali
819 1743 978 1776 connectam

134 1791 200 1823 tur,
224 1795 434 1827 nonnunquam
456 1793 576 1826 utroque
585 1786 654 1827 jure
679 1790 862 1817 concurrente
886 1784 922 1820 ἐξ
941 1795 993 1816 na-

134 1826 226 1858 turali
250 1826 286 1861 ἐξ
310 1827 416 1864 civili,
448 1827 598 1868 copulatur
628 1827 758 1867 cognatio
782 1826 842 1858 &a
884 1826 991 1865 Ecce3

135 1868 305 1907 dupliciter
322 1868 474 1899 dividitur
491 1868 704 1906 cognatio,&
723 1875 830 1900 tamen
847 1874 907 1899 tria
923 1867 994 1899 sunt

134 1909 338 1948 cognationis
353 1918 478 1949 genera.

175 1950 269 1981 Aliud
287 1951 466 1990 exemplum
485 1949 581 1982 habet
600 1949 725 1982 Gellius
742 1949 789 1980 lib.
800 1959 829 1981 2.
852 1948 994 1981 Nouium

132 1990 298 2023 Atticarum
313 1999 410 2031 capy.
431 1991 470 2021 iic
488 1992 632 2030 loquens.
658 1991 858 2032 Omnia,quae
873 1991 904 2021 in
913 1992 995 2021 rebus

134 2032 268 2063 hmmmis
282 2031 363 2071 >sirint
398 2030 477 2070 ficut
503 2031 578 2063 doaz*
598 2034 788 2072 censuerunt,
810 2037 863 2063 aut
880 2029 994 2068 honesta

125 2074 201 2114 Junt
218 2097 226 2112 ‚
250 2079 302 2103 ant
318 2079 424 2113 turpia.
473 2073 614 2117 Qcaesua
631 2074 665 2105 vi
679 2071 759 2105 recta
761 2073 857 2114 sunt,
879 2078 933 2104 aut
948 2073 994 2103 ho-

135 2112 213 2154 nesta
224 2138 231 2151 ‚
242 2125 274 2145 ut
284 2113 374 2154 fidem
388 2115 491 2147 colere.
505 2122 536 2145 ut
556 2116 684 2156 patriam
698 2114 909 2154 defendere,ut
924 2115 993 2145 ami·

135 2165 179 2186 cos
195 2156 329 2197 diligere,
348 2155 453 2195 eafieri
471 2162 594 2195 oportet,
605 2155 668 2194 sive
686 2157 803 2197 imperet
816 2161 917 2196 pater,
929 2154 995 2193 sive

136 2207 191 2227 non
209 2199 330 2237 imperet.
365 2198 418 2227 Sed
436 2207 496 2238 quae
516 2198 559 2228 his
576 2199 741 2237 contraria,
764 2206 882 2238 quaque
897 2198 995 2237 turpia

136 2237 172 2271 &²
190 2240 301 2269 omnino
315 2239 437 2279 iniqua,
461 2249 493 2269 ea
510 2237 581 2275 nesi
599 2240 737 2279 imperetl,
758 2239 883 2280 quidem.
920 2237 996 2283 Qum

136 2288 202 2308 vero
228 2281 259 2309 in
282 2281 368 2308 medin
383 2285 457 2318 sunt
475 2304 484 2318 ‚
515 2279 551 2314 &⁹
580 2291 598 2311 a
622 2280 727 2311 Graecis
752 2286 814 2311 tum
835 2277 970 2318 023102'45089‘
987 2297 996 2312 ³

137 2325 200 2351 zum
219 2322 288 2358 μέσοι
311 2321 491 2361 appellamur
506 2345 517 2361 ,
546 2328 579 2354 ut
598 2323 629 2353 in
650 2321 785 2354 militiam
802 2323 862 2360 ire,
884 2329 937 2352 rus
951 2329 995 2352 co·

1313 89 1404 123 Lm.
1457 87 1481 123 1.
1851 100 1895 134 23

1035 174 1111 215 lere,
1140 177 1257 208 honores
1283 175 1438 216 capeffere,
1455 210 1456 213 Ἰ
1471 176 1571 215 causas
1587 176 1751 215 defendere,
1779 186 1899 208 uxorem

1034 218 1135 249 ducere
1151 242 1160 257 ‚
1192 220 1327 259 quoniam
1346 218 1382 252 ὅ)
1409 218 1465 248 hoec
1481 217 1517 252 &³
1543 219 1587 249 his
1601 217 1708 256 similia
1726 225 1778 258 per
1793 222 1854 258 sese
1871 221 1896 250 i-

1029 259 1083 299 psa
1104 269 1192 301 neque
1213 257 1430 299 honesiusunt‚
1452 269 1540 300 neque
1557 260 1674 299 turpia,
1689 259 1742 298 secl
1756 262 1895 300 proinde,

1033 307 1065 332 ut
1084 301 1145 335 &aa
1192 300 1272 342 Quce
1289 300 1470 333 locutiones
1491 304 1564 332 ideo
1581 299 1785 332 observandae
1803 301 1892 340 sunt,

1034 352 1074 373 ne
1093 344 1161 382 quis
1179 343 1274 379 velit„
1299 343 1384 382 quod
1404 343 1499 373 video
1524 343 1759 382 compluribus,
1793 343 1893 383 iisque

1033 384 1200 425 gravibus,
1234 382 1465 423 Interprctibus
1492 384 1635 423 placere,
1659 383 1753 415 facile
1776 393 1894 424 prope-

1035 434 1103 456 rare
1122 434 1173 456 aut
1198 425 1236 456 :id
1259 425 1535 464 reprehensionem
1561 433 1613 456 aut
1636 425 1673 456 ad
1697 426 1893 457 emendatio-2

1034 476 1106 498 nem
1127 474 1192 497 tum
1214 466 1387 496 Florentini
1407 467 1435 496 in
1454 467 1472 496 l.
1489 477 1538 504 49.
1563 466 1591 507 §.
1617 476 1639 497 1.
1668 465 1706 496 l).
1731 468 1763 497 (le
1785 468 1892 497 heredi-

1033 509 1086 539 bus
1100 507 1304 546 instituendis,
1336 516 1402 538 tuin
1425 507 1582 546 justiniani
1609 510 1637 538 in
1664 508 1692 549 ᾗ.
1710 518 1736 547 4.
1764 508 1834 545 lust.
1860 508 1893 538 de

1034 550 1168 580 heredum
1186 551 1324 590 qualitate
1341 548 1377 582 {5³
1400 548 1581 589 differenti&
1612 550 1662 580 ubi
1682 550 1721 580 iic
1742 548 1892 580 scribunt.

1036 590 1072 622 ln
1090 592 1234 624 extraneis
1249 591 1395 620 heredibus
1418 591 1489 620 illud
1509 592 1673 629 observatur
1687 614 1696 626 ,
1726 598 1757 621 ui
1769 589 1894 629 situum

1035 634 1074 662 eis
1092 633 1250 670 testamenti
1265 631 1360 670 factio
1374 654 1383 669 ,
1408 630 1472 669 five
1486 631 1537 671 ipsi
1555 632 1661 661 heredes
1679 631 1893 672 instituantur,

1028 672 1093 711 five
1109 673 1156 711 hi,
1180 675 1278 714 quiin
1300 672 1433 712 potestate
1455 682 1548 703 eorum
1559 679 1648 710 sunt:
1674 673 1712 703 Et
1736 675 1765 703 id
1785 675 1896 704 auolms

1036 716 1207 753 temporibus
1229 714 1396 754 inspicitur:
1421 712 1690 753 tesianzentisuc'li‚
1713 720 1746 744 ut
1769 713 1896 753 constite-

1035 757 1075 787 rit
1097 754 1240 792 inliitutio
1260 767 1267 786 :
1301 757 1396 785 mortis
1418 765 1485 785 vero
1509 755 1651 794 testatoris
1666 779 1675 794 ‚
1707 762 1739 785 ut
1762 754 1895 795 effeclum

1036 798 1146 827 habeut.
1192 796 1257 826 Hoc
1284 798 1405 835 amplius
1422 819 1431 834 ,
1464 796 1499 831 &³
1521 806 1585 826 cum
1606 798 1666 827 adit
1691 798 1894 836 hereditatem,

1035 838 1085 878 effe
1105 839 1182 868 dehet
1200 847 1262 868 cum
1276 847 1305 867 eo
1323 836 1481 876 testamenti
1491 837 1585 877 factio
1597 861 1606 876 ,
1622 837 1686 875 five
1708 847 1778 878 pure
1795 863 1803 875 ‚
1830 837 1896 876 five

1026 881 1084 919 sub
1100 880 1258 909 conditione
1274 879 1352 909 heres
1369 877 1517 919 institutus
1527 878 1578 916 fit.
1625 880 1707 911 Nam
1721 880 1771 921 jus
1786 880 1895 910 heredis

1035 930 1063 950 eo
1080 920 1126 950 vel
1143 921 1267 950 maxime
1284 924 1405 959 tempore
1418 919 1622 960 inspiciendum
1639 919 1695 959 est,
1725 931 1778 962 quo
1795 922 1896 962 ailqui-

1034 962 1074 992 rit
1097 961 1294 992 hereditatem:
1317 963 1404 991 medio
1429 968 1525 993 autem
1550 969 1670 1002 tempore
1694 965 1768 993 inter
1779 962 1896 1001 factum

1035 999 1234 1041 testamentum
1254 1001 1289 1036 ἑὸ)
1312 1007 1427 1032 wionem
1446 1002 1605 1042 testatoris,
1638 1004 1684 1034 vel
1708 1005 1896 1036 conditionem

1035 1041 1221 1084 existentem,
1253 1045 1374 1073 mulatio
1391 1047 1473 1084 juris
1489 1045 1582 1078 heredi
1604 1054 1661 1075 non
1683 1051 1780 1083 nocet,
1803 1047 1895 1087 quia,

1035 1091 1068 1115 ut
1083 1085 1211 1115 diximus
1231 1107 1241 1122 ‚
1272 1084 1332 1115 tria
1347 1090 1470 1123 tempora
1493 1087 1593 1125 inspici
1609 1087 1717 1117 dehent.
1760 1086 1842 1118 Haec
1859 1087 1896 1119 il-

1036 1126 1074 1158 li:
1099 1126 1236 1166 primum
1256 1125 1320 1156 duo
1339 1127 1505 1165 exigentes
1523 1134 1667 1166 tempora
1682 1127 1795 1168 quibus
1821 1137 1896 1160 cum

1036 1167 1155 1198 herede
1177 1166 1212 1197 iit
1229 1166 1406 1197 testamenti
1424 1167 1540 1199 factio:
1565 1169 1680 1200 deinde
1706 1170 1733 1200 (Sc
1754 1170 1895 1201 tertium.

1036 1207 1108 1239 Nec
1123 1209 1228 1238 male:
1258 1207 1303 1238 est
1326 1209 1408 1239 enim
1425 1231 1435 1246 ‚
1467 1208 1519 1239 ubi
1543 1208 1705 1249 inspicitur
1725 1211 1817 1241 aditae
1841 1210 1896 1242 he-

1032 1249 1175 1281 reditatis
1196 1256 1343 1288 tempus3
1369 1249 1438 1287 est,
1461 1251 1514 1280 ubi
1532 1259 1596 1281 non
1624 1250 1804 1291 inspicitur:
1828 1251 1893 1283 five

1033 1290 1099 1329 est,
1131 1290 1182 1321 ubi
1206 1297 1330 1331 tempus
1356 1291 1448 1322 aditae
1478 1291 1664 1323 hereditatis
1691 1294 1896 1333 conjungitur

1033 1341 1105 1364 cum
1123 1333 1234 1363 mortis
1261 1340 1432 1372 tempore:
1467 1331 1528 1370 est,
1553 1333 1605 1363 ubi
1625 1333 1790 1373 separatur.
1818 1343 1896 1365 con-

1032 1373 1173 1414 jungitur
1194 1381 1320 1411 autem,
1345 1382 1501 1413 quatenus
1521 1375 1652 1412 vitium,
1685 1375 1829 1406 incidens
1852 1377 1897 1406 in-

1035 1423 1084 1446 ter
1102 1423 1227 1455 tempus
1243 1416 1355 1446 mortis
1377 1416 1407 1446 ἃ
1426 1423 1551 1456 tempus
1576 1416 1668 1446 aditae
1689 1415 1898 1455 hereditatis,

1035 1456 1088 1487 ubi
1118 1465 1193 1497 pura
1227 1455 1272 1487 est
1304 1456 1460 1487 institutio
1476 1480 1486 1495 ‚
1522 1457 1569 1487 vel
1602 1456 1673 1498 post
1706 1457 1898 1489 existentem

1035 1498 1276 1535 conditionem,
1299 1497 1353 1529 ubi
1372 1498 1618 1537 conditionalis,
1643 1499 1816 1531 aditionem
1840 1500 1897 1531 im-

1035 1539 1141 1579 pedit,
1167 1546 1341 1579 utcumque
1366 1546 1439 1570 ante
1467 1549 1534 1569 eam
1556 1539 1651 1571 fuerit
1675 1540 1775 1571 rursus
1800 1540 1900 1572 subla-

1036 1588 1123 1619 tum3
1147 1579 1234 1612 secus
1252 1589 1288 1611 ac
1304 1579 1413 1619 fieret,
1437 1579 1458 1612 fi
1475 1581 1557 1612 idem
1575 1581 1658 1612 intei-
1679 1590 1804 1620 tempus
1821 1591 1899 1614 con-

1037 1621 1094 1653 diti
1120 1620 1296 1653 testamenti
1323 1622 1353 1653 &
1380 1622 1491 1653 mortis
1522 1622 1712 1662 contgiffet.
1740 1623 1899 1661 [epar-atur

1036 1672 1114 1694 vero
1133 1686 1142 1700 ,
1174 1671 1329 1703 quatenus
1354 1662 1532 1694 testamenti
1559 1663 1657 1695 factio
1684 1674 1748 1695 non
1774 1673 1898 1697 tantum

1035 1713 1109 1736 curn
1134 1704 1251 1736 herede
1270 1713 1418 1744 tempore
1435 1704 1506 1736 faeti
1527 1705 1704 1736 testamenti
1721 1707 1899 1746 mortisque

1036 1747 1200 1787 exigitur-3
1230 1746 1282 1777 sed
1303 1753 1456 1785 praeterea
1487 1747 1581 1777 etiam
1607 1755 1753 1787 tempore
1785 1748 1899 1779 aditio-

1035 1788 1081 1818 nis
1099 1798 1106 1818 :
1131 1786 1195 1818 hoc
1211 1786 1275 1824 est,
1300 1786 1457 1826 leparatur
1475 1811 1482 1823 ,
1516 1797 1672 1827 quatenus
1692 1789 1742 1820 illa
1760 1812 1768 1827 ‚
1802 1798 1899 1829 quam

1037 1828 1120 1864 dixi,
1145 1828 1309 1867 utriusque
1326 1836 1480 1868 tempor-13
1498 1830 1681 1869 conjunctio
1700 1840 1763 1860 non
1785 1840 1899 1870 opera-

1038 1876 1087 1899 tur
1120 1868 1296 1906 haetenus,
1326 1877 1360 1899 ut
1391 1871 1442 1907 Qui
1475 1878 1621 1909 tempore
1652 1871 1762 1903 mortis
1795 1881 1898 1911 capax

1036 1909 1119 1947 fuit,
1144 1911 1226 1940 idem
1252 1911 1345 1940 etiam
1364 1918 1459 1947 tune,
1495 1920 1565 1941 cum
1589 1912 1696 1952 polica
1719 1922 1818 1950 capax
1836 1912 1900 1944 effe

1036 1950 1181 1988 desierit,
1206 1949 1335 1982 fifflone
1356 1951 1429 1990 juris
1446 1952 1550 1982 adhuc
1568 1962 1666 1993 capax
1692 1954 1898 1995 intelligatur.

1036 1990 1138 2031 quue
1156 1992 1224 2030 est,
1259 1992 1345 2031 quod
1368 1994 1397 2023 in
1424 1993 1486 2024 fine
1509 1995 1527 2023 d
1557 1993 1584 2035 ᾗ.
1610 2004 1632 2024 ιΔ
1660 1995 1799 2032 dicitur,
1834 1995 1900 2026 Me-

1037 2034 1080 2064 clio
1114 2039 1211 2064 autem
1239 2038 1359 2071 tempore
1388 2035 1464 2064 inter
1484 2033 1602 2074 facium
1633 2034 1830 2075 testamentum
1862 2036 1900 2071 ὅ)

1037 2080 1154 2105 mortem
1171 2072 1332 2114 testatoris,
1354 2075 1401 2105 vel
1422 2076 1608 2106 conditionem
1630 2075 1820 2116 iustitutionis
1836 2079 1899 2108 exi-

1029 2113 1172 2156 stentem,
1202 2117 1323 2146 mutatio
1336 2117 1415 2156 juris
1441 2127 1497 2147 non
1515 2123 1599 2148 nocet
1617 2119 1729 2155 heredi,
1753 2120 1840 2158 quia,
1864 2124 1899 2150 ut

1036 2158 1165 2188 diximus
1179 2180 1189 2196 ‚
1222 2158 1280 2188 tria
1301 2162 1425 2197 tempora
1447 2159 1549 2197 inspici
1567 2160 1671 2190 debent.
1725 2159 1809 2191 Nam
1835 2159 1901 2191 sen-

1038 2197 1086 2230 sus
1108 2197 1173 2236 est,
1197 2198 1269 2237 quia
1288 2198 1438 2231 haetenus
1457 2201 1514 2230 tria
1533 2200 1602 2231 haec
1621 2209 1787 2240 tempora,
1813 2210 1901 2232 nem-

1038 2249 1078 2280 pe
1097 2238 1173 2270 fasti
1191 2239 1371 2270 testamenti
1390 2264 1399 2278 ‚
1432 2241 1544 2273 mortis
1570 2242 1599 2272 ἃ
1616 2242 1812 2274 conditionis
1836 2244 1901 2274 exi·

1037 2279 1147 2313 stentis
1164 2280 1275 2322 inspici
1294 2281 1426 2315 debent.

801 2442 1014 2480 CAPUT
1072 2441 1239 2479 XIII.

112 2581 118 2590 ι
139 2547 172 2572 1.
207 2537 244 2573 Id
269 2536 317 2572 est
342 2548 395 2584 pro
421 2538 509 2574 idem
536 2537 594 2575 est.
647 2550 680 2575 2.
706 2539 847 2590 ,Quis-sit
860 2539 971 2587 sensus
989 2541 1008 2575 l.
1025 2551 1083 2583 42.
1112 2540 1153 2575 D.
1181 2539 1216 2574 de
1237 2514 1633 2586 verborumsignificationo
1660 2540 1822 2578 Doctorum
1842 2542 1901 2577 Vi-

208 2599 309 2622 rorum
334 2590 478 2633 opinione.

211 2733 233 2767 l.
257 2743 286 2767 1.
317 2733 358 2767 D.
388 2735 423 2769 de
449 2735 494 2768 his
517 2736 568 2780 qui
591 2742 739 2770 notantur
760 2734 906 2781 infamia.
958 2744 990 2776 5.

216 2782 316 2814 omnia
327 2790 449 2827 peccata
464 2781 521 2827 effe
541 2784 651 2829 paria3
676 2781 718 2823 δ’
738 2795 795 2818 non
815 2781 871 2829 ‘iffi’
886 2781 1040 2829 sapientis
1055 2811 1063 2823 ,
1097 2781 1260 2829 ignoscere.

586 2842 619 2877 7.
646 2833 722 2867 Doli
747 2829 789 2871 δέ)
816 2833 886 2866 latae
912 2833 1005 2877 culpce
1028 2831 1214 2879 differentia.

216 2826 245 2872 §.
271 2839 303 2872 7.
330 2831 371 2864 D.
398 2832 450 2864 eod
486 2834 533 2866 tit.

215 2876 260 2910 D.
285 2876 318 2909 do
334 2877 477 2924 suspectis
503 2881 663 2917 tutoribus.

215 2924 311 2968 penis
337 2928 500 2970 tutorihu53
524 2930 619 2964 etiam
648 2929 775 2976 Ulpiani
799 2930 819 2964 l.
840 2938 871 2963 2.
890 2936 918 2969 §.
940 2940 998 2973 41.

203 2970 355 3017 feruntur
368 2976 517 3018 complura
533 2978 596 3012 loca
612 2979 643 3013 in
667 2978 775 3024 quibus
792 2978 858 3013 lata
873 2978 959 3023 culpa
974 2979 1146 3024 appellatur
1162 2978 1243 3013 dolus
1259 2976 1300 3017 {5⁹
1321 2979 1430 3013 dicitur
1448 2979 1511 3014 dolo
1528 2981 1708 3022 comparari.

532 2599 562 2633 3.
590 2587 625 2622 Is
639 2587 748 2636 sensus
773 2591 918 2636 rejicitur.
961 2590 1121 2634 primum,
1159 2590 1230 2633 quia
1255 2597 1337 2623 tutor
1362 2589 1420 2622 doli
1457 2591 1573 2624 nomine
1605 2590 1770 2625 damnatus
1789 2619 1798 2634 ‚
1826 2592 1901 2638 jure

210 2643 274 2670 tum
288 2638 423 2681 gentium
442 2663 451 2678 ,
488 2644 550 2670 tum
566 2637 653 2671 civili
670 2637 801 2685 infamis
822 2637 866 2682 esi
881 2650 920 2672 ecc
937 2639 1078 2672 Veterum
1092 2636 1254 2680 fiententia.

212 2685 247 2718 oh
263 2685 358 2718 latam
372 2686 488 2731 culpam
508 2698 559 2721 nec
573 2686 659 2720 civili
667 2687 764 2732 jure,
792 2698 845 2721 nec
853 2688 926 2733 jure
944 2688 1082 2732 gentium
1094 2714 1101 2723 ,
1129 2692 1261 2720 notatur.

1307 2649 1340 2680 4.
1369 2637 1508 2679 Deinde,
1544 2638 1615 2683 quia
1633 2646 1715 2673 tutor
1734 2640 1900 2675 damnatus

1314 2687 1498 2731 Explicatur
1530 2687 1668 2721 Edictum
1696 2688 1845 2723 Praetoris
1867 2689 1899 2722 in

1019 2734 1188 2780 Explosam
1221 2733 1278 2780 effi?
1308 2747 1327 2769 a
1354 2734 1464 2782 nostris
1481 2734 1667 2781 sententiam
1702 2739 1896 2781 putantium,

1311 2786 1343 2818 6.
1374 2784 1558 2829 Explicatur
1577 2785 1729 2830 Ulpianus
1755 2790 1787 2821 in
1815 2786 1834 2820 l.
1863 2788 1897 2819 6.

1267 2830 1387 2878 Rursus
1423 2832 1556 2877 Ulpiano
1591 2833 1644 2867 lux
1679 2834 1697 2866 l.
1729 2827 1812 2880 3.§.
1842 2833 1898 2868 ult.

723 2883 754 2917 8.
791 2880 970 2927 Justini'ani
1005 2892 1097 2915 verus
1119 2879 1228 2926 sensus
1254 2881 1459 2928 investigatur
1484 2883 1515 2915 in
1552 2880 1578 2929 §.
1610 2886 1639 2915 6.
1669 2883 1746 2928 Inst.
1776 2883 1809 2915 de
1823 2880 1900 2925 sus-

1026 2926 1068 2964 D.
1096 2930 1150 2964 Ad
1173 2929 1465 2974 Senatusconfliltimz
1491 2930 1720 2977 'l'ertyllianum
1773 2941 1806 2971 9.
1835 2930 1899 3013 [Ξῖ-

1764 2989 1815 3012 10.
1867 2990 1899 3013 ,a

213 3021 457 3065 quemadmodum
482 3025 665 3071 accipienda.
715 3036 771 3062 11.
799 3026 885 3061 Lata
909 3028 1140 3073 culpa-quando
1165 3027 1314 3071 infamet,
1341 3028 1457 3072 quando
1484 3040 1541 3062 nrm
1569 3027 1698 3073 infamet
1716 3027 1733 3059 ?
1765 3027 1898 3072 explica-

215 3077 266 3103 tur
291 3069 312 3102 l.
340 3078 370 3113 7.
399 3077 425 3111 §.
457 3081 485 3104 1.
512 3072 555 3107 D·
580 3074 613 3108 de
635 3073 776 3121 suspect-is
800 3076 959 3110 tutoribus.

214 3119 246 3151 in
271 3117 298 3150 d.
325 3118 345 3153 l.
372 3128 428 3162 42.
457 3119 502 3154 D.
527 3121 562 3155 do
584 3124 745 3158 verborum
769 3122 1004 3170 significatione.

1016 3087 1069 3111 12.
1099 3076 1288 3111 Emendatur
1321 3074 1362 3115 ὃ)
1395 3077 1564 3121 explicatur
1597 3077 1713 3109 noviter
1749 3076 1900 3121 Ulpianus

1059 3136 1114 3170 13.
1142 3125 1242 3159 Facile
1269 3125 1331 3158 labi
1367 3126 1550 3170 Interpretes
1568 3151 1575 3161 ,
1612 3136 1678 3158 cum
1705 3125 1840 3160 incidunt
1867 3126 1900 3159 in

212 3168 306 3202 verba
323 3193 333 3211 ,
360 3166 696 3222 quaesecundurn-quid
720 3173 918 3219 intelligenda
924 3171 1014 3219 sunt.
1068 3185 1126 3219 14.
1152 3174 1268 3210 Paulus
1292 3174 1463 3219 explicatur
1480 3174 1526 3216 aa,
1544 3173 1690 3207 Hebraeos
1714 3185 1738 3210 c.
1760 3185 1791 3218 7.
1818 3172 1846 3220 ᾗ.
1867 3185 1900 3218 3.

1858 3222 1894 3256 lc.
