<?xml version="1.0" encoding="UTF-8"?>
<!DOCTYPE html PUBLIC "-//W3C//DTD XHTML 1.0 Transitional//EN"
    "http://www.w3.org/TR/xhtml1/DTD/xhtml1-transitional.dtd">
<html xmlns="http://www.w3.org/1999/xhtml" xml:lang="en" lang="en">
 <head>
  <title>
</title>
<meta http-equiv="Content-Type" content="text/html;charset=utf-8" />
  <meta name='ocr-system' content='tesseract 3.04.00' />
  <meta name='ocr-capabilities' content='ocr_page ocr_carea ocr_par ocr_line ocrx_word'/>
</head>
<body>
  <div class='ocr_page' id='page_1' title='image "./gerardinoodtnovi00nood_0933.png"; bbox 0 0 2036 3495; ppageno 0'>
   <div class='ocr_carea' id='block_1_1' title="bbox 299 119 1602 183">
    <p class='ocr_par' dir='ltr' id='par_1_1' title="bbox 299 119 1602 183">
     <span class='ocr_line' id='line_1_1' title="bbox 299 119 1602 183; baseline 0.008 -17"><span class='ocrx_word' id='word_1_1' title='bbox 299 133 358 168; x_wconf 68' lang='lat' dir='ltr'>AD</span> <span class='ocrx_word' id='word_1_2' title='bbox 385 134 475 168; x_wconf 64' lang='grc' dir='ltr'>ΜΒ.</span> <span class='ocrx_word' id='word_1_3' title='bbox 501 119 566 169; x_wconf 66' lang='lat' dir='ltr'>XX</span> <span class='ocrx_word' id='word_1_4' title='bbox 601 130 699 167; x_wconf 76' lang='lat' dir='ltr'>Trr.</span> <span class='ocrx_word' id='word_1_5' title='bbox 735 129 760 166; x_wconf 88' lang='grc' dir='ltr'>Ι,</span> <span class='ocrx_word' id='word_1_6' title='bbox 790 129 838 166; x_wconf 84' lang='lat' dir='ltr'>De</span> <span class='ocrx_word' id='word_1_7' title='bbox 856 129 1041 179; x_wconf 55' lang='lat' dir='ltr'>pigrioribus</span> <span class='ocrx_word' id='word_1_8' title='bbox 1059 131 1100 173; x_wconf 55' lang='grc' dir='ltr'>ἓν]</span> <span class='ocrx_word' id='word_1_9' title='bbox 1118 132 1303 181; x_wconf 54' lang='lat' dir='ltr'>hypothecis:</span> <span class='ocrx_word' id='word_1_10' title='bbox 1330 133 1372 176; x_wconf 60' lang='lat'>&amp;³</span> <span class='ocrx_word' id='word_1_11' title='bbox 1387 137 1515 183; x_wconf 66' lang='lat' dir='ltr'>qualiter</span> <span class='ocrx_word' id='word_1_12' title='bbox 1534 127 1602 180; x_wconf 54' lang='lat' dir='ltr'>&amp;a</span> 
     </span>
    </p>
   </div>
   <div class='ocr_carea' id='block_1_2' title="bbox 42 218 922 3063">
    <p class='ocr_par' dir='ltr' id='par_1_2' title="bbox 42 218 919 2084">
     <span class='ocr_line' id='line_1_2' title="bbox 50 218 918 268; baseline 0.003 -19"><span class='ocrx_word' id='word_1_13' title='bbox 50 219 153 251; x_wconf 67' lang='lat' dir='ltr'>sertim</span> <span class='ocrx_word' id='word_1_14' title='bbox 172 218 283 259; x_wconf 77' lang='lat' dir='ltr'>addat,</span> <span class='ocrx_word' id='word_1_15' title='bbox 299 221 341 251; x_wconf 84' lang='lat' dir='ltr'>ita</span> <span class='ocrx_word' id='word_1_16' title='bbox 361 220 439 259; x_wconf 80' lang='lat' dir='ltr'>cll&#39;e,</span> <span class='ocrx_word' id='word_1_17' title='bbox 456 222 597 262; x_wconf 83' lang='lat' dir='ltr'>quamvis</span> <span class='ocrx_word' id='word_1_18' title='bbox 607 219 735 265; x_wconf 83' lang='lat' dir='ltr'>debitor</span> <span class='ocrx_word' id='word_1_19' title='bbox 754 227 826 252; x_wconf 81' lang='lat' dir='ltr'>ante</span> <span class='ocrx_word' id='word_1_20' title='bbox 844 223 918 268; x_wconf 75' lang='lat' dir='ltr'>cum</span> 
     </span>
     <span class='ocr_line' id='line_1_3' title="bbox 51 262 916 306; baseline 0.001 -14"><span class='ocrx_word' id='word_1_21' title='bbox 51 262 113 292; x_wconf 77' lang='lat' dir='ltr'>alio</span> <span class='ocrx_word' id='word_1_22' title='bbox 132 270 346 300; x_wconf 55' lang='lat' dir='ltr'>conveneram</span> <span class='ocrx_word' id='word_1_23' title='bbox 364 272 397 294; x_wconf 90' lang='lat' dir='ltr'>ut</span> <span class='ocrx_word' id='word_1_24' title='bbox 414 263 434 295; x_wconf 84' lang='lat' dir='ltr'>si</span> <span class='ocrx_word' id='word_1_25' title='bbox 450 265 487 294; x_wconf 81' lang='lat' dir='ltr'>ab</span> <span class='ocrx_word' id='word_1_26' title='bbox 506 270 718 302; x_wconf 85' lang='lat' dir='ltr'>copecuniam</span> <span class='ocrx_word' id='word_1_27' title='bbox 737 269 916 306; x_wconf 66' lang='lat' dir='ltr'>acceperit,</span> 
     </span>
     <span class='ocr_line' id='line_1_4' title="bbox 48 302 918 348; baseline 0.001 -15"><span class='ocrx_word' id='word_1_28' title='bbox 48 302 84 334; x_wconf 77' lang='lat' dir='ltr'>lit</span> <span class='ocrx_word' id='word_1_29' title='bbox 101 311 149 333; x_wconf 89' lang='lat' dir='ltr'>res</span> <span class='ocrx_word' id='word_1_30' title='bbox 164 303 323 344; x_wconf 82' lang='lat' dir='ltr'>obligata3</span> <span class='ocrx_word' id='word_1_31' title='bbox 348 303 424 335; x_wconf 89' lang='lat' dir='ltr'>licet</span> <span class='ocrx_word' id='word_1_32' title='bbox 443 305 482 335; x_wconf 87' lang='lat' dir='ltr'>ab</span> <span class='ocrx_word' id='word_1_33' title='bbox 507 305 570 334; x_wconf 90' lang='lat' dir='ltr'>hoc</span> <span class='ocrx_word' id='word_1_34' title='bbox 597 302 705 342; x_wconf 89' lang='lat' dir='ltr'>postea</span> <span class='ocrx_word' id='word_1_35' title='bbox 722 311 864 348; x_wconf 81' lang='lat' dir='ltr'>accepit:</span> <span class='ocrx_word' id='word_1_36' title='bbox 888 304 918 334; x_wconf 75' lang='grc' dir='ltr'>ἀ</span> 
     </span>
     <span class='ocr_line' id='line_1_5' title="bbox 49 343 917 389; baseline 0.003 -16"><span class='ocrx_word' id='word_1_37' title='bbox 49 343 208 382; x_wconf 55' lang='lat' dir='ltr'>causatum</span> <span class='ocrx_word' id='word_1_38' title='bbox 225 353 351 384; x_wconf 85' lang='lat' dir='ltr'>poterat</span> <span class='ocrx_word' id='word_1_39' title='bbox 368 346 472 383; x_wconf 88' lang='lat' dir='ltr'>enim,</span> <span class='ocrx_word' id='word_1_40' title='bbox 488 343 647 389; x_wconf 76' lang='lat' dir='ltr'>licetaiitc</span> <span class='ocrx_word' id='word_1_41' title='bbox 664 352 836 389; x_wconf 76' lang='lat' dir='ltr'>convenit,</span> <span class='ocrx_word' id='word_1_42' title='bbox 854 354 917 376; x_wconf 90' lang='lat' dir='ltr'>non</span> 
     </span>
     <span class='ocr_line' id='line_1_6' title="bbox 49 382 919 431; baseline 0.001 -17"><span class='ocrx_word' id='word_1_43' title='bbox 49 385 195 424; x_wconf 87' lang='lat' dir='ltr'>accipere</span> <span class='ocrx_word' id='word_1_44' title='bbox 218 386 257 416; x_wconf 90' lang='lat' dir='ltr'>ab</span> <span class='ocrx_word' id='word_1_45' title='bbox 283 395 323 416; x_wconf 90' lang='lat' dir='ltr'>eo</span> <span class='ocrx_word' id='word_1_46' title='bbox 347 387 522 426; x_wconf 84' lang='lat' dir='ltr'>pecuniam.</span> <span class='ocrx_word' id='word_1_47' title='bbox 545 382 644 415; x_wconf 81' lang='lat' dir='ltr'>Simili</span> <span class='ocrx_word' id='word_1_48' title='bbox 676 392 802 416; x_wconf 76' lang='lat' dir='ltr'>ratione</span> <span class='ocrx_word' id='word_1_49' title='bbox 831 384 873 417; x_wconf 85' lang='lat' dir='ltr'>sic</span> <span class='ocrx_word' id='word_1_50' title='bbox 901 394 919 431; x_wconf 84' lang='lat' dir='ltr'>e</span> 
     </span>
     <span class='ocr_line' id='line_1_7' title="bbox 48 423 916 471; baseline 0.001 -15"><span class='ocrx_word' id='word_1_51' title='bbox 48 426 171 457; x_wconf 85' lang='lat' dir='ltr'>diverso</span> <span class='ocrx_word' id='word_1_52' title='bbox 193 427 298 457; x_wconf 89' lang='lat' dir='ltr'>scribit</span> <span class='ocrx_word' id='word_1_53' title='bbox 327 426 504 458; x_wconf 87' lang='lat' dir='ltr'>Marcianus</span> <span class='ocrx_word' id='word_1_54' title='bbox 528 425 547 456; x_wconf 86' lang='lat' dir='ltr'>l.</span> <span class='ocrx_word' id='word_1_55' title='bbox 572 434 627 471; x_wconf 61' lang='lat'>¹²:</span> <span class='ocrx_word' id='word_1_56' title='bbox 645 423 673 466; x_wconf 86' lang='lat'>§.</span> <span class='ocrx_word' id='word_1_57' title='bbox 690 434 719 457; x_wconf 88' lang='lat'>2.</span> <span class='ocrx_word' id='word_1_58' title='bbox 737 425 780 456; x_wconf 92' lang='lat' dir='ltr'>D.</span> <span class='ocrx_word' id='word_1_59' title='bbox 798 427 827 457; x_wconf 85' lang='lat' dir='ltr'>d.</span> <span class='ocrx_word' id='word_1_60' title='bbox 845 432 866 458; x_wconf 81' lang='lat' dir='ltr'>t.</span> <span class='ocrx_word' id='word_1_61' title='bbox 885 425 916 457; x_wconf 81' lang='lat' dir='ltr'>Si</span> 
     </span>
     <span class='ocr_line' id='line_1_8' title="bbox 48 466 915 511; baseline 0.001 -13"><span class='ocrx_word' id='word_1_62' title='bbox 48 470 167 507; x_wconf 87' lang='lat' dir='ltr'>primus</span> <span class='ocrx_word' id='word_1_63' title='bbox 185 469 237 508; x_wconf 81' lang='lat' dir='ltr'>qui</span> <span class='ocrx_word' id='word_1_64' title='bbox 254 468 315 500; x_wconf 84' lang='lat' dir='ltr'>sine</span> <span class='ocrx_word' id='word_1_65' title='bbox 332 467 515 509; x_wconf 81' lang='lat' dir='ltr'><strong>hypotheca</strong></span> <span class='ocrx_word' id='word_1_66' title='bbox 542 466 699 505; x_wconf 86' lang='lat' dir='ltr'>credidit,</span> <span class='ocrx_word' id='word_1_67' title='bbox 721 466 792 507; x_wconf 88' lang='lat' dir='ltr'>post</span> <span class='ocrx_word' id='word_1_68' title='bbox 808 467 915 511; x_wconf 76' lang='lat' dir='ltr'>secun-</span> 
     </span>
     <span class='ocr_line' id='line_1_9' title="bbox 46 506 914 555; baseline 0 -16"><span class='ocrx_word' id='word_1_69' title='bbox 46 510 121 540; x_wconf 85' lang='lat' dir='ltr'>dum</span> <span class='ocrx_word' id='word_1_70' title='bbox 138 510 190 548; x_wconf 85' lang='lat' dir='ltr'>qui</span> <span class='ocrx_word' id='word_1_71' title='bbox 210 509 377 549; x_wconf 84' lang='lat' dir='ltr'>utrumque</span> <span class='ocrx_word' id='word_1_72' title='bbox 395 507 493 545; x_wconf 79' lang='lat' dir='ltr'>fecit,</span> <span class='ocrx_word' id='word_1_73' title='bbox 512 506 577 550; x_wconf 79' lang='lat' dir='ltr'>ipse</span> <span class='ocrx_word' id='word_1_74' title='bbox 588 507 807 549; x_wconf 80' lang='lat' dir='ltr'>hypothecam</span> <span class='ocrx_word' id='word_1_75' title='bbox 823 517 914 555; x_wconf 29' lang='lat' dir='ltr'>acce-y¹</span> 
     </span>
     <span class='ocr_line' id='line_1_10' title="bbox 47 548 913 595; baseline 0.001 -15"><span class='ocrx_word' id='word_1_76' title='bbox 47 550 113 591; x_wconf 88' lang='lat' dir='ltr'>pit,</span> <span class='ocrx_word' id='word_1_77' title='bbox 130 549 192 582; x_wconf 81' lang='lat' dir='ltr'>sine</span> <span class='ocrx_word' id='word_1_78' title='bbox 206 550 299 581; x_wconf 90' lang='lat' dir='ltr'>dubio</span> <span class='ocrx_word' id='word_1_79' title='bbox 308 548 460 590; x_wconf 87' lang='lat' dir='ltr'>posterior</span> <span class='ocrx_word' id='word_1_80' title='bbox 476 548 507 580; x_wconf 90' lang='lat' dir='ltr'>in</span> <span class='ocrx_word' id='word_1_81' title='bbox 518 548 705 590; x_wconf 85' lang='lat' dir='ltr'>hypotheca</span> <span class='ocrx_word' id='word_1_82' title='bbox 721 549 775 595; x_wconf 76' lang='lat' dir='ltr'>est.</span> <span class='ocrx_word' id='word_1_83' title='bbox 792 549 913 594; x_wconf 78' lang='lat' dir='ltr'>Eadem</span> 
     </span>
     <span class='ocr_line' id='line_1_11' title="bbox 48 589 913 636; baseline 0 -14"><span class='ocrx_word' id='word_1_84' title='bbox 48 592 297 623; x_wconf 86' lang='lat' dir='ltr'>rationeibidem</span> <span class='ocrx_word' id='word_1_85' title='bbox 314 589 435 629; x_wconf 87' lang='lat' dir='ltr'>subjicit</span> <span class='ocrx_word' id='word_1_86' title='bbox 453 589 561 631; x_wconf 84' lang='lat' dir='ltr'>in§.3.</span> <span class='ocrx_word' id='word_1_87' title='bbox 579 590 608 620; x_wconf 92' lang='lat' dir='ltr'>Si</span> <span class='ocrx_word' id='word_1_88' title='bbox 621 591 705 622; x_wconf 88' lang='lat' dir='ltr'>idem</span> <span class='ocrx_word' id='word_1_89' title='bbox 716 591 784 636; x_wconf 77' lang='lat' dir='ltr'>bis,</span> <span class='ocrx_word' id='word_1_90' title='bbox 802 592 833 622; x_wconf 81' lang='lat' dir='ltr'>id</span> <span class='ocrx_word' id='word_1_91' title='bbox 846 590 913 636; x_wconf 74' lang='lat' dir='ltr'>est,</span> 
     </span>
     <span class='ocr_line' id='line_1_12' title="bbox 47 630 912 676; baseline 0.001 -13"><span class='ocrx_word' id='word_1_92' title='bbox 47 640 121 664; x_wconf 88' lang='lat' dir='ltr'>ante</span> <span class='ocrx_word' id='word_1_93' title='bbox 141 632 306 664; x_wconf 90' lang='lat' dir='ltr'>secundum</span> <span class='ocrx_word' id='word_1_94' title='bbox 325 631 354 662; x_wconf 86' lang='lat'>&amp;</span> <span class='ocrx_word' id='word_1_95' title='bbox 371 630 440 671; x_wconf 87' lang='lat' dir='ltr'>post</span> <span class='ocrx_word' id='word_1_96' title='bbox 458 639 531 661; x_wconf 86' lang='lat' dir='ltr'>cum</span> <span class='ocrx_word' id='word_1_97' title='bbox 557 631 751 669; x_wconf 83' lang='lat' dir='ltr'><strong>crediderit,</strong></span> <span class='ocrx_word' id='word_1_98' title='bbox 767 641 805 676; x_wconf 31' lang='lat' dir='ltr'>‘in</span> <span class='ocrx_word' id='word_1_99' title='bbox 828 640 912 672; x_wconf 86' lang='lat' dir='ltr'>prio·</span> 
     </span>
     <span class='ocr_line' id='line_1_13' title="bbox 46 671 911 720; baseline 0 -15"><span class='ocrx_word' id='word_1_100' title='bbox 46 683 81 705; x_wconf 82' lang='lat' dir='ltr'>re</span> <span class='ocrx_word' id='word_1_101' title='bbox 100 674 229 715; x_wconf 88' lang='lat' dir='ltr'>pecunia</span> <span class='ocrx_word' id='word_1_102' title='bbox 246 680 352 712; x_wconf 86' lang='lat' dir='ltr'>potior</span> <span class='ocrx_word' id='word_1_103' title='bbox 368 671 413 703; x_wconf 89' lang='lat' dir='ltr'>est</span> <span class='ocrx_word' id='word_1_104' title='bbox 427 672 585 710; x_wconf 88' lang='lat' dir='ltr'>secundo,</span> <span class='ocrx_word' id='word_1_105' title='bbox 608 672 638 703; x_wconf 91' lang='lat' dir='ltr'>in</span> <span class='ocrx_word' id='word_1_106' title='bbox 658 671 834 713; x_wconf 84' lang='lat' dir='ltr'>posteriore</span> <span class='ocrx_word' id='word_1_107' title='bbox 851 681 911 720; x_wconf 79' lang='lat' dir='ltr'>ter-</span> 
     </span>
     <span class='ocr_line' id='line_1_14' title="bbox 46 712 910 753; baseline -0.001 -6"><span class='ocrx_word' id='word_1_108' title='bbox 46 717 109 746; x_wconf 87' lang='lat' dir='ltr'>tius</span> <span class='ocrx_word' id='word_1_109' title='bbox 122 715 175 747; x_wconf 88' lang='lat' dir='ltr'>est.</span> <span class='ocrx_word' id='word_1_110' title='bbox 200 715 279 746; x_wconf 85' lang='lat' dir='ltr'>Sunt</span> <span class='ocrx_word' id='word_1_111' title='bbox 297 714 365 744; x_wconf 81' lang='lat' dir='ltr'>haec</span> <span class='ocrx_word' id='word_1_112' title='bbox 385 713 565 745; x_wconf 86' lang='lat' dir='ltr'>evidentia:</span> <span class='ocrx_word' id='word_1_113' title='bbox 587 712 608 744; x_wconf 83' lang='lat' dir='ltr'><strong>fi</strong></span> <span class='ocrx_word' id='word_1_114' title='bbox 627 713 656 744; x_wconf 75' lang='grc' dir='ltr'>ἀ</span> <span class='ocrx_word' id='word_1_115' title='bbox 673 723 750 753; x_wconf 91' lang='lat' dir='ltr'>pure</span> <span class='ocrx_word' id='word_1_116' title='bbox 765 714 802 745; x_wconf 88' lang='lat' dir='ltr'>fit</span> <span class='ocrx_word' id='word_1_117' title='bbox 821 714 910 746; x_wconf 86' lang='lat' dir='ltr'>debi-</span> 
     </span>
     <span class='ocr_line' id='line_1_15' title="bbox 45 755 910 796; baseline -0.001 -8"><span class='ocrx_word' id='word_1_118' title='bbox 45 765 112 788; x_wconf 92' lang='lat' dir='ltr'>turn</span> <span class='ocrx_word' id='word_1_119' title='bbox 129 780 138 795; x_wconf 95' lang='lat'>,</span> <span class='ocrx_word' id='word_1_120' title='bbox 169 756 198 787; x_wconf 87' lang='lat'>&amp;</span> <span class='ocrx_word' id='word_1_121' title='bbox 221 758 260 786; x_wconf 90' lang='lat' dir='ltr'>de</span> <span class='ocrx_word' id='word_1_122' title='bbox 286 755 473 796; x_wconf 77' lang='lat' dir='ltr'>hypotheca</span> <span class='ocrx_word' id='word_1_123' title='bbox 495 763 573 795; x_wconf 82' lang='lat' dir='ltr'>pure</span> <span class='ocrx_word' id='word_1_124' title='bbox 603 763 814 787; x_wconf 87' lang='lat' dir='ltr'>conventum.</span> <span class='ocrx_word' id='word_1_125' title='bbox 845 755 910 788; x_wconf 86' lang='lat' dir='ltr'>Sed</span> 
     </span>
     <span class='ocr_line' id='line_1_16' title="bbox 42 794 914 842; baseline -0.003 -11"><span class='ocrx_word' id='word_1_126' title='bbox 42 809 114 831; x_wconf 90' lang='lat' dir='ltr'>cum</span> <span class='ocrx_word' id='word_1_127' title='bbox 133 807 223 838; x_wconf 71' lang='lat' dir='ltr'>aeque</span> <span class='ocrx_word' id='word_1_128' title='bbox 243 798 333 837; x_wconf 72' lang='lat' dir='ltr'>potiit</span> <span class='ocrx_word' id='word_1_129' title='bbox 349 796 378 827; x_wconf 91' lang='lat' dir='ltr'>in</span> <span class='ocrx_word' id='word_1_130' title='bbox 400 796 482 827; x_wconf 90' lang='lat' dir='ltr'>diem</span> <span class='ocrx_word' id='word_1_131' title='bbox 500 796 529 827; x_wconf 74' lang='lat' dir='ltr'>dt</span> <span class='ocrx_word' id='word_1_132' title='bbox 545 794 598 827; x_wconf 88' lang='lat' dir='ltr'>sub</span> <span class='ocrx_word' id='word_1_133' title='bbox 615 797 802 828; x_wconf 90' lang='lat' dir='ltr'>conditione</span> <span class='ocrx_word' id='word_1_134' title='bbox 818 797 914 842; x_wconf 80' lang='lat' dir='ltr'>debe-</span> 
     </span>
     <span class='ocr_line' id='line_1_17' title="bbox 45 835 913 884; baseline -0.005 -11"><span class='ocrx_word' id='word_1_135' title='bbox 45 841 89 881; x_wconf 81' lang='lat' dir='ltr'>ri;</span> <span class='ocrx_word' id='word_1_136' title='bbox 112 838 314 878; x_wconf 72' lang='lat' dir='ltr'>similiterque</span> <span class='ocrx_word' id='word_1_137' title='bbox 343 835 435 877; x_wconf 83' lang='lat' dir='ltr'>poffit</span> <span class='ocrx_word' id='word_1_138' title='bbox 462 837 645 877; x_wconf 85' lang='lat' dir='ltr'>hypotheca</span> <span class='ocrx_word' id='word_1_139' title='bbox 663 837 694 884; x_wconf 71' lang='lat' dir='ltr'>in</span> <span class='ocrx_word' id='word_1_140' title='bbox 710 837 795 869; x_wconf 91' lang='lat' dir='ltr'>diem</span> <span class='ocrx_word' id='word_1_141' title='bbox 812 838 841 869; x_wconf 73' lang='grc' dir='ltr'>ἀ</span> <span class='ocrx_word' id='word_1_142' title='bbox 857 837 913 869; x_wconf 91' lang='lat' dir='ltr'>sub</span> 
     </span>
     <span class='ocr_line' id='line_1_18' title="bbox 44 878 911 922; baseline -0.005 -8"><span class='ocrx_word' id='word_1_143' title='bbox 44 882 234 915; x_wconf 88' lang='lat' dir='ltr'>conditione</span> <span class='ocrx_word' id='word_1_144' title='bbox 253 878 404 919; x_wconf 86' lang='lat' dir='ltr'>obligari,</span> <span class='ocrx_word' id='word_1_145' title='bbox 428 887 492 910; x_wconf 92' lang='lat' dir='ltr'>non</span> <span class='ocrx_word' id='word_1_146' title='bbox 509 879 618 910; x_wconf 85' lang='lat' dir='ltr'>inutile</span> <span class='ocrx_word' id='word_1_147' title='bbox 634 886 712 918; x_wconf 63' lang='lat' dir='ltr'>erit,</span> <span class='ocrx_word' id='word_1_148' title='bbox 732 879 797 922; x_wconf 29' lang='lat' dir='ltr'>&#39;vel</span> <span class='ocrx_word' id='word_1_149' title='bbox 821 879 861 910; x_wconf 89' lang='lat' dir='ltr'>de</span> <span class='ocrx_word' id='word_1_150' title='bbox 877 885 911 910; x_wconf 88' lang='lat' dir='ltr'>u-</span> 
     </span>
     <span class='ocr_line' id='line_1_19' title="bbox 44 919 912 966; baseline -0.005 -11"><span class='ocrx_word' id='word_1_151' title='bbox 44 931 162 963; x_wconf 85' lang='lat' dir='ltr'>troque</span> <span class='ocrx_word' id='word_1_152' title='bbox 178 920 295 962; x_wconf 87' lang='lat' dir='ltr'>dispici.</span> <span class='ocrx_word' id='word_1_153' title='bbox 315 920 376 951; x_wconf 81' lang='lat' dir='ltr'>Sed</span> <span class='ocrx_word' id='word_1_154' title='bbox 392 919 456 951; x_wconf 87' lang='lat' dir='ltr'>huc</span> <span class='ocrx_word' id='word_1_155' title='bbox 473 920 644 952; x_wconf 85' lang='lat' dir='ltr'>deventum</span> <span class='ocrx_word' id='word_1_156' title='bbox 653 919 714 952; x_wconf 87' lang='lat' dir='ltr'>est:</span> <span class='ocrx_word' id='word_1_157' title='bbox 727 927 765 966; x_wconf 39' lang='lat' dir='ltr'>&#39;ut</span> <span class='ocrx_word' id='word_1_158' title='bbox 782 927 912 962; x_wconf 88' lang='lat' dir='ltr'>putetur</span> 
     </span>
     <span class='ocr_line' id='line_1_20' title="bbox 45 961 912 1009; baseline -0.002 -13"><span class='ocrx_word' id='word_1_159' title='bbox 45 962 211 1000; x_wconf 73' lang='lat' dir='ltr'>interesse,</span> <span class='ocrx_word' id='word_1_160' title='bbox 228 962 336 993; x_wconf 89' lang='lat' dir='ltr'>debito</span> <span class='ocrx_word' id='word_1_161' title='bbox 354 971 406 992; x_wconf 89' lang='lat' dir='ltr'>aut</span> <span class='ocrx_word' id='word_1_162' title='bbox 419 962 551 1002; x_wconf 82' lang='lat' dir='ltr'>pignore</span> <span class='ocrx_word' id='word_1_163' title='bbox 568 961 622 992; x_wconf 88' lang='lat' dir='ltr'>sub</span> <span class='ocrx_word' id='word_1_164' title='bbox 638 961 826 1008; x_wconf 72' lang='lat' dir='ltr'>conditione</span> <span class='ocrx_word' id='word_1_165' title='bbox 835 970 912 1009; x_wconf 79' lang='lat' dir='ltr'>con·</span> 
     </span>
     <span class='ocr_line' id='line_1_21' title="bbox 45 1001 914 1045; baseline -0.003 -7"><span class='ocrx_word' id='word_1_166' title='bbox 45 1006 174 1043; x_wconf 79' lang='lat' dir='ltr'>stituto,</span> <span class='ocrx_word' id='word_1_167' title='bbox 197 1001 330 1043; x_wconf 70' lang='lat' dir='ltr'>possitne</span> <span class='ocrx_word' id='word_1_168' title='bbox 361 1003 524 1042; x_wconf 88' lang='lat' dir='ltr'>conditio,</span> <span class='ocrx_word' id='word_1_169' title='bbox 547 1003 648 1045; x_wconf 74' lang='lat' dir='ltr'>invito</span> <span class='ocrx_word' id='word_1_170' title='bbox 665 1037 668 1041; x_wconf 70' lang='lat'>‚</span> <span class='ocrx_word' id='word_1_171' title='bbox 683 1001 831 1036; x_wconf 87' lang='lat' dir='ltr'>debitore</span> <span class='ocrx_word' id='word_1_172' title='bbox 855 1008 914 1035; x_wconf 86' lang='lat' dir='ltr'>im·</span> 
     </span>
     <span class='ocr_line' id='line_1_22' title="bbox 45 1044 915 1088; baseline -0.005 -9"><span class='ocrx_word' id='word_1_173' title='bbox 45 1044 144 1088; x_wconf 75' lang='lat' dir='ltr'>pleri,</span> <span class='ocrx_word' id='word_1_174' title='bbox 167 1055 204 1076; x_wconf 84' lang='lat' dir='ltr'>an</span> <span class='ocrx_word' id='word_1_175' title='bbox 222 1045 260 1075; x_wconf 90' lang='lat' dir='ltr'>ab</span> <span class='ocrx_word' id='word_1_176' title='bbox 272 1054 312 1075; x_wconf 90' lang='lat' dir='ltr'>eo</span> <span class='ocrx_word' id='word_1_177' title='bbox 328 1045 484 1086; x_wconf 77' lang='lat' dir='ltr'>pendeat,</span> <span class='ocrx_word' id='word_1_178' title='bbox 507 1050 611 1076; x_wconf 85' lang='lat' dir='ltr'>utrum</span> <span class='ocrx_word' id='word_1_179' title='bbox 630 1045 755 1085; x_wconf 88' lang='lat' dir='ltr'>impleri</span> <span class='ocrx_word' id='word_1_180' title='bbox 774 1054 843 1076; x_wconf 90' lang='lat' dir='ltr'>eam</span> <span class='ocrx_word' id='word_1_181' title='bbox 862 1054 915 1075; x_wconf 89' lang='lat' dir='ltr'>ve-</span> 
     </span>
     <span class='ocr_line' id='line_1_23' title="bbox 46 1084 915 1126; baseline -0.005 -5"><span class='ocrx_word' id='word_1_182' title='bbox 46 1090 102 1126; x_wconf 88' lang='lat' dir='ltr'>lit,</span> <span class='ocrx_word' id='word_1_183' title='bbox 134 1096 170 1118; x_wconf 82' lang='lat' dir='ltr'>an</span> <span class='ocrx_word' id='word_1_184' title='bbox 196 1095 269 1117; x_wconf 89' lang='lat' dir='ltr'>non.</span> <span class='ocrx_word' id='word_1_185' title='bbox 301 1086 406 1125; x_wconf 89' lang='lat' dir='ltr'>priore</span> <span class='ocrx_word' id='word_1_186' title='bbox 440 1084 509 1116; x_wconf 82' lang='lat' dir='ltr'>casu</span> <span class='ocrx_word' id='word_1_187' title='bbox 538 1086 660 1125; x_wconf 83' lang='lat' dir='ltr'>placet,</span> <span class='ocrx_word' id='word_1_188' title='bbox 692 1086 915 1117; x_wconf 85' lang='lat' dir='ltr'>conditionem</span> 
     </span>
     <span class='ocr_line' id='line_1_24' title="bbox 48 1126 915 1174; baseline -0.001 -14"><span class='ocrx_word' id='word_1_189' title='bbox 48 1129 177 1169; x_wconf 81' lang='lat' dir='ltr'>quidem</span> <span class='ocrx_word' id='word_1_190' title='bbox 205 1127 307 1158; x_wconf 69' lang='lat' dir='ltr'>actum</span> <span class='ocrx_word' id='word_1_191' title='bbox 334 1127 372 1158; x_wconf 91' lang='lat' dir='ltr'>ab</span> <span class='ocrx_word' id='word_1_192' title='bbox 397 1127 487 1158; x_wconf 90' lang='lat' dir='ltr'>initio</span> <span class='ocrx_word' id='word_1_193' title='bbox 504 1126 711 1166; x_wconf 75' lang='lat' dir='ltr'>suspendere,</span> <span class='ocrx_word' id='word_1_194' title='bbox 735 1126 915 1174; x_wconf 80' lang='lat' dir='ltr'>sedimple-</span> 
     </span>
     <span class='ocr_line' id='line_1_25' title="bbox 49 1168 915 1208; baseline -0.002 -7"><span class='ocrx_word' id='word_1_195' title='bbox 49 1179 114 1201; x_wconf 87' lang='lat' dir='ltr'>tam</span> <span class='ocrx_word' id='word_1_196' title='bbox 134 1169 248 1200; x_wconf 89' lang='lat' dir='ltr'>deinde</span> <span class='ocrx_word' id='word_1_197' title='bbox 276 1168 390 1198; x_wconf 85' lang='lat' dir='ltr'>retrahi</span> <span class='ocrx_word' id='word_1_198' title='bbox 407 1168 444 1198; x_wconf 86' lang='lat' dir='ltr'>ad</span> <span class='ocrx_word' id='word_1_199' title='bbox 455 1175 581 1208; x_wconf 89' lang='lat' dir='ltr'>tempus</span> <span class='ocrx_word' id='word_1_200' title='bbox 597 1176 846 1208; x_wconf 78' lang='lat' dir='ltr'>conventionis3</span> <span class='ocrx_word' id='word_1_201' title='bbox 861 1178 915 1199; x_wconf 90' lang='lat' dir='ltr'>eo-</span> 
     </span>
     <span class='ocr_line' id='line_1_26' title="bbox 47 1208 914 1252; baseline -0.001 -10"><span class='ocrx_word' id='word_1_202' title='bbox 47 1221 110 1252; x_wconf 78' lang='lat' dir='ltr'>que</span> <span class='ocrx_word' id='word_1_203' title='bbox 127 1210 212 1247; x_wconf 86' lang='lat' dir='ltr'>fieri,</span> <span class='ocrx_word' id='word_1_204' title='bbox 231 1215 264 1240; x_wconf 91' lang='lat' dir='ltr'>ut</span> <span class='ocrx_word' id='word_1_205' title='bbox 280 1208 315 1241; x_wconf 87' lang='lat' dir='ltr'>fit</span> <span class='ocrx_word' id='word_1_206' title='bbox 334 1208 561 1249; x_wconf 87' lang='lat' dir='ltr'>perinde,·acfi</span> <span class='ocrx_word' id='word_1_207' title='bbox 577 1209 733 1249; x_wconf 76' lang='lat' dir='ltr'>obligatio</span> <span class='ocrx_word' id='word_1_208' title='bbox 749 1218 826 1249; x_wconf 87' lang='lat' dir='ltr'>pure</span> <span class='ocrx_word' id='word_1_209' title='bbox 842 1219 914 1241; x_wconf 90' lang='lat' dir='ltr'>con-</span> 
     </span>
     <span class='ocr_line' id='line_1_27' title="bbox 44 1249 914 1296; baseline -0.002 -12"><span class='ocrx_word' id='word_1_210' title='bbox 44 1252 143 1284; x_wconf 71' lang='lat' dir='ltr'>traCta</span> <span class='ocrx_word' id='word_1_211' title='bbox 161 1251 236 1282; x_wconf 82' lang='lat' dir='ltr'>effet</span> <span class='ocrx_word' id='word_1_212' title='bbox 252 1251 272 1283; x_wconf 84' lang='lat' dir='ltr'>l.</span> <span class='ocrx_word' id='word_1_213' title='bbox 293 1259 338 1282; x_wconf 84' lang='lat'>11.</span> <span class='ocrx_word' id='word_1_214' title='bbox 356 1249 384 1291; x_wconf 87' lang='lat'>§.</span> <span class='ocrx_word' id='word_1_215' title='bbox 406 1259 432 1282; x_wconf 87' lang='lat'>1.</span> <span class='ocrx_word' id='word_1_216' title='bbox 450 1249 491 1281; x_wconf 92' lang='lat' dir='ltr'>D.</span> <span class='ocrx_word' id='word_1_217' title='bbox 509 1250 734 1296; x_wconf 44' lang='lat' dir='ltr'>Quipotiopirt</span> <span class='ocrx_word' id='word_1_218' title='bbox 746 1251 830 1293; x_wconf 81' lang='lat' dir='ltr'>pign.</span> <span class='ocrx_word' id='word_1_219' title='bbox 849 1251 914 1282; x_wconf 94' lang='lat' dir='ltr'>hoc</span> 
     </span>
     <span class='ocr_line' id='line_1_28' title="bbox 48 1291 913 1337; baseline -0.002 -12"><span class='ocrx_word' id='word_1_220' title='bbox 48 1295 146 1326; x_wconf 69' lang='lat' dir='ltr'>icitur</span> <span class='ocrx_word' id='word_1_221' title='bbox 164 1291 232 1323; x_wconf 88' lang='lat' dir='ltr'>casu</span> <span class='ocrx_word' id='word_1_222' title='bbox 249 1292 301 1331; x_wconf 92' lang='lat' dir='ltr'>qui</span> <span class='ocrx_word' id='word_1_223' title='bbox 320 1291 373 1322; x_wconf 90' lang='lat' dir='ltr'>sub</span> <span class='ocrx_word' id='word_1_224' title='bbox 397 1291 584 1322; x_wconf 88' lang='lat' dir='ltr'>conditione</span> <span class='ocrx_word' id='word_1_225' title='bbox 608 1292 764 1331; x_wconf 83' lang='lat' dir='ltr'>credidit,</span> <span class='ocrx_word' id='word_1_226' title='bbox 788 1298 841 1323; x_wconf 84' lang='lat' dir='ltr'>aut</span> <span class='ocrx_word' id='word_1_227' title='bbox 857 1292 913 1337; x_wconf 78' lang='lat' dir='ltr'>hy-</span> 
     </span>
     <span class='ocr_line' id='line_1_29' title="bbox 46 1319 913 1376; baseline -0.001 -10"><span class='ocrx_word' id='word_1_228' title='bbox 46 1319 220 1376; x_wconf 45' lang='lat' dir='ltr'>pffithecam</span> <span class='ocrx_word' id='word_1_229' title='bbox 245 1331 387 1372; x_wconf 88' lang='lat' dir='ltr'>accepit,</span> <span class='ocrx_word' id='word_1_230' title='bbox 418 1331 571 1363; x_wconf 84' lang='lat' dir='ltr'>existente</span> <span class='ocrx_word' id='word_1_231' title='bbox 596 1333 804 1371; x_wconf 90' lang='lat' dir='ltr'>conditione,</span> <span class='ocrx_word' id='word_1_232' title='bbox 825 1342 913 1374; x_wconf 83' lang='lat' dir='ltr'>prlor</span> 
     </span>
     <span class='ocr_line' id='line_1_30' title="bbox 46 1372 914 1415; baseline -0.002 -7"><span class='ocrx_word' id='word_1_233' title='bbox 46 1375 93 1408; x_wconf 89' lang='lat' dir='ltr'>est</span> <span class='ocrx_word' id='word_1_234' title='bbox 108 1384 148 1406; x_wconf 90' lang='lat' dir='ltr'>eo</span> <span class='ocrx_word' id='word_1_235' title='bbox 160 1375 211 1414; x_wconf 87' lang='lat' dir='ltr'>qui</span> <span class='ocrx_word' id='word_1_236' title='bbox 223 1372 331 1413; x_wconf 86' lang='lat' dir='ltr'>postea</span> <span class='ocrx_word' id='word_1_237' title='bbox 341 1381 417 1412; x_wconf 89' lang='lat' dir='ltr'>pure</span> <span class='ocrx_word' id='word_1_238' title='bbox 434 1372 655 1411; x_wconf 80' lang='lat' dir='ltr'>credidit,aut</span> <span class='ocrx_word' id='word_1_239' title='bbox 665 1382 742 1413; x_wconf 88' lang='lat' dir='ltr'>pure</span> <span class='ocrx_word' id='word_1_240' title='bbox 753 1374 914 1415; x_wconf 92' lang='lat' dir='ltr'>hypothe-</span> 
     </span>
     <span class='ocr_line' id='line_1_31' title="bbox 45 1413 914 1454; baseline 0.001 -7"><span class='ocrx_word' id='word_1_241' title='bbox 45 1422 114 1448; x_wconf 79' lang='lat' dir='ltr'>cam</span> <span class='ocrx_word' id='word_1_242' title='bbox 132 1415 255 1454; x_wconf 87' lang='lat' dir='ltr'>accepit</span> <span class='ocrx_word' id='word_1_243' title='bbox 271 1414 288 1444; x_wconf 84' lang='lat' dir='ltr'>l.</span> <span class='ocrx_word' id='word_1_244' title='bbox 305 1423 336 1449; x_wconf 89' lang='lat'>9.</span> <span class='ocrx_word' id='word_1_245' title='bbox 354 1413 382 1454; x_wconf 87' lang='lat'>§.</span> <span class='ocrx_word' id='word_1_246' title='bbox 404 1421 428 1445; x_wconf 88' lang='lat'>1.</span> <span class='ocrx_word' id='word_1_247' title='bbox 450 1413 490 1444; x_wconf 90' lang='lat' dir='ltr'>D.</span> <span class='ocrx_word' id='word_1_248' title='bbox 508 1415 567 1445; x_wconf 80' lang='lat' dir='ltr'>eod.</span> <span class='ocrx_word' id='word_1_249' title='bbox 585 1415 631 1445; x_wconf 73' lang='lat' dir='ltr'>tic.</span> <span class='ocrx_word' id='word_1_250' title='bbox 651 1413 830 1447; x_wconf 87' lang='lat' dir='ltr'>Posteriore</span> <span class='ocrx_word' id='word_1_251' title='bbox 844 1416 914 1448; x_wconf 77' lang='lat' dir='ltr'>casti</span> 
     </span>
     <span class='ocr_line' id='line_1_32' title="bbox 46 1454 911 1498; baseline 0 -9"><span class='ocrx_word' id='word_1_252' title='bbox 46 1456 178 1498; x_wconf 82' lang='lat' dir='ltr'>placuit,</span> <span class='ocrx_word' id='word_1_253' title='bbox 190 1454 409 1486; x_wconf 87' lang='lat' dir='ltr'>conditionem</span> <span class='ocrx_word' id='word_1_254' title='bbox 421 1457 622 1493; x_wconf 86' lang='lat' dir='ltr'>quantumvis</span> <span class='ocrx_word' id='word_1_255' title='bbox 633 1454 820 1488; x_wconf 88' lang='lat' dir='ltr'>existentem</span> <span class='ocrx_word' id='word_1_256' title='bbox 833 1467 911 1496; x_wconf 92' lang='lat' dir='ltr'>,non</span> 
     </span>
     <span class='ocr_line' id='line_1_33' title="bbox 45 1495 912 1539; baseline 0 -9"><span class='ocrx_word' id='word_1_257' title='bbox 45 1497 161 1531; x_wconf 80' lang='lat' dir='ltr'>retrahi</span> <span class='ocrx_word' id='word_1_258' title='bbox 177 1497 214 1527; x_wconf 88' lang='lat' dir='ltr'>ad</span> <span class='ocrx_word' id='word_1_259' title='bbox 233 1504 358 1536; x_wconf 86' lang='lat' dir='ltr'>tempus</span> <span class='ocrx_word' id='word_1_260' title='bbox 377 1495 460 1526; x_wconf 78' lang='lat' dir='ltr'>initae</span> <span class='ocrx_word' id='word_1_261' title='bbox 476 1498 716 1529; x_wconf 84' lang='lat' dir='ltr'>conventionis:</span> <span class='ocrx_word' id='word_1_262' title='bbox 731 1507 836 1538; x_wconf 87' lang='lat' dir='ltr'>neque</span> <span class='ocrx_word' id='word_1_263' title='bbox 849 1499 912 1539; x_wconf 79' lang='lat' dir='ltr'>jam</span> 
     </span>
     <span class='ocr_line' id='line_1_34' title="bbox 46 1536 912 1581; baseline 0.002 -11"><span class='ocrx_word' id='word_1_264' title='bbox 46 1539 180 1580; x_wconf 86' lang='lat' dir='ltr'>perinde</span> <span class='ocrx_word' id='word_1_265' title='bbox 194 1538 295 1576; x_wconf 82' lang='lat' dir='ltr'>accipi</span> <span class='ocrx_word' id='word_1_266' title='bbox 312 1536 398 1574; x_wconf 90' lang='lat' dir='ltr'>rem,</span> <span class='ocrx_word' id='word_1_267' title='bbox 411 1536 493 1575; x_wconf 82' lang='lat' dir='ltr'>qnass</span> <span class='ocrx_word' id='word_1_268' title='bbox 510 1545 563 1567; x_wconf 87' lang='lat' dir='ltr'>aut</span> <span class='ocrx_word' id='word_1_269' title='bbox 572 1537 714 1569; x_wconf 89' lang='lat' dir='ltr'>debitum</span> <span class='ocrx_word' id='word_1_270' title='bbox 730 1546 782 1570; x_wconf 83' lang='lat' dir='ltr'>aut</span> <span class='ocrx_word' id='word_1_271' title='bbox 801 1540 912 1581; x_wconf 84' lang='lat' dir='ltr'>pignus</span> 
     </span>
     <span class='ocr_line' id='line_1_35' title="bbox 48 1577 915 1621; baseline 0.002 -10"><span class='ocrx_word' id='word_1_272' title='bbox 48 1580 142 1612; x_wconf 85' lang='lat' dir='ltr'>initio</span> <span class='ocrx_word' id='word_1_273' title='bbox 168 1577 245 1609; x_wconf 80' lang='lat' dir='ltr'>effet</span> <span class='ocrx_word' id='word_1_274' title='bbox 267 1586 346 1617; x_wconf 85' lang='lat' dir='ltr'>pure</span> <span class='ocrx_word' id='word_1_275' title='bbox 378 1577 575 1608; x_wconf 69' lang='lat' dir='ltr'>contractum</span> <span class='ocrx_word' id='word_1_276' title='bbox 596 1586 606 1617; x_wconf 93' lang='lat'>;</span> <span class='ocrx_word' id='word_1_277' title='bbox 636 1587 732 1619; x_wconf 87' lang='lat' dir='ltr'>atque</span> <span class='ocrx_word' id='word_1_278' title='bbox 756 1580 837 1612; x_wconf 90' lang='lat' dir='ltr'>adeo</span> <span class='ocrx_word' id='word_1_279' title='bbox 862 1582 915 1621; x_wconf 87' lang='lat' dir='ltr'>qui</span> 
     </span>
     <span class='ocr_line' id='line_1_36' title="bbox 50 1617 916 1662; baseline 0.001 -9"><span class='ocrx_word' id='word_1_280' title='bbox 50 1621 166 1653; x_wconf 85' lang='lat' dir='ltr'>deinde</span> <span class='ocrx_word' id='word_1_281' title='bbox 191 1627 269 1659; x_wconf 89' lang='lat' dir='ltr'>pure</span> <span class='ocrx_word' id='word_1_282' title='bbox 286 1617 440 1656; x_wconf 88' lang='lat' dir='ltr'>credidit,</span> <span class='ocrx_word' id='word_1_283' title='bbox 464 1618 493 1649; x_wconf 75' lang='grc' dir='ltr'>ὅ(</span> <span class='ocrx_word' id='word_1_284' title='bbox 513 1627 589 1658; x_wconf 85' lang='lat' dir='ltr'>pure</span> <span class='ocrx_word' id='word_1_285' title='bbox 615 1621 740 1660; x_wconf 87' lang='lat' dir='ltr'>accepit</span> <span class='ocrx_word' id='word_1_286' title='bbox 755 1620 916 1662; x_wconf 88' lang='lat' dir='ltr'>hypothe-</span> 
     </span>
     <span class='ocr_line' id='line_1_37' title="bbox 48 1659 914 1703; baseline 0.001 -9"><span class='ocrx_word' id='word_1_287' title='bbox 48 1671 118 1694; x_wconf 86' lang='lat' dir='ltr'>cam</span> <span class='ocrx_word' id='word_1_288' title='bbox 134 1683 144 1699; x_wconf 80' lang='lat'>,</span> <span class='ocrx_word' id='word_1_289' title='bbox 175 1668 366 1700; x_wconf 85' lang='lat' dir='ltr'>quamquam</span> <span class='ocrx_word' id='word_1_290' title='bbox 388 1666 529 1699; x_wconf 88' lang='lat' dir='ltr'>tempore</span> <span class='ocrx_word' id='word_1_291' title='bbox 549 1659 701 1700; x_wconf 81' lang='lat' dir='ltr'>posterius</span> <span class='ocrx_word' id='word_1_292' title='bbox 725 1664 914 1703; x_wconf 87' lang='lat' dir='ltr'>crediderit,</span> 
     </span>
     <span class='ocr_line' id='line_1_38' title="bbox 48 1699 915 1744; baseline 0.003 -10"><span class='ocrx_word' id='word_1_293' title='bbox 48 1702 204 1744; x_wconf 80' lang='lat' dir='ltr'>pignusve</span> <span class='ocrx_word' id='word_1_294' title='bbox 219 1699 398 1740; x_wconf 87' lang='lat' dir='ltr'>acceperit,</span> <span class='ocrx_word' id='word_1_295' title='bbox 414 1702 517 1732; x_wconf 89' lang='lat' dir='ltr'>adhuc</span> <span class='ocrx_word' id='word_1_296' title='bbox 534 1701 718 1742; x_wconf 84' lang='lat' dir='ltr'>haberijure</span> <span class='ocrx_word' id='word_1_297' title='bbox 735 1703 915 1743; x_wconf 82' lang='lat' dir='ltr'>potiorem.-</span> 
     </span>
     <span class='ocr_line' id='line_1_39' title="bbox 50 1742 914 1784; baseline 0.003 -9"><span class='ocrx_word' id='word_1_298' title='bbox 50 1754 91 1775; x_wconf 92' lang='lat' dir='ltr'>eo</span> <span class='ocrx_word' id='word_1_299' title='bbox 108 1742 194 1784; x_wconf 88' lang='lat' dir='ltr'>quod</span> <span class='ocrx_word' id='word_1_300' title='bbox 218 1742 381 1782; x_wconf 84' lang='lat' dir='ltr'>pendente</span> <span class='ocrx_word' id='word_1_301' title='bbox 400 1742 438 1772; x_wconf 82' lang='lat' dir='ltr'>ab</span> <span class='ocrx_word' id='word_1_302' title='bbox 464 1742 593 1782; x_wconf 83' lang='lat' dir='ltr'>arbitrio</span> <span class='ocrx_word' id='word_1_303' title='bbox 609 1744 786 1784; x_wconf 77' lang='lat' dir='ltr'>debitoris,</span> <span class='ocrx_word' id='word_1_304' title='bbox 810 1753 914 1779; x_wconf 88' lang='lat' dir='ltr'>utrum</span> 
     </span>
     <span class='ocr_line' id='line_1_40' title="bbox 49 1781 915 1825; baseline 0.002 -8"><span class='ocrx_word' id='word_1_305' title='bbox 49 1793 104 1817; x_wconf 88' lang='lat' dir='ltr'>aut</span> <span class='ocrx_word' id='word_1_306' title='bbox 122 1781 264 1816; x_wconf 73' lang='lat' dir='ltr'>debiturn</span> <span class='ocrx_word' id='word_1_307' title='bbox 275 1782 327 1814; x_wconf 82' lang='lat' dir='ltr'>aut</span> <span class='ocrx_word' id='word_1_308' title='bbox 337 1782 522 1825; x_wconf 82' lang='lat' dir='ltr'>hypotheca</span> <span class='ocrx_word' id='word_1_309' title='bbox 539 1783 636 1823; x_wconf 82' lang='lat' dir='ltr'>ess&#39;et,</span> <span class='ocrx_word' id='word_1_310' title='bbox 660 1795 710 1816; x_wconf 86' lang='lat' dir='ltr'>res</span> <span class='ocrx_word' id='word_1_311' title='bbox 725 1785 788 1817; x_wconf 90' lang='lat' dir='ltr'>fuit</span> <span class='ocrx_word' id='word_1_312' title='bbox 805 1786 915 1820; x_wconf 90' lang='lat' dir='ltr'>volun-</span> 
     </span>
     <span class='ocr_line' id='line_1_41' title="bbox 49 1823 913 1868; baseline 0.002 -10"><span class='ocrx_word' id='word_1_313' title='bbox 49 1827 139 1864; x_wconf 88' lang='lat' dir='ltr'>tatis,</span> <span class='ocrx_word' id='word_1_314' title='bbox 162 1823 352 1856; x_wconf 85' lang='lat' dir='ltr'>neceffitatis</span> <span class='ocrx_word' id='word_1_315' title='bbox 377 1824 508 1855; x_wconf 87' lang='lat' dir='ltr'>nonfuit</span> <span class='ocrx_word' id='word_1_316' title='bbox 527 1834 619 1857; x_wconf 90' lang='lat' dir='ltr'>:curn</span> <span class='ocrx_word' id='word_1_317' title='bbox 638 1826 843 1868; x_wconf 82' lang='lat' dir='ltr'>obligationis</span> <span class='ocrx_word' id='word_1_318' title='bbox 859 1828 913 1868; x_wconf 83' lang='lat' dir='ltr'>sit,</span> 
     </span>
     <span class='ocr_line' id='line_1_42' title="bbox 49 1865 914 1913; baseline 0.006 -17"><span class='ocrx_word' id='word_1_319' title='bbox 49 1866 170 1899; x_wconf 81' lang='lat' dir='ltr'>invitos</span> <span class='ocrx_word' id='word_1_320' title='bbox 188 1873 298 1896; x_wconf 88' lang='lat' dir='ltr'>tenere</span> <span class='ocrx_word' id='word_1_321' title='bbox 315 1865 333 1895; x_wconf 83' lang='lat' dir='ltr'>l.</span> <span class='ocrx_word' id='word_1_322' title='bbox 350 1866 380 1905; x_wconf 83' lang='lat'>&#39;5.</span> <span class='ocrx_word' id='word_1_323' title='bbox 400 1866 433 1896; x_wconf 90' lang='lat' dir='ltr'>C.</span> <span class='ocrx_word' id='word_1_324' title='bbox 452 1867 485 1896; x_wconf 84' lang='lat' dir='ltr'>de</span> <span class='ocrx_word' id='word_1_325' title='bbox 501 1866 641 1913; x_wconf 37' lang='lat' dir='ltr'>oblig3&amp;</span> <span class='ocrx_word' id='word_1_326' title='bbox 657 1868 713 1900; x_wconf 68' lang='grc' dir='ltr'>αὲἶ.</span> <span class='ocrx_word' id='word_1_327' title='bbox 725 1875 774 1909; x_wconf 85' lang='lat' dir='ltr'>pr.</span> <span class='ocrx_word' id='word_1_328' title='bbox 791 1867 865 1910; x_wconf 82' lang='lat' dir='ltr'>Infl.</span> <span class='ocrx_word' id='word_1_329' title='bbox 882 1871 914 1902; x_wconf 77' lang='lat' dir='ltr'>de</span> 
     </span>
     <span class='ocr_line' id='line_1_43' title="bbox 49 1905 918 1951; baseline 0.005 -11"><span class='ocrx_word' id='word_1_330' title='bbox 49 1909 166 1949; x_wconf 73' lang='lat' dir='ltr'>obligat.</span> <span class='ocrx_word' id='word_1_331' title='bbox 184 1906 291 1938; x_wconf 86' lang='lat' dir='ltr'>Simile</span> <span class='ocrx_word' id='word_1_332' title='bbox 307 1905 370 1945; x_wconf 84' lang='lat' dir='ltr'>est3</span> <span class='ocrx_word' id='word_1_333' title='bbox 392 1906 413 1938; x_wconf 82' lang='lat' dir='ltr'><strong>fi</strong></span> <span class='ocrx_word' id='word_1_334' title='bbox 430 1906 466 1938; x_wconf 90' lang='lat' dir='ltr'>fit</span> <span class='ocrx_word' id='word_1_335' title='bbox 480 1907 623 1940; x_wconf 89' lang='lat' dir='ltr'>debitum</span> <span class='ocrx_word' id='word_1_336' title='bbox 639 1909 669 1940; x_wconf 91' lang='lat' dir='ltr'>in</span> <span class='ocrx_word' id='word_1_337' title='bbox 686 1909 788 1951; x_wconf 89' lang='lat' dir='ltr'>diem,</span> <span class='ocrx_word' id='word_1_338' title='bbox 805 1914 858 1943; x_wconf 85' lang='lat' dir='ltr'>aut</span> <span class='ocrx_word' id='word_1_339' title='bbox 877 1913 918 1944; x_wconf 93' lang='lat' dir='ltr'>de</span> 
     </span>
     <span class='ocr_line' id='line_1_44' title="bbox 50 1947 916 1992; baseline 0.005 -11"><span class='ocrx_word' id='word_1_340' title='bbox 50 1949 238 1990; x_wconf 83' lang='lat' dir='ltr'>hypotheca</span> <span class='ocrx_word' id='word_1_341' title='bbox 256 1948 285 1978; x_wconf 93' lang='lat' dir='ltr'>in</span> <span class='ocrx_word' id='word_1_342' title='bbox 304 1947 387 1979; x_wconf 92' lang='lat' dir='ltr'>diem</span> <span class='ocrx_word' id='word_1_343' title='bbox 408 1950 726 1992; x_wconf 21' lang='lat' dir='ltr'>conventumffinam</span> <span class='ocrx_word' id='word_1_344' title='bbox 743 1951 773 1983; x_wconf 73' lang='grc' dir='ltr'>δε</span> <span class='ocrx_word' id='word_1_345' title='bbox 791 1958 857 1985; x_wconf 91' lang='lat' dir='ltr'>tum</span> <span class='ocrx_word' id='word_1_346' title='bbox 872 1954 916 1985; x_wconf 91' lang='lat' dir='ltr'>di-</span> 
     </span>
     <span class='ocr_line' id='line_1_45' title="bbox 45 1989 915 2034; baseline 0.007 -13"><span class='ocrx_word' id='word_1_347' title='bbox 45 1990 230 2030; x_wconf 84' lang='lat' dir='ltr'>stinguitur,</span> <span class='ocrx_word' id='word_1_348' title='bbox 254 1991 358 2019; x_wconf 85' lang='lat' dir='ltr'>utrum</span> <span class='ocrx_word' id='word_1_349' title='bbox 374 1989 489 2030; x_wconf 79' lang='lat' dir='ltr'>pignus</span> <span class='ocrx_word' id='word_1_350' title='bbox 507 1990 661 2024; x_wconf 86' lang='lat' dir='ltr'>debitoris</span> <span class='ocrx_word' id='word_1_351' title='bbox 677 1993 805 2025; x_wconf 88' lang='lat' dir='ltr'>arbitrio</span> <span class='ocrx_word' id='word_1_352' title='bbox 823 1994 915 2034; x_wconf 76' lang='lat' dir='ltr'>peffit</span> 
     </span>
     <span class='ocr_line' id='line_1_46' title="bbox 46 2030 909 2084; baseline 0.008 -23"><span class='ocrx_word' id='word_1_353' title='bbox 46 2030 145 2069; x_wconf 82' lang='lat' dir='ltr'>solvi,</span> <span class='ocrx_word' id='word_1_354' title='bbox 169 2039 206 2061; x_wconf 86' lang='lat' dir='ltr'>an</span> <span class='ocrx_word' id='word_1_355' title='bbox 224 2039 288 2061; x_wconf 88' lang='lat' dir='ltr'>non</span> <span class='ocrx_word' id='word_1_356' title='bbox 307 2030 399 2070; x_wconf 86' lang='lat' dir='ltr'>poffit</span> <span class='ocrx_word' id='word_1_357' title='bbox 416 2031 433 2061; x_wconf 78' lang='lat' dir='ltr'>t.</span> <span class='ocrx_word' id='word_1_358' title='bbox 452 2040 483 2067; x_wconf 86' lang='lat'>9-</span> <span class='ocrx_word' id='word_1_359' title='bbox 501 2031 544 2063; x_wconf 93' lang='lat' dir='ltr'>D.</span> <span class='ocrx_word' id='word_1_360' title='bbox 561 2032 739 2076; x_wconf 65' lang='lat' dir='ltr'>Quipotiom</span> <span class='ocrx_word' id='word_1_361' title='bbox 756 2036 787 2066; x_wconf 87' lang='lat' dir='ltr'>in</span> <span class='ocrx_word' id='word_1_362' title='bbox 796 2037 881 2077; x_wconf 83' lang='lat' dir='ltr'>pign.</span> <span class='ocrx_word' id='word_1_363' title='bbox 896 2071 909 2084; x_wconf 16' lang='grc' dir='ltr'>Α,</span> 
     </span>
    </p>

    <p class='ocr_par' dir='ltr' id='par_1_3' title="bbox 45 2071 922 3063">
     <span class='ocr_line' id='line_1_47' title="bbox 88 2071 911 2117; baseline 0.006 -13"><span class='ocrx_word' id='word_1_364' title='bbox 88 2072 215 2104; x_wconf 87' lang='lat' dir='ltr'>Summa</span> <span class='ocrx_word' id='word_1_365' title='bbox 225 2071 319 2112; x_wconf 80' lang='lat' dir='ltr'>igitur</span> <span class='ocrx_word' id='word_1_366' title='bbox 330 2071 485 2104; x_wconf 72' lang='lat' dir='ltr'>dictorum</span> <span class='ocrx_word' id='word_1_367' title='bbox 496 2072 540 2104; x_wconf 89' lang='lat' dir='ltr'>est</span> <span class='ocrx_word' id='word_1_368' title='bbox 549 2096 557 2111; x_wconf 90' lang='lat'>‚</span> <span class='ocrx_word' id='word_1_369' title='bbox 575 2076 713 2114; x_wconf 84' lang='lat' dir='ltr'>priorem</span> <span class='ocrx_word' id='word_1_370' title='bbox 726 2079 911 2117; x_wconf 86' lang='lat' dir='ltr'>temporein</span> 
     </span>
     <span class='ocr_line' id='line_1_48' title="bbox 49 2111 912 2155; baseline 0.007 -10"><span class='ocrx_word' id='word_1_371' title='bbox 49 2115 139 2145; x_wconf 85' lang='lat' dir='ltr'>omni</span> <span class='ocrx_word' id='word_1_372' title='bbox 166 2113 300 2152; x_wconf 82' lang='lat' dir='ltr'>pignore</span> <span class='ocrx_word' id='word_1_373' title='bbox 324 2111 385 2144; x_wconf 89' lang='lat' dir='ltr'>esse</span> <span class='ocrx_word' id='word_1_374' title='bbox 401 2112 469 2152; x_wconf 86' lang='lat' dir='ltr'>jure</span> <span class='ocrx_word' id='word_1_375' title='bbox 493 2115 665 2155; x_wconf 88' lang='lat' dir='ltr'>potiorem.</span> <span class='ocrx_word' id='word_1_376' title='bbox 689 2116 789 2149; x_wconf 83' lang='lat' dir='ltr'>Silere</span> <span class='ocrx_word' id='word_1_377' title='bbox 807 2120 912 2152; x_wconf 82' lang='lat' dir='ltr'>tamen</span> 
     </span>
     <span class='ocr_line' id='line_1_49' title="bbox 48 2152 912 2204; baseline 0.006 -17"><span class='ocrx_word' id='word_1_378' title='bbox 48 2164 117 2187; x_wconf 85' lang='lat' dir='ltr'>non</span> <span class='ocrx_word' id='word_1_379' title='bbox 134 2154 255 2191; x_wconf 88' lang='lat' dir='ltr'>debe0,</span> <span class='ocrx_word' id='word_1_380' title='bbox 280 2154 367 2192; x_wconf 81' lang='lat' dir='ltr'>quod</span> <span class='ocrx_word' id='word_1_381' title='bbox 381 2152 576 2194; x_wconf 88' lang='lat' dir='ltr'>Ulpianusin</span> <span class='ocrx_word' id='word_1_382' title='bbox 592 2156 611 2189; x_wconf 90' lang='lat' dir='ltr'>l.</span> <span class='ocrx_word' id='word_1_383' title='bbox 626 2166 657 2198; x_wconf 82' lang='lat'>5.</span> <span class='ocrx_word' id='word_1_384' title='bbox 674 2159 722 2190; x_wconf 91' lang='lat' dir='ltr'>D.</span> <span class='ocrx_word' id='word_1_385' title='bbox 734 2159 796 2204; x_wconf 78' lang='lat' dir='ltr'>Qui</span> <span class='ocrx_word' id='word_1_386' title='bbox 807 2162 912 2200; x_wconf 78' lang='lat' dir='ltr'>potior.</span> 
     </span>
     <span class='ocr_line' id='line_1_50' title="bbox 47 2193 917 2239; baseline 0.01 -14"><span class='ocrx_word' id='word_1_387' title='bbox 47 2198 81 2229; x_wconf 80' lang='lat' dir='ltr'>in</span> <span class='ocrx_word' id='word_1_388' title='bbox 90 2197 175 2236; x_wconf 82' lang='lat' dir='ltr'>pign.</span> <span class='ocrx_word' id='word_1_389' title='bbox 192 2202 260 2226; x_wconf 84' lang='lat' dir='ltr'>eam</span> <span class='ocrx_word' id='word_1_390' title='bbox 277 2193 339 2225; x_wconf 86' lang='lat' dir='ltr'>fine</span> <span class='ocrx_word' id='word_1_391' title='bbox 365 2202 617 2234; x_wconf 86' lang='lat' dir='ltr'>temperamento</span> <span class='ocrx_word' id='word_1_392' title='bbox 642 2198 723 2239; x_wconf 81' lang='lat' dir='ltr'>effe,</span> <span class='ocrx_word' id='word_1_393' title='bbox 745 2209 810 2232; x_wconf 92' lang='lat' dir='ltr'>non</span> <span class='ocrx_word' id='word_1_394' title='bbox 829 2201 917 2233; x_wconf 86' lang='lat' dir='ltr'>finit:</span> 
     </span>
     <span class='ocr_line' id='line_1_51' title="bbox 48 2236 916 2279; baseline 0.007 -10"><span class='ocrx_word' id='word_1_395' title='bbox 48 2240 229 2279; x_wconf 72' lang='lat' dir='ltr'>&#39;opportune</span> <span class='ocrx_word' id='word_1_396' title='bbox 238 2244 374 2267; x_wconf 83' lang='lat' dir='ltr'>mouens</span> <span class='ocrx_word' id='word_1_397' title='bbox 384 2258 394 2274; x_wconf 94' lang='lat'>,</span> <span class='ocrx_word' id='word_1_398' title='bbox 404 2236 613 2276; x_wconf 87' lang='lat' dir='ltr'>posteriorem</span> <span class='ocrx_word' id='word_1_399' title='bbox 622 2240 810 2273; x_wconf 86' lang='lat' dir='ltr'>creditorem</span> <span class='ocrx_word' id='word_1_400' title='bbox 821 2242 916 2275; x_wconf 90' lang='lat' dir='ltr'>inter·</span> 
     </span>
     <span class='ocr_line' id='line_1_52' title="bbox 48 2277 916 2321; baseline 0.009 -14"><span class='ocrx_word' id='word_1_401' title='bbox 48 2278 124 2310; x_wconf 88' lang='lat' dir='ltr'>dum</span> <span class='ocrx_word' id='word_1_402' title='bbox 139 2278 243 2317; x_wconf 88' lang='lat' dir='ltr'>priore</span> <span class='ocrx_word' id='word_1_403' title='bbox 261 2277 420 2315; x_wconf 84' lang='lat' dir='ltr'>potiorem</span> <span class='ocrx_word' id='word_1_404' title='bbox 440 2277 520 2309; x_wconf 80' lang='lat' dir='ltr'>effe:</span> <span class='ocrx_word' id='word_1_405' title='bbox 536 2279 633 2320; x_wconf 89' lang='lat' dir='ltr'>idque</span> <span class='ocrx_word' id='word_1_406' title='bbox 650 2281 703 2312; x_wconf 90' lang='lat' dir='ltr'>ubi</span> <span class='ocrx_word' id='word_1_407' title='bbox 722 2284 851 2321; x_wconf 89' lang='lat' dir='ltr'>evenit,</span> <span class='ocrx_word' id='word_1_408' title='bbox 872 2284 916 2315; x_wconf 90' lang='lat' dir='ltr'>le-</span> 
     </span>
     <span class='ocr_line' id='line_1_53' title="bbox 48 2317 917 2363; baseline 0.008 -14"><span class='ocrx_word' id='word_1_409' title='bbox 48 2328 122 2360; x_wconf 83' lang='lat' dir='ltr'>gum</span> <span class='ocrx_word' id='word_1_410' title='bbox 139 2318 308 2359; x_wconf 80' lang='lat' dir='ltr'>privilegio</span> <span class='ocrx_word' id='word_1_411' title='bbox 329 2317 439 2349; x_wconf 87' lang='lat' dir='ltr'>deberi</span> <span class='ocrx_word' id='word_1_412' title='bbox 456 2342 466 2358; x_wconf 94' lang='lat'>,</span> <span class='ocrx_word' id='word_1_413' title='bbox 492 2320 623 2353; x_wconf 88' lang='lat' dir='ltr'>idoneus</span> <span class='ocrx_word' id='word_1_414' title='bbox 639 2322 749 2354; x_wconf 72' lang='lat' dir='ltr'>auctor</span> <span class='ocrx_word' id='word_1_415' title='bbox 767 2322 813 2355; x_wconf 88' lang='lat' dir='ltr'>est</span> <span class='ocrx_word' id='word_1_416' title='bbox 828 2324 917 2363; x_wconf 86' lang='lat' dir='ltr'>Justi·</span> 
     </span>
     <span class='ocr_line' id='line_1_54' title="bbox 48 2359 915 2407; baseline 0.007 -16"><span class='ocrx_word' id='word_1_417' title='bbox 48 2360 159 2392; x_wconf 81' lang='lat' dir='ltr'>nianus</span> <span class='ocrx_word' id='word_1_418' title='bbox 183 2359 301 2390; x_wconf 73' lang='lat' dir='ltr'>Novell-</span> <span class='ocrx_word' id='word_1_419' title='bbox 326 2360 377 2400; x_wconf 68' lang='lat'>97.</span> <span class='ocrx_word' id='word_1_420' title='bbox 403 2369 425 2391; x_wconf 83' lang='lat' dir='ltr'>c.</span> <span class='ocrx_word' id='word_1_421' title='bbox 450 2369 479 2401; x_wconf 82' lang='lat'>3.</span> <span class='ocrx_word' id='word_1_422' title='bbox 505 2360 550 2392; x_wconf 89' lang='lat' dir='ltr'>Ita</span> <span class='ocrx_word' id='word_1_423' title='bbox 576 2362 645 2393; x_wconf 90' lang='lat' dir='ltr'>sunt</span> <span class='ocrx_word' id='word_1_424' title='bbox 662 2362 838 2396; x_wconf 86' lang='lat' dir='ltr'>creditores</span> <span class='ocrx_word' id='word_1_425' title='bbox 863 2366 915 2407; x_wconf 90' lang='lat' dir='ltr'>qui</span> 
     </span>
     <span class='ocr_line' id='line_1_55' title="bbox 49 2400 915 2445; baseline 0.007 -13"><span class='ocrx_word' id='word_1_426' title='bbox 49 2408 173 2433; x_wconf 87' lang='lat' dir='ltr'>tantum</span> <span class='ocrx_word' id='word_1_427' title='bbox 190 2401 308 2431; x_wconf 84' lang='lat' dir='ltr'>habent</span> <span class='ocrx_word' id='word_1_428' title='bbox 326 2400 564 2441; x_wconf 80' lang='lat' dir='ltr'>hypothecam3</span> <span class='ocrx_word' id='word_1_429' title='bbox 588 2404 619 2434; x_wconf 89' lang='lat' dir='ltr'>in</span> <span class='ocrx_word' id='word_1_430' title='bbox 637 2403 739 2444; x_wconf 84' lang='lat' dir='ltr'>iisque</span> <span class='ocrx_word' id='word_1_431' title='bbox 756 2404 915 2445; x_wconf 89' lang='lat' dir='ltr'>servatur,</span> 
     </span>
     <span class='ocr_line' id='line_1_56' title="bbox 50 2441 918 2485; baseline 0.009 -13"><span class='ocrx_word' id='word_1_432' title='bbox 50 2450 144 2482; x_wconf 89' lang='lat' dir='ltr'>quam</span> <span class='ocrx_word' id='word_1_433' title='bbox 177 2441 241 2472; x_wconf 91' lang='lat' dir='ltr'>osui</span> <span class='ocrx_word' id='word_1_434' title='bbox 253 2442 374 2482; x_wconf 86' lang='lat' dir='ltr'>regula:</span> <span class='ocrx_word' id='word_1_435' title='bbox 385 2442 434 2473; x_wconf 83' lang='lat' dir='ltr'>alii</span> <span class='ocrx_word' id='word_1_436' title='bbox 448 2449 560 2482; x_wconf 86' lang='lat' dir='ltr'>praeter</span> <span class='ocrx_word' id='word_1_437' title='bbox 573 2444 792 2485; x_wconf 82' lang='lat' dir='ltr'>hypothecam</span> <span class='ocrx_word' id='word_1_438' title='bbox 802 2470 812 2485; x_wconf 95' lang='lat'>,</span> <span class='ocrx_word' id='word_1_439' title='bbox 823 2448 918 2480; x_wconf 89' lang='lat' dir='ltr'>etiam</span> 
     </span>
     <span class='ocr_line' id='line_1_57' title="bbox 49 2451 921 2529; baseline 0.008 -16"><span class='ocrx_word' id='word_1_440' title='bbox 49 2451 173 2514; x_wconf 45' lang='lat' dir='ltr'>haben?</span> <span class='ocrx_word' id='word_1_441' title='bbox 191 2483 411 2524; x_wconf 67' lang='lat' dir='ltr'>privilegiumg,</span> <span class='ocrx_word' id='word_1_442' title='bbox 433 2484 463 2514; x_wconf 90' lang='lat' dir='ltr'>in</span> <span class='ocrx_word' id='word_1_443' title='bbox 486 2484 586 2525; x_wconf 90' lang='lat' dir='ltr'>iisque</span> <span class='ocrx_word' id='word_1_444' title='bbox 604 2495 620 2516; x_wconf 93' lang='lat' dir='ltr'>a</span> <span class='ocrx_word' id='word_1_445' title='bbox 641 2487 765 2528; x_wconf 87' lang='lat' dir='ltr'>regula,</span> <span class='ocrx_word' id='word_1_446' title='bbox 789 2496 921 2529; x_wconf 87' lang='lat' dir='ltr'>propter</span> 
     </span>
     <span class='ocr_line' id='line_1_58' title="bbox 50 2523 919 2570; baseline 0.01 -18"><span class='ocrx_word' id='word_1_447' title='bbox 50 2523 137 2560; x_wconf 93' lang='lat' dir='ltr'>hoc,</span> <span class='ocrx_word' id='word_1_448' title='bbox 163 2523 331 2555; x_wconf 84' lang='lat' dir='ltr'>receditur.</span> <span class='ocrx_word' id='word_1_449' title='bbox 358 2526 540 2565; x_wconf 84' lang='lat' dir='ltr'>exemplum</span> <span class='ocrx_word' id='word_1_450' title='bbox 561 2525 698 2567; x_wconf 90' lang='lat' dir='ltr'>Ulpiano</span> <span class='ocrx_word' id='word_1_451' title='bbox 716 2529 746 2560; x_wconf 95' lang='lat' dir='ltr'>in</span> <span class='ocrx_word' id='word_1_452' title='bbox 765 2531 793 2560; x_wconf 83' lang='lat' dir='ltr'>d.</span> <span class='ocrx_word' id='word_1_453' title='bbox 811 2530 830 2560; x_wconf 81' lang='lat' dir='ltr'>l.</span> <span class='ocrx_word' id='word_1_454' title='bbox 850 2541 878 2570; x_wconf 84' lang='lat'>5.</span> <span class='ocrx_word' id='word_1_455' title='bbox 898 2529 919 2562; x_wconf 84' lang='lat' dir='ltr'>fi</span> 
     </span>
     <span class='ocr_line' id='line_1_59' title="bbox 51 2562 919 2610; baseline 0.01 -16"><span class='ocrx_word' id='word_1_456' title='bbox 51 2562 82 2595; x_wconf 86' lang='lat' dir='ltr'>iu</span> <span class='ocrx_word' id='word_1_457' title='bbox 110 2562 353 2597; x_wconf 86' lang='lat' dir='ltr'>conservandam</span> <span class='ocrx_word' id='word_1_458' title='bbox 387 2575 453 2597; x_wconf 91' lang='lat' dir='ltr'>rem</span> <span class='ocrx_word' id='word_1_459' title='bbox 480 2566 721 2608; x_wconf 84' lang='lat' dir='ltr'>oppignoratam</span> <span class='ocrx_word' id='word_1_460' title='bbox 745 2568 919 2610; x_wconf 89' lang='lat' dir='ltr'>impensum</span> 
     </span>
     <span class='ocr_line' id='line_1_60' title="bbox 52 2603 919 2644; baseline 0.01 -9"><span class='ocrx_word' id='word_1_461' title='bbox 52 2603 194 2644; x_wconf 86' lang='lat' dir='ltr'>estquod</span> <span class='ocrx_word' id='word_1_462' title='bbox 211 2603 341 2643; x_wconf 89' lang='lat' dir='ltr'>sequens</span> <span class='ocrx_word' id='word_1_463' title='bbox 359 2608 511 2639; x_wconf 85' lang='lat' dir='ltr'>credidit:</span> <span class='ocrx_word' id='word_1_464' title='bbox 536 2609 634 2641; x_wconf 92' lang='lat' dir='ltr'>veluti</span> <span class='ocrx_word' id='word_1_465' title='bbox 646 2609 665 2642; x_wconf 85' lang='lat' dir='ltr'>fi</span> <span class='ocrx_word' id='word_1_466' title='bbox 683 2611 770 2642; x_wconf 85' lang='lat' dir='ltr'>navis</span> <span class='ocrx_word' id='word_1_467' title='bbox 782 2612 844 2643; x_wconf 88' lang='lat' dir='ltr'>fnit</span> <span class='ocrx_word' id='word_1_468' title='bbox 861 2613 919 2644; x_wconf 90' lang='lat' dir='ltr'>ob-</span> 
     </span>
     <span class='ocr_line' id='line_1_61' title="bbox 52 2645 918 2695; baseline 0.009 -18"><span class='ocrx_word' id='word_1_469' title='bbox 52 2645 168 2686; x_wconf 83' lang='lat' dir='ltr'>ligata,</span> <span class='ocrx_word' id='word_1_470' title='bbox 186 2645 262 2676; x_wconf 84' lang='lat' dir='ltr'>&amp;ad</span> <span class='ocrx_word' id='word_1_471' title='bbox 273 2650 450 2679; x_wconf 86' lang='lat' dir='ltr'>armandam</span> <span class='ocrx_word' id='word_1_472' title='bbox 467 2658 535 2682; x_wconf 86' lang='lat' dir='ltr'>eam</span> <span class='ocrx_word' id='word_1_473' title='bbox 547 2673 556 2689; x_wconf 94' lang='lat'>,</span> <span class='ocrx_word' id='word_1_474' title='bbox 573 2651 625 2682; x_wconf 89' lang='lat' dir='ltr'>vel</span> <span class='ocrx_word' id='word_1_475' title='bbox 642 2650 845 2684; x_wconf 87' lang='lat' dir='ltr'>reficiendam</span> <span class='ocrx_word' id='word_1_476' title='bbox 856 2663 918 2695; x_wconf 88' lang='lat' dir='ltr'>ego</span> 
     </span>
     <span class='ocr_line' id='line_1_62' title="bbox 52 2686 919 2734; baseline 0.014 -19"><span class='ocrx_word' id='word_1_477' title='bbox 52 2686 170 2717; x_wconf 87' lang='lat' dir='ltr'>deinde</span> <span class='ocrx_word' id='word_1_478' title='bbox 181 2686 358 2717; x_wconf 84' lang='lat' dir='ltr'>credidero.</span> <span class='ocrx_word' id='word_1_479' title='bbox 378 2697 436 2727; x_wconf 91' lang='lat' dir='ltr'>qua</span> <span class='ocrx_word' id='word_1_480' title='bbox 446 2689 594 2724; x_wconf 78' lang='lat' dir='ltr'>ratione?</span> <span class='ocrx_word' id='word_1_481' title='bbox 612 2692 671 2723; x_wconf 86' lang='lat' dir='ltr'>hac</span> <span class='ocrx_word' id='word_1_482' title='bbox 685 2694 806 2734; x_wconf 86' lang='lat' dir='ltr'>optima</span> <span class='ocrx_word' id='word_1_483' title='bbox 817 2694 847 2726; x_wconf 93' lang='lat' dir='ltr'>in</span> <span class='ocrx_word' id='word_1_484' title='bbox 858 2695 879 2726; x_wconf 86' lang='lat' dir='ltr'>l.</span> <span class='ocrx_word' id='word_1_485' title='bbox 889 2699 919 2727; x_wconf 84' lang='lat'>6.</span> 
     </span>
     <span class='ocr_line' id='line_1_63' title="bbox 45 2726 919 2776; baseline 0.011 -19"><span class='ocrx_word' id='word_1_486' title='bbox 45 2734 92 2767; x_wconf 80' lang='lat' dir='ltr'>pr.</span> <span class='ocrx_word' id='word_1_487' title='bbox 107 2727 134 2768; x_wconf 86' lang='lat'>§.</span> <span class='ocrx_word' id='word_1_488' title='bbox 149 2736 174 2758; x_wconf 90' lang='lat'>1.</span> <span class='ocrx_word' id='word_1_489' title='bbox 186 2737 214 2758; x_wconf 88' lang='lat'>2.</span> <span class='ocrx_word' id='word_1_490' title='bbox 227 2726 263 2761; x_wconf 61' lang='grc' dir='ltr'>δ’</span> <span class='ocrx_word' id='word_1_491' title='bbox 275 2726 294 2757; x_wconf 84' lang='lat' dir='ltr'>l.</span> <span class='ocrx_word' id='word_1_492' title='bbox 308 2736 335 2766; x_wconf 88' lang='grc'>7.</span> <span class='ocrx_word' id='word_1_493' title='bbox 353 2736 426 2772; x_wconf 83' lang='lat' dir='ltr'>mox</span> <span class='ocrx_word' id='word_1_494' title='bbox 442 2729 595 2772; x_wconf 76' lang='lat' dir='ltr'>subjecta,</span> <span class='ocrx_word' id='word_1_495' title='bbox 606 2735 693 2774; x_wconf 90' lang='lat' dir='ltr'>quod</span> <span class='ocrx_word' id='word_1_496' title='bbox 704 2744 774 2766; x_wconf 88' lang='lat' dir='ltr'>mea</span> <span class='ocrx_word' id='word_1_497' title='bbox 784 2736 919 2776; x_wconf 88' lang='lat' dir='ltr'>pecunia</span> 
     </span>
     <span class='ocr_line' id='line_1_64' title="bbox 50 2766 920 2817; baseline 0.013 -19"><span class='ocrx_word' id='word_1_498' title='bbox 50 2766 167 2798; x_wconf 75' lang='lat' dir='ltr'>salvam</span> <span class='ocrx_word' id='word_1_499' title='bbox 183 2768 246 2799; x_wconf 87' lang='lat' dir='ltr'>feci</span> <span class='ocrx_word' id='word_1_500' title='bbox 264 2768 363 2798; x_wconf 87' lang='lat' dir='ltr'>totius</span> <span class='ocrx_word' id='word_1_501' title='bbox 377 2771 512 2814; x_wconf 79' lang='lat' dir='ltr'>pignoris</span> <span class='ocrx_word' id='word_1_502' title='bbox 524 2775 655 2806; x_wconf 88' lang='lat' dir='ltr'>causam.</span> <span class='ocrx_word' id='word_1_503' title='bbox 673 2776 816 2814; x_wconf 84' lang='lat' dir='ltr'>additur,</span> <span class='ocrx_word' id='word_1_504' title='bbox 833 2778 920 2817; x_wconf 85' lang='lat' dir='ltr'>quod</span> 
     </span>
     <span class='ocr_line' id='line_1_65' title="bbox 50 2808 922 2855; baseline 0.011 -16"><span class='ocrx_word' id='word_1_505' title='bbox 50 2809 120 2848; x_wconf 88' lang='lat' dir='ltr'>quis</span> <span class='ocrx_word' id='word_1_506' title='bbox 145 2809 263 2848; x_wconf 85' lang='lat' dir='ltr'>poterit</span> <span class='ocrx_word' id='word_1_507' title='bbox 284 2808 350 2853; x_wconf 81' lang='lat' dir='ltr'>hoc</span> <span class='ocrx_word' id='word_1_508' title='bbox 375 2811 541 2844; x_wconf 83' lang='lat' dir='ltr'>admittere</span> <span class='ocrx_word' id='word_1_509' title='bbox 567 2815 682 2855; x_wconf 87' lang='lat' dir='ltr'>etiarn,</span> <span class='ocrx_word' id='word_1_510' title='bbox 705 2816 726 2848; x_wconf 81' lang='lat' dir='ltr'>si</span> <span class='ocrx_word' id='word_1_511' title='bbox 747 2818 778 2848; x_wconf 89' lang='lat' dir='ltr'>in</span> <span class='ocrx_word' id='word_1_512' title='bbox 805 2817 922 2849; x_wconf 90' lang='lat' dir='ltr'>cibaria</span> 
     </span>
     <span class='ocr_line' id='line_1_66' title="bbox 49 2848 922 2899; baseline 0.011 -18"><span class='ocrx_word' id='word_1_513' title='bbox 49 2858 214 2881; x_wconf 87' lang='lat' dir='ltr'>nautarum</span> <span class='ocrx_word' id='word_1_514' title='bbox 240 2848 337 2880; x_wconf 85' lang='lat' dir='ltr'>fuerit</span> <span class='ocrx_word' id='word_1_515' title='bbox 360 2851 540 2885; x_wconf 84' lang='lat' dir='ltr'>creditum:</span> <span class='ocrx_word' id='word_1_516' title='bbox 569 2857 635 2895; x_wconf 87' lang='lat' dir='ltr'>pari</span> <span class='ocrx_word' id='word_1_517' title='bbox 659 2857 801 2897; x_wconf 88' lang='lat' dir='ltr'>ratione,</span> <span class='ocrx_word' id='word_1_518' title='bbox 833 2860 922 2899; x_wconf 85' lang='lat' dir='ltr'>quod</span> 
     </span>
     <span class='ocr_line' id='line_1_67' title="bbox 48 2889 919 2940; baseline 0.011 -18"><span class='ocrx_word' id='word_1_519' title='bbox 48 2891 113 2922; x_wconf 86' lang='lat' dir='ltr'>fine</span> <span class='ocrx_word' id='word_1_520' title='bbox 132 2891 179 2922; x_wconf 88' lang='lat' dir='ltr'>his</span> <span class='ocrx_word' id='word_1_521' title='bbox 196 2890 283 2922; x_wconf 88' lang='lat' dir='ltr'>navis</span> <span class='ocrx_word' id='word_1_522' title='bbox 302 2889 382 2922; x_wconf 76' lang='lat' dir='ltr'>salva</span> <span class='ocrx_word' id='word_1_523' title='bbox 401 2895 566 2932; x_wconf 88' lang='lat' dir='ltr'>pervenire</span> <span class='ocrx_word' id='word_1_524' title='bbox 583 2907 646 2930; x_wconf 90' lang='lat' dir='ltr'>non</span> <span class='ocrx_word' id='word_1_525' title='bbox 664 2907 799 2939; x_wconf 84' lang='lat' dir='ltr'>poterat.</span> <span class='ocrx_word' id='word_1_526' title='bbox 817 2899 919 2940; x_wconf 88' lang='lat' dir='ltr'>Item,</span> 
     </span>
     <span class='ocr_line' id='line_1_68' title="bbox 48 2930 920 2980; baseline 0.013 -17"><span class='ocrx_word' id='word_1_527' title='bbox 48 2930 71 2963; x_wconf 86' lang='lat' dir='ltr'>fi</span> <span class='ocrx_word' id='word_1_528' title='bbox 89 2932 159 2972; x_wconf 86' lang='lat' dir='ltr'>quis</span> <span class='ocrx_word' id='word_1_529' title='bbox 177 2932 207 2963; x_wconf 88' lang='lat' dir='ltr'>iu</span> <span class='ocrx_word' id='word_1_530' title='bbox 227 2940 351 2964; x_wconf 87' lang='lat' dir='ltr'>merces</span> <span class='ocrx_word' id='word_1_531' title='bbox 369 2932 421 2964; x_wconf 87' lang='lat' dir='ltr'>fibi</span> <span class='ocrx_word' id='word_1_532' title='bbox 440 2934 591 2976; x_wconf 86' lang='lat' dir='ltr'>obligatas</span> <span class='ocrx_word' id='word_1_533' title='bbox 607 2941 797 2980; x_wconf 85' lang='lat' dir='ltr'>crediderit,</span> <span class='ocrx_word' id='word_1_534' title='bbox 815 2942 866 2973; x_wconf 88' lang='lat' dir='ltr'>vel</span> <span class='ocrx_word' id='word_1_535' title='bbox 884 2949 920 2972; x_wconf 92' lang='lat' dir='ltr'>ut</span> 
     </span>
     <span class='ocr_line' id='line_1_69' title="bbox 47 2971 920 3014; baseline 0.014 -11"><span class='ocrx_word' id='word_1_536' title='bbox 47 2971 139 3005; x_wconf 81' lang='lat' dir='ltr'>salvae</span> <span class='ocrx_word' id='word_1_537' title='bbox 157 2972 254 3010; x_wconf 87' lang='lat' dir='ltr'>fiant,</span> <span class='ocrx_word' id='word_1_538' title='bbox 277 2973 330 3004; x_wconf 92' lang='lat' dir='ltr'>vel</span> <span class='ocrx_word' id='word_1_539' title='bbox 348 2982 381 3004; x_wconf 92' lang='lat' dir='ltr'>ut</span> <span class='ocrx_word' id='word_1_540' title='bbox 399 2975 523 3008; x_wconf 85' lang='lat' dir='ltr'>naulum</span> <span class='ocrx_word' id='word_1_541' title='bbox 541 2979 728 3013; x_wconf 85' lang='lat' dir='ltr'>exsolvatur.</span> <span class='ocrx_word' id='word_1_542' title='bbox 744 2991 816 3014; x_wconf 88' lang='lat' dir='ltr'>nam</span> <span class='ocrx_word' id='word_1_543' title='bbox 834 2983 863 3014; x_wconf 74' lang='grc' dir='ltr'>ἀ</span> <span class='ocrx_word' id='word_1_544' title='bbox 878 2982 920 3014; x_wconf 87' lang='lat' dir='ltr'>fic</span> 
     </span>
     <span class='ocr_line' id='line_1_70' title="bbox 49 3014 919 3063; baseline 0.01 -18"><span class='ocrx_word' id='word_1_545' title='bbox 49 3014 111 3046; x_wconf 88' lang='lat' dir='ltr'>erit</span> <span class='ocrx_word' id='word_1_546' title='bbox 134 3014 224 3054; x_wconf 85' lang='lat' dir='ltr'>hujus</span> <span class='ocrx_word' id='word_1_547' title='bbox 242 3014 631 3060; x_wconf 44' lang='lat' dir='ltr'>hypotheca-potentior,</span> <span class='ocrx_word' id='word_1_548' title='bbox 663 3023 738 3054; x_wconf 89' lang='lat' dir='ltr'>licet</span> <span class='ocrx_word' id='word_1_549' title='bbox 761 3023 919 3063; x_wconf 79' lang='lat' dir='ltr'>posterior</span> 
     </span>
    </p>
   </div>
   <div class='ocr_carea' id='block_1_3' title="bbox 47 3054 923 3144">
    <p class='ocr_par' dir='ltr' id='par_1_4' title="bbox 47 3054 923 3144">
     <span class='ocr_line' id='line_1_71' title="bbox 47 3054 919 3106; baseline 0.011 -19"><span class='ocrx_word' id='word_1_550' title='bbox 47 3054 106 3094; x_wconf 83' lang='lat' dir='ltr'>fit3</span> <span class='ocrx_word' id='word_1_551' title='bbox 128 3062 226 3096; x_wconf 85' lang='lat' dir='ltr'>atque</span> <span class='ocrx_word' id='word_1_552' title='bbox 243 3055 295 3086; x_wconf 87' lang='lat' dir='ltr'>hlc</span> <span class='ocrx_word' id='word_1_553' title='bbox 311 3065 371 3095; x_wconf 86' lang='lat' dir='ltr'>pro</span> <span class='ocrx_word' id='word_1_554' title='bbox 391 3065 513 3089; x_wconf 84' lang='lat' dir='ltr'>ratione</span> <span class='ocrx_word' id='word_1_555' title='bbox 540 3061 646 3101; x_wconf 85' lang='lat' dir='ltr'>addit,</span> <span class='ocrx_word' id='word_1_556' title='bbox 671 3064 757 3103; x_wconf 88' lang='lat' dir='ltr'>quod</span> <span class='ocrx_word' id='word_1_557' title='bbox 774 3065 802 3096; x_wconf 76' lang='lat' dir='ltr'>dt</span> <span class='ocrx_word' id='word_1_558' title='bbox 820 3064 919 3106; x_wconf 88' lang='lat' dir='ltr'>ipsum</span> 
     </span>
     <span class='ocr_line' id='line_1_72' title="bbox 48 3096 923 3144; baseline 0.015 -20"><span class='ocrx_word' id='word_1_559' title='bbox 48 3096 176 3129; x_wconf 86' lang='lat' dir='ltr'>naulum</span> <span class='ocrx_word' id='word_1_560' title='bbox 204 3098 369 3137; x_wconf 86' lang='lat' dir='ltr'>potentius</span> <span class='ocrx_word' id='word_1_561' title='bbox 396 3097 450 3129; x_wconf 88' lang='lat' dir='ltr'>est.</span> <span class='ocrx_word' id='word_1_562' title='bbox 477 3097 681 3135; x_wconf 85' lang='lat' dir='ltr'>Tantundem</span> <span class='ocrx_word' id='word_1_563' title='bbox 709 3104 854 3144; x_wconf 86' lang='lat' dir='ltr'>dicetur,</span> <span class='ocrx_word' id='word_1_564' title='bbox 879 3107 923 3138; x_wconf 92' lang='lat' dir='ltr'>in-</span> 
     </span>
    </p>
   </div>
   <div class='ocr_carea' id='block_1_4' title="bbox 45 3137 921 3228">
    <p class='ocr_par' dir='ltr' id='par_1_5' title="bbox 45 3137 921 3228">
     <span class='ocr_line' id='line_1_73' title="bbox 45 3137 920 3179; baseline 0.013 -11"><span class='ocrx_word' id='word_1_565' title='bbox 45 3137 139 3176; x_wconf 71' lang='lat' dir='ltr'>quit,</span> <span class='ocrx_word' id='word_1_566' title='bbox 163 3137 227 3170; x_wconf 83' lang='lat' dir='ltr'>&amp;si</span> <span class='ocrx_word' id='word_1_567' title='bbox 244 3147 365 3170; x_wconf 90' lang='lat' dir='ltr'>merces</span> <span class='ocrx_word' id='word_1_568' title='bbox 392 3138 578 3174; x_wconf 89' lang='lat' dir='ltr'>horreorum</span> <span class='ocrx_word' id='word_1_569' title='bbox 595 3146 643 3176; x_wconf 89' lang='lat' dir='ltr'>vel</span> <span class='ocrx_word' id='word_1_570' title='bbox 676 3154 756 3176; x_wconf 85' lang='lat' dir='ltr'>areae</span> <span class='ocrx_word' id='word_1_571' title='bbox 789 3148 838 3178; x_wconf 88' lang='lat' dir='ltr'>vel</span> <span class='ocrx_word' id='word_1_572' title='bbox 867 3146 920 3179; x_wconf 74' lang='lat' dir='ltr'>ve&#39;-</span> 
     </span>
     <span class='ocr_line' id='line_1_74' title="bbox 49 3179 921 3228; baseline 0.013 -19"><span class='ocrx_word' id='word_1_573' title='bbox 49 3179 366 3219; x_wconf 74' lang='lat' dir='ltr'>eturaejumencorum</span> <span class='ocrx_word' id='word_1_574' title='bbox 385 3181 528 3213; x_wconf 88' lang='lat' dir='ltr'>debetur.</span> <span class='ocrx_word' id='word_1_575' title='bbox 538 3193 608 3216; x_wconf 87' lang='lat' dir='ltr'>nam</span> <span class='ocrx_word' id='word_1_576' title='bbox 625 3187 654 3217; x_wconf 75' lang='lat' dir='ltr'>dt</span> <span class='ocrx_word' id='word_1_577' title='bbox 672 3186 739 3217; x_wconf 80' lang='lat' dir='ltr'>hoec</span> <span class='ocrx_word' id='word_1_578' title='bbox 756 3189 921 3228; x_wconf 84' lang='lat' dir='ltr'>potentior</span> 
     </span>
    </p>
   </div>
   <div class='ocr_carea' id='block_1_5' title="bbox 43 3220 920 3270">
    <p class='ocr_par' dir='ltr' id='par_1_6' title="bbox 43 3220 920 3270">
     <span class='ocr_line' id='line_1_75' title="bbox 43 3220 920 3270; baseline 0.01 -15"><span class='ocrx_word' id='word_1_579' title='bbox 43 3220 117 3255; x_wconf 76' lang='lat' dir='ltr'>erit.</span> <span class='ocrx_word' id='word_1_580' title='bbox 140 3220 294 3263; x_wconf 75' lang='lat' dir='ltr'>Idemque</span> <span class='ocrx_word' id='word_1_581' title='bbox 312 3220 375 3261; x_wconf 86' lang='lat' dir='ltr'>est,</span> <span class='ocrx_word' id='word_1_582' title='bbox 398 3221 419 3255; x_wconf 78' lang='lat' dir='ltr'><strong>fi</strong></span> <span class='ocrx_word' id='word_1_583' title='bbox 436 3232 484 3256; x_wconf 77' lang='lat' dir='ltr'>res</span> <span class='ocrx_word' id='word_1_584' title='bbox 508 3233 549 3258; x_wconf 83' lang='lat' dir='ltr'>ex</span> <span class='ocrx_word' id='word_1_585' title='bbox 571 3227 707 3261; x_wconf 85' lang='lat' dir='ltr'>nummis</span> <span class='ocrx_word' id='word_1_586' title='bbox 725 3229 837 3270; x_wconf 88' lang='lat' dir='ltr'>pupilli</span> <span class='ocrx_word' id='word_1_587' title='bbox 852 3229 920 3264; x_wconf 84' lang='lat' dir='ltr'>fue-</span> 
     </span>
    </p>
   </div>
   <div class='ocr_carea' id='block_1_6' title="bbox 950 132 1841 891">
    <p class='ocr_par' dir='ltr' id='par_1_7' title="bbox 957 132 1841 600">
     <span class='ocr_line' id='line_1_76' title="bbox 1771 132 1841 186; baseline -0.014 0"><span class='ocrx_word' id='word_1_588' title='bbox 1771 132 1841 186; x_wconf 62' lang='grc' dir='ltr'>3ὲὲ</span> 
     </span>
     <span class='ocr_line' id='line_1_77' title="bbox 964 217 1831 268; baseline 0.01 -15"><span class='ocrx_word' id='word_1_589' title='bbox 964 217 1207 264; x_wconf 68' lang='lat' dir='ltr'>ritcompnrata.</span> <span class='ocrx_word' id='word_1_590' title='bbox 1230 224 1348 258; x_wconf 77' lang='lat' dir='ltr'>Adhuc</span> <span class='ocrx_word' id='word_1_591' title='bbox 1362 227 1544 268; x_wconf 85' lang='lat' dir='ltr'>subjiciam,</span> <span class='ocrx_word' id='word_1_592' title='bbox 1567 226 1629 260; x_wconf 87' lang='lat' dir='ltr'>esse</span> <span class='ocrx_word' id='word_1_593' title='bbox 1646 225 1831 260; x_wconf 83' lang='lat' dir='ltr'>mulieribus</span> 
     </span>
     <span class='ocr_line' id='line_1_78' title="bbox 962 264 1833 309; baseline 0.01 -15"><span class='ocrx_word' id='word_1_594' title='bbox 962 264 1073 296; x_wconf 85' lang='lat' dir='ltr'>dotem</span> <span class='ocrx_word' id='word_1_595' title='bbox 1100 265 1322 304; x_wconf 82' lang='lat' dir='ltr'>repetentibus</span> <span class='ocrx_word' id='word_1_596' title='bbox 1343 277 1360 299; x_wconf 81' lang='lat' dir='ltr'>a</span> <span class='ocrx_word' id='word_1_597' title='bbox 1379 268 1552 309; x_wconf 82' lang='lat' dir='ltr'>Justiniano</span> <span class='ocrx_word' id='word_1_598' title='bbox 1569 271 1678 302; x_wconf 87' lang='lat' dir='ltr'>datum</span> <span class='ocrx_word' id='word_1_599' title='bbox 1693 270 1725 302; x_wconf 84' lang='lat' dir='ltr'>in</span> <span class='ocrx_word' id='word_1_600' title='bbox 1740 271 1759 303; x_wconf 83' lang='lat' dir='ltr'>l.</span> <span class='ocrx_word' id='word_1_601' title='bbox 1781 276 1833 303; x_wconf 60' lang='lat'>12..</span> 
     </span>
     <span class='ocr_line' id='line_1_79' title="bbox 962 304 1833 351; baseline 0.011 -16"><span class='ocrx_word' id='word_1_602' title='bbox 962 304 995 336; x_wconf 90' lang='lat' dir='ltr'>C.</span> <span class='ocrx_word' id='word_1_603' title='bbox 1015 305 1079 348; x_wconf 76' lang='lat' dir='ltr'>Qui</span> <span class='ocrx_word' id='word_1_604' title='bbox 1090 308 1194 346; x_wconf 82' lang='lat' dir='ltr'>potior.</span> <span class='ocrx_word' id='word_1_605' title='bbox 1214 308 1245 338; x_wconf 83' lang='lat' dir='ltr'>in</span> <span class='ocrx_word' id='word_1_606' title='bbox 1253 309 1338 348; x_wconf 86' lang='lat' dir='ltr'>pign.</span> <span class='ocrx_word' id='word_1_607' title='bbox 1362 310 1582 351; x_wconf 85' lang='lat' dir='ltr'>privilegium,</span> <span class='ocrx_word' id='word_1_608' title='bbox 1607 319 1641 343; x_wconf 87' lang='lat' dir='ltr'>ut</span> <span class='ocrx_word' id='word_1_609' title='bbox 1656 310 1833 350; x_wconf 81' lang='lat' dir='ltr'>praeferan-</span> 
     </span>
     <span class='ocr_line' id='line_1_80' title="bbox 961 347 1833 393; baseline 0.011 -17"><span class='ocrx_word' id='word_1_610' title='bbox 961 351 1011 376; x_wconf 89' lang='lat' dir='ltr'>tur</span> <span class='ocrx_word' id='word_1_611' title='bbox 1027 347 1093 378; x_wconf 89' lang='lat' dir='ltr'>aliis</span> <span class='ocrx_word' id='word_1_612' title='bbox 1108 347 1323 379; x_wconf 89' lang='lat' dir='ltr'>creditoribus</span> <span class='ocrx_word' id='word_1_613' title='bbox 1339 356 1349 387; x_wconf 84' lang='lat'>&#39;,</span> <span class='ocrx_word' id='word_1_614' title='bbox 1370 358 1435 381; x_wconf 87' lang='lat' dir='ltr'>non</span> <span class='ocrx_word' id='word_1_615' title='bbox 1453 351 1668 391; x_wconf 88' lang='lat' dir='ltr'>personalibus</span> <span class='ocrx_word' id='word_1_616' title='bbox 1685 360 1806 386; x_wconf 89' lang='lat' dir='ltr'>tanturn</span> <span class='ocrx_word' id='word_1_617' title='bbox 1817 377 1833 393; x_wconf 64' lang='lat'>¹,</span> 
     </span>
     <span class='ocr_line' id='line_1_81' title="bbox 960 386 1832 435; baseline 0.013 -19"><span class='ocrx_word' id='word_1_618' title='bbox 960 386 1012 417; x_wconf 89' lang='lat' dir='ltr'>sed</span> <span class='ocrx_word' id='word_1_619' title='bbox 1036 390 1132 419; x_wconf 89' lang='lat' dir='ltr'>etiam</span> <span class='ocrx_word' id='word_1_620' title='bbox 1156 390 1593 432; x_wconf 66' lang='lat' dir='ltr'>anterioremhypothecam</span> <span class='ocrx_word' id='word_1_621' title='bbox 1617 394 1832 435; x_wconf 67' lang='lat' dir='ltr'>habentibus,</span> 
     </span>
     <span class='ocr_line' id='line_1_82' title="bbox 959 429 1831 473; baseline 0.013 -15"><span class='ocrx_word' id='word_1_622' title='bbox 959 435 1093 468; x_wconf 86' lang='lat' dir='ltr'>propter</span> <span class='ocrx_word' id='word_1_623' title='bbox 1109 431 1260 471; x_wconf 60' lang='lat' dir='ltr'>rationes⁴</span> <span class='ocrx_word' id='word_1_624' title='bbox 1267 429 1389 473; x_wconf 76' lang='lat' dir='ltr'>ibidem</span> <span class='ocrx_word' id='word_1_625' title='bbox 1415 432 1455 463; x_wconf 81' lang='lat' dir='ltr'>ab</span> <span class='ocrx_word' id='word_1_626' title='bbox 1478 443 1519 465; x_wconf 93' lang='lat' dir='ltr'>eo</span> <span class='ocrx_word' id='word_1_627' title='bbox 1533 435 1742 467; x_wconf 75' lang='lat' dir='ltr'>enumeratas·</span> <span class='ocrx_word' id='word_1_628' title='bbox 1766 442 1831 469; x_wconf 75' lang='lat' dir='ltr'>una</span> 
     </span>
     <span class='ocr_line' id='line_1_83' title="bbox 958 469 1835 519; baseline 0.014 -20"><span class='ocrx_word' id='word_1_629' title='bbox 958 469 1111 508; x_wconf 89' lang='lat' dir='ltr'>exceptio</span> <span class='ocrx_word' id='word_1_630' title='bbox 1129 471 1161 502; x_wconf 89' lang='lat' dir='ltr'>in</span> <span class='ocrx_word' id='word_1_631' title='bbox 1178 471 1345 505; x_wconf 86' lang='lat' dir='ltr'>novercis:</span> <span class='ocrx_word' id='word_1_632' title='bbox 1361 472 1509 506; x_wconf 85' lang='lat' dir='ltr'>adversus</span> <span class='ocrx_word' id='word_1_633' title='bbox 1526 484 1603 514; x_wconf 89' lang='lat' dir='ltr'>quas</span> <span class='ocrx_word' id='word_1_634' title='bbox 1619 477 1671 508; x_wconf 89' lang='lat' dir='ltr'>ille</span> <span class='ocrx_word' id='word_1_635' title='bbox 1690 477 1835 519; x_wconf 86' lang='lat' dir='ltr'>Impera-</span> 
     </span>
     <span class='ocr_line' id='line_1_84' title="bbox 957 510 1833 562; baseline 0.015 -22"><span class='ocrx_word' id='word_1_636' title='bbox 957 516 1010 541; x_wconf 87' lang='lat' dir='ltr'>tor</span> <span class='ocrx_word' id='word_1_637' title='bbox 1032 510 1138 542; x_wconf 86' lang='lat' dir='ltr'>liberis</span> <span class='ocrx_word' id='word_1_638' title='bbox 1163 513 1277 552; x_wconf 86' lang='lat' dir='ltr'>prioris</span> <span class='ocrx_word' id='word_1_639' title='bbox 1301 514 1492 547; x_wconf 85' lang='lat' dir='ltr'>matrimonii</span> <span class='ocrx_word' id='word_1_640' title='bbox 1516 516 1601 549; x_wconf 89' lang='lat' dir='ltr'>idem</span> <span class='ocrx_word' id='word_1_641' title='bbox 1627 518 1833 562; x_wconf 79' lang='lat' dir='ltr'>privilegium</span> 
     </span>
     <span class='ocr_line' id='line_1_85' title="bbox 957 550 1656 600; baseline 0.01 -17"><span class='ocrx_word' id='word_1_642' title='bbox 957 551 1011 583; x_wconf 81' lang='lat' dir='ltr'>dat</span> <span class='ocrx_word' id='word_1_643' title='bbox 1026 559 1085 593; x_wconf 90' lang='lat' dir='ltr'>pro</span> <span class='ocrx_word' id='word_1_644' title='bbox 1105 550 1181 585; x_wconf 90' lang='lat' dir='ltr'>do&#39;te</span> <span class='ocrx_word' id='word_1_645' title='bbox 1198 554 1317 586; x_wconf 87' lang='lat' dir='ltr'>matris.</span> <span class='ocrx_word' id='word_1_646' title='bbox 1341 589 1343 593; x_wconf 54' lang='grc'>,</span> <span class='ocrx_word' id='word_1_647' title='bbox 1371 589 1372 592; x_wconf 57' lang='grc'>,</span> <span class='ocrx_word' id='word_1_648' title='bbox 1436 587 1452 600; x_wconf 31' lang='lat' dir='ltr'><strong>w</strong></span> <span class='ocrx_word' id='word_1_649' title='bbox 1488 583 1506 599; x_wconf 13' lang='lat'>¹.</span> <span class='ocrx_word' id='word_1_650' title='bbox 1566 591 1569 595; x_wconf 63' lang='grc'>,</span> <span class='ocrx_word' id='word_1_651' title='bbox 1655 597 1656 600; x_wconf 13' lang='lat'>¹</span> 
     </span>
    </p>

    <p class='ocr_par' dir='ltr' id='par_1_8' title="bbox 950 592 1835 891">
     <span class='ocr_line' id='line_1_86' title="bbox 958 592 1834 642; baseline 0.014 -19"><span class='ocrx_word' id='word_1_652' title='bbox 958 624 961 631; x_wconf 62' lang='grc'>,</span> <span class='ocrx_word' id='word_1_653' title='bbox 998 592 1170 633; x_wconf 86' lang='lat' dir='ltr'>Explicitis</span> <span class='ocrx_word' id='word_1_654' title='bbox 1187 595 1348 636; x_wconf 87' lang='lat' dir='ltr'>plerisque</span> <span class='ocrx_word' id='word_1_655' title='bbox 1370 597 1458 637; x_wconf 82' lang='lat' dir='ltr'>usum</span> <span class='ocrx_word' id='word_1_656' title='bbox 1480 596 1611 631; x_wconf 60' lang='lat' dir='ltr'>actionis</span> <span class='ocrx_word' id='word_1_657' title='bbox 1628 600 1834 642; x_wconf 84' lang='lat' dir='ltr'>hypotheca-</span> 
     </span>
     <span class='ocr_line' id='line_1_87' title="bbox 957 633 1832 676; baseline 0.013 -12"><span class='ocrx_word' id='word_1_658' title='bbox 957 633 1009 664; x_wconf 83' lang='lat' dir='ltr'>riae</span> <span class='ocrx_word' id='word_1_659' title='bbox 1032 633 1204 676; x_wconf 75' lang='lat' dir='ltr'>secundum</span> <span class='ocrx_word' id='word_1_660' title='bbox 1231 635 1335 669; x_wconf 59' lang='lat' dir='ltr'>Edisti·</span> <span class='ocrx_word' id='word_1_661' title='bbox 1369 638 1508 672; x_wconf 87' lang='lat' dir='ltr'>formam</span> <span class='ocrx_word' id='word_1_662' title='bbox 1533 641 1738 674; x_wconf 81' lang='lat' dir='ltr'>exhibituris:</span> <span class='ocrx_word' id='word_1_663' title='bbox 1768 647 1832 675; x_wconf 85' lang='lat' dir='ltr'>erit:</span> 
     </span>
     <span class='ocr_line' id='line_1_88' title="bbox 950 673 1830 723; baseline 0.014 -18"><span class='ocrx_word' id='word_1_664' title='bbox 950 675 1013 715; x_wconf 84' lang='lat' dir='ltr'>jam</span> <span class='ocrx_word' id='word_1_665' title='bbox 1030 673 1174 717; x_wconf 82' lang='lat' dir='ltr'>tempus,</span> <span class='ocrx_word' id='word_1_666' title='bbox 1197 677 1340 719; x_wconf 85' lang='lat' dir='ltr'>cogitare</span> <span class='ocrx_word' id='word_1_667' title='bbox 1361 681 1402 711; x_wconf 91' lang='lat' dir='ltr'>de</span> <span class='ocrx_word' id='word_1_668' title='bbox 1427 678 1526 713; x_wconf 81' lang='lat' dir='ltr'>causis</span> <span class='ocrx_word' id='word_1_669' title='bbox 1543 682 1659 723; x_wconf 79' lang='lat' dir='ltr'>quibus</span> <span class='ocrx_word' id='word_1_670' title='bbox 1677 683 1728 714; x_wconf 86' lang='lat' dir='ltr'>illa</span> <span class='ocrx_word' id='word_1_671' title='bbox 1745 686 1830 716; x_wconf 73' lang='lat' dir='ltr'>aetio</span> 
     </span>
     <span class='ocr_line' id='line_1_89' title="bbox 952 715 1834 766; baseline 0.014 -20"><span class='ocrx_word' id='word_1_672' title='bbox 952 725 969 747; x_wconf 88' lang='lat' dir='ltr'>a</span> <span class='ocrx_word' id='word_1_673' title='bbox 985 715 1125 749; x_wconf 85' lang='lat' dir='ltr'>Praetore</span> <span class='ocrx_word' id='word_1_674' title='bbox 1152 719 1338 760; x_wconf 73' lang='lat' dir='ltr'>denegetur.</span> <span class='ocrx_word' id='word_1_675' title='bbox 1362 716 1524 762; x_wconf 83' lang='lat' dir='ltr'>Principio</span> <span class='ocrx_word' id='word_1_676' title='bbox 1547 731 1647 765; x_wconf 85' lang='lat' dir='ltr'>puto,</span> <span class='ocrx_word' id='word_1_677' title='bbox 1670 725 1834 766; x_wconf 84' lang='lat' dir='ltr'>hypothe-</span> 
     </span>
     <span class='ocr_line' id='line_1_90' title="bbox 957 757 1835 806; baseline 0.013 -18"><span class='ocrx_word' id='word_1_678' title='bbox 957 766 1046 796; x_wconf 86' lang='lat' dir='ltr'>cam,</span> <span class='ocrx_word' id='word_1_679' title='bbox 1061 757 1139 790; x_wconf 88' lang='lat' dir='ltr'>ficut</span> <span class='ocrx_word' id='word_1_680' title='bbox 1156 761 1244 792; x_wconf 91' lang='lat' dir='ltr'>nudo</span> <span class='ocrx_word' id='word_1_681' title='bbox 1262 761 1354 801; x_wconf 76' lang='lat' dir='ltr'>paCto</span> <span class='ocrx_word' id='word_1_682' title='bbox 1371 761 1455 795; x_wconf 69' lang='lat' dir='ltr'>saQa</span> <span class='ocrx_word' id='word_1_683' title='bbox 1471 763 1575 796; x_wconf 69' lang='lat' dir='ltr'>Edisti</span> <span class='ocrx_word' id='word_1_684' title='bbox 1587 765 1737 806; x_wconf 82' lang='lat' dir='ltr'>aequitate</span> <span class='ocrx_word' id='word_1_685' title='bbox 1752 776 1835 800; x_wconf 87' lang='lat' dir='ltr'>con-</span> 
     </span>
     <span class='ocr_line' id='line_1_91' title="bbox 956 798 1833 848; baseline 0.013 -19"><span class='ocrx_word' id='word_1_686' title='bbox 956 798 1116 838; x_wconf 84' lang='lat' dir='ltr'>firmatur,</span> <span class='ocrx_word' id='word_1_687' title='bbox 1139 801 1182 832; x_wconf 92' lang='lat' dir='ltr'>ita</span> <span class='ocrx_word' id='word_1_688' title='bbox 1197 803 1357 840; x_wconf 77' lang='lat' dir='ltr'>contrario</span> <span class='ocrx_word' id='word_1_689' title='bbox 1379 806 1467 836; x_wconf 86' lang='lat' dir='ltr'>nudo</span> <span class='ocrx_word' id='word_1_690' title='bbox 1485 805 1579 845; x_wconf 63' lang='lat' dir='ltr'>pacto</span> <span class='ocrx_word' id='word_1_691' title='bbox 1598 807 1685 839; x_wconf 84' lang='lat' dir='ltr'>simili</span> <span class='ocrx_word' id='word_1_692' title='bbox 1701 808 1833 848; x_wconf 69' lang='lat' dir='ltr'>aquita-</span> 
     </span>
     <span class='ocr_line' id='line_1_92' title="bbox 956 839 1834 891; baseline 0.015 -22"><span class='ocrx_word' id='word_1_693' title='bbox 956 846 989 870; x_wconf 90' lang='lat' dir='ltr'>te</span> <span class='ocrx_word' id='word_1_694' title='bbox 1005 839 1072 880; x_wconf 89' lang='lat' dir='ltr'>ipso</span> <span class='ocrx_word' id='word_1_695' title='bbox 1087 841 1155 880; x_wconf 88' lang='lat' dir='ltr'>jure</span> <span class='ocrx_word' id='word_1_696' title='bbox 1174 843 1254 875; x_wconf 87' lang='lat' dir='ltr'>tolli.</span> <span class='ocrx_word' id='word_1_697' title='bbox 1276 843 1415 877; x_wconf 86' lang='lat' dir='ltr'>maxime</span> <span class='ocrx_word' id='word_1_698' title='bbox 1431 844 1452 877; x_wconf 89' lang='lat' dir='ltr'><strong>fi</strong></span> <span class='ocrx_word' id='word_1_699' title='bbox 1464 846 1590 887; x_wconf 75' lang='lat' dir='ltr'>paCtum</span> <span class='ocrx_word' id='word_1_700' title='bbox 1608 847 1663 887; x_wconf 81' lang='lat' dir='ltr'>sit,</span> <span class='ocrx_word' id='word_1_701' title='bbox 1686 847 1741 881; x_wconf 89' lang='lat' dir='ltr'>Ne</span> <span class='ocrx_word' id='word_1_702' title='bbox 1760 850 1834 891; x_wconf 84' lang='lat' dir='ltr'>pig-</span> 
     </span>
    </p>
   </div>
   <div class='ocr_carea' id='block_1_7' title="bbox 951 880 1840 3202">
    <p class='ocr_par' dir='ltr' id='par_1_9' title="bbox 952 880 1838 1423">
     <span class='ocr_line' id='line_1_93' title="bbox 955 880 1835 930; baseline 0.014 -19"><span class='ocrx_word' id='word_1_703' title='bbox 955 888 1014 912; x_wconf 88' lang='lat' dir='ltr'>nus</span> <span class='ocrx_word' id='word_1_704' title='bbox 1030 880 1085 920; x_wconf 83' lang='lat' dir='ltr'>fit,</span> <span class='ocrx_word' id='word_1_705' title='bbox 1108 881 1230 927; x_wconf 15' lang='lat' dir='ltr'>velssNe</span> <span class='ocrx_word' id='word_1_706' title='bbox 1252 884 1365 925; x_wconf 81' lang='lat' dir='ltr'>pignus</span> <span class='ocrx_word' id='word_1_707' title='bbox 1388 894 1525 926; x_wconf 87' lang='lat' dir='ltr'>petatur.</span> <span class='ocrx_word' id='word_1_708' title='bbox 1548 889 1643 928; x_wconf 80' lang='lat' dir='ltr'>quid,</span> <span class='ocrx_word' id='word_1_709' title='bbox 1667 886 1690 925; x_wconf 76' lang='lat' dir='ltr'><strong>fi</strong></span> <span class='ocrx_word' id='word_1_710' title='bbox 1704 890 1835 930; x_wconf 73' lang='lat' dir='ltr'>pactum</span> 
     </span>
     <span class='ocr_line' id='line_1_94' title="bbox 954 918 1835 966; baseline 0.015 -14"><span class='ocrx_word' id='word_1_711' title='bbox 954 918 1015 961; x_wconf 84' lang='lat' dir='ltr'>fit,</span> <span class='ocrx_word' id='word_1_712' title='bbox 1032 921 1086 954; x_wconf 88' lang='lat' dir='ltr'>Ne</span> <span class='ocrx_word' id='word_1_713' title='bbox 1099 923 1245 957; x_wconf 86' lang='lat' dir='ltr'>debitum</span> <span class='ocrx_word' id='word_1_714' title='bbox 1260 932 1405 966; x_wconf 82' lang='lat' dir='ltr'>petatur,</span> <span class='ocrx_word' id='word_1_715' title='bbox 1427 935 1480 959; x_wconf 87' lang='lat' dir='ltr'>aut</span> <span class='ocrx_word' id='word_1_716' title='bbox 1497 928 1661 965; x_wconf 82' lang='lat' dir='ltr'>firniliter?</span> <span class='ocrx_word' id='word_1_717' title='bbox 1684 930 1739 963; x_wconf 90' lang='lat' dir='ltr'>hic</span> <span class='ocrx_word' id='word_1_718' title='bbox 1756 932 1835 965; x_wconf 75' lang='lat' dir='ltr'>vari-</span> 
     </span>
     <span class='ocr_line' id='line_1_95' title="bbox 958 963 1838 1015; baseline 0.014 -21"><span class='ocrx_word' id='word_1_719' title='bbox 958 970 1043 996; x_wconf 86' lang='lat' dir='ltr'>atum</span> <span class='ocrx_word' id='word_1_720' title='bbox 1060 963 1123 1009; x_wconf 80' lang='lat' dir='ltr'>fuit</span> <span class='ocrx_word' id='word_1_721' title='bbox 1137 974 1154 996; x_wconf 85' lang='lat' dir='ltr'>a</span> <span class='ocrx_word' id='word_1_722' title='bbox 1169 964 1371 1001; x_wconf 84' lang='lat' dir='ltr'>Veteribus·</span> <span class='ocrx_word' id='word_1_723' title='bbox 1382 968 1449 1001; x_wconf 84' lang='lat' dir='ltr'>aliis</span> <span class='ocrx_word' id='word_1_724' title='bbox 1466 967 1681 1011; x_wconf 84' lang='lat' dir='ltr'>hypothecam</span> <span class='ocrx_word' id='word_1_725' title='bbox 1704 972 1772 1015; x_wconf 78' lang='lat' dir='ltr'>ipso</span> <span class='ocrx_word' id='word_1_726' title='bbox 1786 975 1838 1015; x_wconf 83' lang='lat' dir='ltr'>ju-</span> 
     </span>
     <span class='ocr_line' id='line_1_96' title="bbox 957 1005 1836 1049; baseline 0.015 -14"><span class='ocrx_word' id='word_1_727' title='bbox 957 1014 1010 1044; x_wconf 88' lang='lat' dir='ltr'>re,</span> <span class='ocrx_word' id='word_1_728' title='bbox 1033 1005 1099 1038; x_wconf 84' lang='lat' dir='ltr'>aliis</span> <span class='ocrx_word' id='word_1_729' title='bbox 1121 1013 1179 1045; x_wconf 86' lang='lat' dir='ltr'>per</span> <span class='ocrx_word' id='word_1_730' title='bbox 1203 1009 1451 1049; x_wconf 71' lang='lat' dir='ltr'>exceptionem,</span> <span class='ocrx_word' id='word_1_731' title='bbox 1473 1013 1544 1049; x_wconf 76' lang='lat' dir='ltr'>tolli</span> <span class='ocrx_word' id='word_1_732' title='bbox 1573 1014 1775 1046; x_wconf 83' lang='lat' dir='ltr'>malentibus.</span> <span class='ocrx_word' id='word_1_733' title='bbox 1798 1021 1836 1048; x_wconf 83' lang='lat' dir='ltr'>ut</span> 
     </span>
     <span class='ocr_line' id='line_1_97' title="bbox 959 1047 1835 1097; baseline 0.015 -21"><span class='ocrx_word' id='word_1_734' title='bbox 959 1053 1066 1079; x_wconf 90' lang='lat' dir='ltr'>tamen</span> <span class='ocrx_word' id='word_1_735' title='bbox 1089 1047 1163 1079; x_wconf 88' lang='lat' dir='ltr'>alibi</span> <span class='ocrx_word' id='word_1_736' title='bbox 1188 1049 1385 1091; x_wconf 73' lang='lat' dir='ltr'>aliquando,</span> <span class='ocrx_word' id='word_1_737' title='bbox 1402 1052 1444 1083; x_wconf 85' lang='lat' dir='ltr'>ita</span> <span class='ocrx_word' id='word_1_738' title='bbox 1471 1052 1524 1084; x_wconf 83' lang='lat' dir='ltr'>hic</span> <span class='ocrx_word' id='word_1_739' title='bbox 1545 1054 1666 1095; x_wconf 90' lang='lat' dir='ltr'>placuit</span> <span class='ocrx_word' id='word_1_740' title='bbox 1680 1057 1835 1097; x_wconf 83' lang='lat' dir='ltr'>tandem,</span> 
     </span>
     <span class='ocr_line' id='line_1_98' title="bbox 959 1088 1837 1135; baseline 0.015 -17"><span class='ocrx_word' id='word_1_741' title='bbox 959 1094 1125 1129; x_wconf 87' lang='lat' dir='ltr'>utramque</span> <span class='ocrx_word' id='word_1_742' title='bbox 1140 1088 1326 1123; x_wconf 89' lang='lat' dir='ltr'>sententiam</span> <span class='ocrx_word' id='word_1_743' title='bbox 1345 1092 1534 1133; x_wconf 88' lang='lat' dir='ltr'>recipere.</span> <span class='ocrx_word' id='word_1_744' title='bbox 1548 1096 1599 1127; x_wconf 90' lang='lat' dir='ltr'>Ad</span> <span class='ocrx_word' id='word_1_745' title='bbox 1618 1096 1703 1135; x_wconf 84' lang='lat' dir='ltr'>hunc</span> <span class='ocrx_word' id='word_1_746' title='bbox 1719 1097 1837 1132; x_wconf 82' lang='lat' dir='ltr'>articu-</span> 
     </span>
     <span class='ocr_line' id='line_1_99' title="bbox 959 1128 1837 1178; baseline 0.015 -19"><span class='ocrx_word' id='word_1_747' title='bbox 959 1128 1023 1160; x_wconf 91' lang='lat' dir='ltr'>lum</span> <span class='ocrx_word' id='word_1_748' title='bbox 1040 1130 1206 1171; x_wconf 82' lang='lat' dir='ltr'>complura</span> <span class='ocrx_word' id='word_1_749' title='bbox 1230 1134 1357 1173; x_wconf 89' lang='lat' dir='ltr'>repperi</span> <span class='ocrx_word' id='word_1_750' title='bbox 1382 1132 1540 1168; x_wconf 85' lang='lat' dir='ltr'>Veterum</span> <span class='ocrx_word' id='word_1_751' title='bbox 1559 1137 1628 1168; x_wconf 85' lang='lat' dir='ltr'>loca</span> <span class='ocrx_word' id='word_1_752' title='bbox 1646 1138 1837 1178; x_wconf 71' lang='lat' dir='ltr'>intricatisli-</span> 
     </span>
     <span class='ocr_line' id='line_1_100' title="bbox 958 1172 1835 1222; baseline 0.014 -21"><span class='ocrx_word' id='word_1_753' title='bbox 958 1179 1031 1202; x_wconf 86' lang='lat' dir='ltr'>ma:</span> <span class='ocrx_word' id='word_1_754' title='bbox 1053 1180 1113 1203; x_wconf 89' lang='lat' dir='ltr'>nec</span> <span class='ocrx_word' id='word_1_755' title='bbox 1141 1172 1317 1205; x_wconf 86' lang='lat' dir='ltr'>recusarem</span> <span class='ocrx_word' id='word_1_756' title='bbox 1342 1174 1374 1213; x_wconf 84' lang='lat' dir='ltr'>in</span> <span class='ocrx_word' id='word_1_757' title='bbox 1398 1175 1542 1216; x_wconf 78' lang='lat' dir='ltr'>praesenti</span> <span class='ocrx_word' id='word_1_758' title='bbox 1568 1180 1835 1222; x_wconf 86' lang='lat' dir='ltr'>expeditionem,</span> 
     </span>
     <span class='ocr_line' id='line_1_101' title="bbox 958 1211 1834 1260; baseline 0.015 -18"><span class='ocrx_word' id='word_1_759' title='bbox 958 1211 1009 1243; x_wconf 76' lang='lat' dir='ltr'>nili</span> <span class='ocrx_word' id='word_1_760' title='bbox 1026 1213 1175 1244; x_wconf 86' lang='lat' dir='ltr'>omnibus</span> <span class='ocrx_word' id='word_1_761' title='bbox 1193 1214 1327 1246; x_wconf 90' lang='lat' dir='ltr'>tulissem</span> <span class='ocrx_word' id='word_1_762' title='bbox 1346 1220 1453 1259; x_wconf 20' lang='lat' dir='ltr'>opem!</span> <span class='ocrx_word' id='word_1_763' title='bbox 1469 1217 1603 1260; x_wconf 75' lang='lat' dir='ltr'>libfing.</span> <span class='ocrx_word' id='word_1_764' title='bbox 1620 1222 1658 1251; x_wconf 79' lang='lat' dir='ltr'>ad</span> <span class='ocrx_word' id='word_1_765' title='bbox 1670 1221 1834 1255; x_wconf 50' lang='lat' dir='ltr'>Edicta:</span> 
     </span>
     <span class='ocr_line' id='line_1_102' title="bbox 952 1253 1833 1301; baseline 0.016 -18"><span class='ocrx_word' id='word_1_766' title='bbox 952 1253 1031 1294; x_wconf 63' lang='lat' dir='ltr'>phet.</span> <span class='ocrx_word' id='word_1_767' title='bbox 1044 1253 1080 1289; x_wconf 68' lang='lat'>&amp;⁹</span> <span class='ocrx_word' id='word_1_768' title='bbox 1091 1254 1231 1286; x_wconf 64' lang='lat' dir='ltr'>transast.</span> <span class='ocrx_word' id='word_1_769' title='bbox 1250 1266 1274 1287; x_wconf 87' lang='lat' dir='ltr'>c.</span> <span class='ocrx_word' id='word_1_770' title='bbox 1289 1265 1334 1297; x_wconf 82' lang='lat'>13.</span> <span class='ocrx_word' id='word_1_771' title='bbox 1351 1256 1389 1291; x_wconf 61' lang='grc' dir='ltr'>ὅ)</span> <span class='ocrx_word' id='word_1_772' title='bbox 1396 1264 1463 1288; x_wconf 82' lang='lat' dir='ltr'>ante</span> <span class='ocrx_word' id='word_1_773' title='bbox 1471 1258 1519 1290; x_wconf 82' lang='lat' dir='ltr'>lib.</span> <span class='ocrx_word' id='word_1_774' title='bbox 1531 1269 1560 1291; x_wconf 86' lang='lat'>2.</span> <span class='ocrx_word' id='word_1_775' title='bbox 1588 1261 1739 1301; x_wconf 69' lang='lat' dir='ltr'>Probabit.¹</span> <span class='ocrx_word' id='word_1_776' title='bbox 1756 1274 1780 1296; x_wconf 88' lang='lat' dir='ltr'>c.</span> <span class='ocrx_word' id='word_1_777' title='bbox 1799 1269 1833 1300; x_wconf 86' lang='lat'>8.</span> 
     </span>
     <span class='ocr_line' id='line_1_103' title="bbox 955 1295 1836 1344; baseline 0.015 -19"><span class='ocrx_word' id='word_1_778' title='bbox 955 1295 1022 1325; x_wconf 72' lang='lat' dir='ltr'>izem</span> <span class='ocrx_word' id='word_1_779' title='bbox 1037 1295 1083 1326; x_wconf 82' lang='lat' dir='ltr'>lib.</span> <span class='ocrx_word' id='word_1_780' title='bbox 1103 1305 1132 1334; x_wconf 87' lang='lat'>4.</span> <span class='ocrx_word' id='word_1_781' title='bbox 1149 1306 1174 1327; x_wconf 87' lang='lat' dir='ltr'>c.</span> <span class='ocrx_word' id='word_1_782' title='bbox 1199 1305 1242 1329; x_wconf 88' lang='grc' dir='ltr'>ιο.</span> <span class='ocrx_word' id='word_1_783' title='bbox 1259 1296 1296 1332; x_wconf 74' lang='lat'>&amp;³</span> <span class='ocrx_word' id='word_1_784' title='bbox 1313 1297 1369 1335; x_wconf 56' lang='lat'>1&#39;1„</span> <span class='ocrx_word' id='word_1_785' title='bbox 1385 1298 1434 1330; x_wconf 88' lang='lat' dir='ltr'>Sit</span> <span class='ocrx_word' id='word_1_786' title='bbox 1457 1300 1553 1340; x_wconf 89' lang='lat' dir='ltr'>igitur</span> <span class='ocrx_word' id='word_1_787' title='bbox 1578 1303 1689 1334; x_wconf 89' lang='lat' dir='ltr'>modus</span> <span class='ocrx_word' id='word_1_788' title='bbox 1711 1305 1836 1344; x_wconf 76' lang='lat' dir='ltr'>primus</span> 
     </span>
     <span class='ocr_line' id='line_1_104' title="bbox 957 1336 1833 1387; baseline 0.014 -20"><span class='ocrx_word' id='word_1_789' title='bbox 957 1336 1110 1368; x_wconf 85' lang='lat' dir='ltr'>tollendae</span> <span class='ocrx_word' id='word_1_790' title='bbox 1136 1337 1327 1379; x_wconf 80' lang='lat' dir='ltr'>hypothecae</span> <span class='ocrx_word' id='word_1_791' title='bbox 1345 1339 1411 1379; x_wconf 76' lang='lat' dir='ltr'>eius</span> <span class='ocrx_word' id='word_1_792' title='bbox 1429 1342 1569 1375; x_wconf 82' lang='lat' dir='ltr'>remiffio</span> <span class='ocrx_word' id='word_1_793' title='bbox 1587 1341 1670 1375; x_wconf 78' lang='lat' dir='ltr'>‘cum</span> <span class='ocrx_word' id='word_1_794' title='bbox 1693 1345 1833 1387; x_wconf 66' lang='lat' dir='ltr'>directa,</span> 
     </span>
     <span class='ocr_line' id='line_1_105' title="bbox 958 1378 1695 1423; baseline 0.009 -15"><span class='ocrx_word' id='word_1_795' title='bbox 958 1384 1024 1409; x_wconf 90' lang='lat' dir='ltr'>tum</span> <span class='ocrx_word' id='word_1_796' title='bbox 1041 1378 1189 1419; x_wconf 87' lang='lat' dir='ltr'>obliqua,</span> <span class='ocrx_word' id='word_1_797' title='bbox 1212 1389 1229 1410; x_wconf 92' lang='lat' dir='ltr'>a</span> <span class='ocrx_word' id='word_1_798' title='bbox 1246 1381 1409 1415; x_wconf 86' lang='lat' dir='ltr'>creditore</span> <span class='ocrx_word' id='word_1_799' title='bbox 1426 1380 1521 1414; x_wconf 78' lang='lat' dir='ltr'>facta.</span> <span class='ocrx_word' id='word_1_800' title='bbox 1693 1421 1695 1423; x_wconf 27' lang='lat'>¹</span> 
     </span>
    </p>

    <p class='ocr_par' dir='ltr' id='par_1_10' title="bbox 951 1419 1840 3023">
     <span class='ocr_line' id='line_1_106' title="bbox 960 1419 1834 1467; baseline 0.013 -18"><span class='ocrx_word' id='word_1_801' title='bbox 960 1454 962 1456; x_wconf 40' lang='grc'>,</span> <span class='ocrx_word' id='word_1_802' title='bbox 998 1419 1089 1451; x_wconf 90' lang='lat' dir='ltr'>Alter</span> <span class='ocrx_word' id='word_1_803' title='bbox 1113 1420 1289 1463; x_wconf 87' lang='lat' dir='ltr'>contingit,</span> <span class='ocrx_word' id='word_1_804' title='bbox 1312 1421 1406 1453; x_wconf 89' lang='lat' dir='ltr'>finito</span> <span class='ocrx_word' id='word_1_805' title='bbox 1427 1423 1499 1464; x_wconf 82' lang='lat' dir='ltr'>jure</span> <span class='ocrx_word' id='word_1_806' title='bbox 1520 1425 1586 1464; x_wconf 83' lang='lat' dir='ltr'>ejus</span> <span class='ocrx_word' id='word_1_807' title='bbox 1603 1434 1618 1456; x_wconf 86' lang='lat' dir='ltr'>a</span> <span class='ocrx_word' id='word_1_808' title='bbox 1634 1435 1699 1467; x_wconf 90' lang='lat' dir='ltr'>quo</span> <span class='ocrx_word' id='word_1_809' title='bbox 1714 1428 1834 1460; x_wconf 91' lang='lat' dir='ltr'>consti-</span> 
     </span>
     <span class='ocr_line' id='line_1_107' title="bbox 959 1460 1836 1504; baseline 0.011 -13"><span class='ocrx_word' id='word_1_810' title='bbox 959 1467 1027 1491; x_wconf 87' lang='lat' dir='ltr'>tuta</span> <span class='ocrx_word' id='word_1_811' title='bbox 1042 1460 1078 1492; x_wconf 86' lang='lat' dir='ltr'>fit</span> <span class='ocrx_word' id='word_1_812' title='bbox 1095 1461 1293 1503; x_wconf 83' lang='lat' dir='ltr'>hypotheca.</span> <span class='ocrx_word' id='word_1_813' title='bbox 1302 1462 1359 1501; x_wconf 44' lang='lat' dir='ltr'>,fac</span> <span class='ocrx_word' id='word_1_814' title='bbox 1371 1472 1382 1500; x_wconf 51' lang='lat' dir='ltr'>t,</span> <span class='ocrx_word' id='word_1_815' title='bbox 1400 1464 1512 1504; x_wconf 84' lang='lat' dir='ltr'>aliquis</span> <span class='ocrx_word' id='word_1_816' title='bbox 1531 1475 1598 1497; x_wconf 89' lang='lat' dir='ltr'>rem</span> <span class='ocrx_word' id='word_1_817' title='bbox 1616 1467 1647 1498; x_wconf 92' lang='lat' dir='ltr'>in</span> <span class='ocrx_word' id='word_1_818' title='bbox 1668 1469 1762 1500; x_wconf 87' lang='lat' dir='ltr'>bonis</span> <span class='ocrx_word' id='word_1_819' title='bbox 1778 1471 1836 1501; x_wconf 85' lang='lat' dir='ltr'>ha-</span> 
     </span>
     <span class='ocr_line' id='line_1_108' title="bbox 954 1500 1835 1547; baseline 0.011 -14"><span class='ocrx_word' id='word_1_820' title='bbox 954 1500 1011 1533; x_wconf 84' lang='lat' dir='ltr'>bet</span> <span class='ocrx_word' id='word_1_821' title='bbox 1028 1510 1091 1534; x_wconf 79' lang='lat' dir='ltr'>non</span> <span class='ocrx_word' id='word_1_822' title='bbox 1107 1504 1138 1535; x_wconf 91' lang='lat' dir='ltr'>in</span> <span class='ocrx_word' id='word_1_823' title='bbox 1156 1501 1316 1540; x_wconf 76' lang='lat' dir='ltr'>solidum:v</span> <span class='ocrx_word' id='word_1_824' title='bbox 1333 1503 1386 1536; x_wconf 89' lang='lat' dir='ltr'>sed</span> <span class='ocrx_word' id='word_1_825' title='bbox 1400 1503 1439 1537; x_wconf 87' lang='lat' dir='ltr'>ad</span> <span class='ocrx_word' id='word_1_826' title='bbox 1464 1513 1588 1541; x_wconf 84' lang='lat' dir='ltr'>certum</span> <span class='ocrx_word' id='word_1_827' title='bbox 1614 1508 1781 1542; x_wconf 88' lang='lat' dir='ltr'>dumtaxat</span> <span class='ocrx_word' id='word_1_828' title='bbox 1795 1511 1835 1547; x_wconf 59' lang='lat' dir='ltr'>fi}</span> 
     </span>
     <span class='ocr_line' id='line_1_109' title="bbox 959 1542 1833 1596; baseline 0.011 -22"><span class='ocrx_word' id='word_1_829' title='bbox 959 1552 1044 1576; x_wconf 84' lang='lat' dir='ltr'>nem.</span> <span class='ocrx_word' id='word_1_830' title='bbox 1060 1545 1084 1576; x_wconf 90' lang='lat' dir='ltr'>is</span> <span class='ocrx_word' id='word_1_831' title='bbox 1094 1543 1200 1584; x_wconf 89' lang='lat' dir='ltr'>potest</span> <span class='ocrx_word' id='word_1_832' title='bbox 1209 1542 1279 1576; x_wconf 85' lang='lat' dir='ltr'>eam</span> <span class='ocrx_word' id='word_1_833' title='bbox 1288 1545 1432 1587; x_wconf 78' lang='lat' dir='ltr'>obligare</span> <span class='ocrx_word' id='word_1_834' title='bbox 1441 1546 1523 1579; x_wconf 89' lang='lat' dir='ltr'>intra</span> <span class='ocrx_word' id='word_1_835' title='bbox 1532 1544 1628 1580; x_wconf 88' lang='lat' dir='ltr'>finem</span> <span class='ocrx_word' id='word_1_836' title='bbox 1639 1550 1833 1596; x_wconf 77' lang='lat' dir='ltr'>confistens;</span> 
     </span>
     <span class='ocr_line' id='line_1_110' title="bbox 958 1585 1836 1631; baseline 0.011 -16"><span class='ocrx_word' id='word_1_837' title='bbox 958 1585 1039 1616; x_wconf 83' lang='lat' dir='ltr'>ultra</span> <span class='ocrx_word' id='word_1_838' title='bbox 1056 1595 1119 1617; x_wconf 86' lang='lat' dir='ltr'>non</span> <span class='ocrx_word' id='word_1_839' title='bbox 1137 1586 1260 1627; x_wconf 87' lang='lat' dir='ltr'>potest:</span> <span class='ocrx_word' id='word_1_840' title='bbox 1277 1586 1351 1627; x_wconf 86' lang='lat' dir='ltr'>quia</span> <span class='ocrx_word' id='word_1_841' title='bbox 1361 1586 1442 1619; x_wconf 85' lang='lat' dir='ltr'>ultra</span> <span class='ocrx_word' id='word_1_842' title='bbox 1458 1597 1523 1620; x_wconf 87' lang='lat' dir='ltr'>uon</span> <span class='ocrx_word' id='word_1_843' title='bbox 1540 1589 1624 1629; x_wconf 81' lang='lat' dir='ltr'>estin</span> <span class='ocrx_word' id='word_1_844' title='bbox 1636 1599 1708 1631; x_wconf 50' lang='lat' dir='ltr'>¹ejus</span> <span class='ocrx_word' id='word_1_845' title='bbox 1727 1591 1836 1626; x_wconf 81' lang='lat' dir='ltr'>bonis.</span> 
     </span>
     <span class='ocr_line' id='line_1_111' title="bbox 961 1625 1834 1673; baseline 0.011 -17"><span class='ocrx_word' id='word_1_846' title='bbox 961 1625 1156 1666; x_wconf 87' lang='lat' dir='ltr'>Exemplum</span> <span class='ocrx_word' id='word_1_847' title='bbox 1173 1626 1203 1658; x_wconf 91' lang='lat' dir='ltr'>in</span> <span class='ocrx_word' id='word_1_848' title='bbox 1223 1627 1421 1671; x_wconf 81' lang='lat' dir='ltr'>emphyteusi</span> <span class='ocrx_word' id='word_1_849' title='bbox 1438 1629 1566 1671; x_wconf 79' lang='lat' dir='ltr'>elegans</span> <span class='ocrx_word' id='word_1_850' title='bbox 1584 1631 1614 1663; x_wconf 92' lang='lat' dir='ltr'>in</span> <span class='ocrx_word' id='word_1_851' title='bbox 1632 1631 1651 1662; x_wconf 90' lang='lat' dir='ltr'>l.</span> <span class='ocrx_word' id='word_1_852' title='bbox 1668 1642 1719 1673; x_wconf 81' lang='lat'>31.</span> <span class='ocrx_word' id='word_1_853' title='bbox 1737 1633 1781 1665; x_wconf 92' lang='lat' dir='ltr'>D.</span> <span class='ocrx_word' id='word_1_854' title='bbox 1796 1637 1834 1666; x_wconf 78' lang='lat' dir='ltr'>de</span> 
     </span>
     <span class='ocr_line' id='line_1_112' title="bbox 956 1668 1833 1716; baseline 0.013 -19"><span class='ocrx_word' id='word_1_855' title='bbox 956 1668 1128 1709; x_wconf 82' lang='lat' dir='ltr'>pignoribus</span> <span class='ocrx_word' id='word_1_856' title='bbox 1143 1670 1296 1708; x_wconf 89' lang='lat' dir='ltr'>proponit</span> <span class='ocrx_word' id='word_1_857' title='bbox 1312 1670 1478 1703; x_wconf 85' lang='lat' dir='ltr'>Scaevola:</span> <span class='ocrx_word' id='word_1_858' title='bbox 1497 1671 1526 1703; x_wconf 73' lang='lat' dir='ltr'>dt</span> <span class='ocrx_word' id='word_1_859' title='bbox 1542 1671 1586 1708; x_wconf 90' lang='lat' dir='ltr'>est</span> <span class='ocrx_word' id='word_1_860' title='bbox 1598 1673 1669 1716; x_wconf 82' lang='lat' dir='ltr'>tale.</span> <span class='ocrx_word' id='word_1_861' title='bbox 1693 1672 1833 1708; x_wconf 81' lang='lat' dir='ltr'>Titiusa</span> 
     </span>
     <span class='ocr_line' id='line_1_113' title="bbox 959 1709 1834 1758; baseline 0.008 -19"><span class='ocrx_word' id='word_1_862' title='bbox 959 1709 1091 1740; x_wconf 89' lang='lat' dir='ltr'>domino</span> <span class='ocrx_word' id='word_1_863' title='bbox 1110 1709 1230 1741; x_wconf 85' lang='lat' dir='ltr'>habens</span> <span class='ocrx_word' id='word_1_864' title='bbox 1249 1709 1600 1758; x_wconf 67' lang='lat' dir='ltr'>fundumvec&#39;tigalem‚</span> <span class='ocrx_word' id='word_1_865' title='bbox 1620 1714 1684 1758; x_wconf 79' lang='lat' dir='ltr'>sive</span> <span class='ocrx_word' id='word_1_866' title='bbox 1694 1717 1834 1758; x_wconf 80' lang='lat' dir='ltr'>emphy-</span> 
     </span>
     <span class='ocr_line' id='line_1_114' title="bbox 959 1751 1834 1796; baseline 0.011 -16"><span class='ocrx_word' id='word_1_867' title='bbox 959 1751 1180 1789; x_wconf 84' lang='lat' dir='ltr'>teuticarium,</span> <span class='ocrx_word' id='word_1_868' title='bbox 1198 1761 1271 1783; x_wconf 89' lang='lat' dir='ltr'>eum</span> <span class='ocrx_word' id='word_1_869' title='bbox 1288 1752 1482 1793; x_wconf 86' lang='lat' dir='ltr'>Sempronio</span> <span class='ocrx_word' id='word_1_870' title='bbox 1499 1754 1834 1796; x_wconf 74' lang='lat' dir='ltr'>obligawt&#39;prodebi-</span> 
     </span>
     <span class='ocr_line' id='line_1_115' title="bbox 957 1791 1832 1842; baseline 0.01 -20"><span class='ocrx_word' id='word_1_871' title='bbox 957 1798 1004 1823; x_wconf 90' lang='lat' dir='ltr'>to.</span> <span class='ocrx_word' id='word_1_872' title='bbox 1035 1791 1111 1832; x_wconf 89' lang='lat' dir='ltr'>quid</span> <span class='ocrx_word' id='word_1_873' title='bbox 1133 1792 1178 1824; x_wconf 83' lang='lat' dir='ltr'>est</span> <span class='ocrx_word' id='word_1_874' title='bbox 1203 1793 1354 1835; x_wconf 80' lang='lat' dir='ltr'>pignori?</span> <span class='ocrx_word' id='word_1_875' title='bbox 1378 1794 1601 1840; x_wconf 33' lang='lat' dir='ltr'>non-fundus:</span> <span class='ocrx_word' id='word_1_876' title='bbox 1625 1795 1678 1842; x_wconf 83' lang='lat' dir='ltr'>sed</span> <span class='ocrx_word' id='word_1_877' title='bbox 1689 1800 1832 1842; x_wconf 58' lang='lat' dir='ltr'>⁴emphya</span> 
     </span>
     <span class='ocr_line' id='line_1_116' title="bbox 957 1832 1834 1876; baseline 0.01 -12"><span class='ocrx_word' id='word_1_878' title='bbox 957 1832 1068 1865; x_wconf 83' lang='lat' dir='ltr'>tensis:</span> <span class='ocrx_word' id='word_1_879' title='bbox 1093 1843 1165 1866; x_wconf 86' lang='lat' dir='ltr'>nam</span> <span class='ocrx_word' id='word_1_880' title='bbox 1180 1833 1298 1866; x_wconf 86' lang='lat' dir='ltr'>fundus</span> <span class='ocrx_word' id='word_1_881' title='bbox 1312 1835 1358 1867; x_wconf 92' lang='lat' dir='ltr'>est</span> <span class='ocrx_word' id='word_1_882' title='bbox 1374 1836 1494 1868; x_wconf 86' lang='lat' dir='ltr'>dommi</span> <span class='ocrx_word' id='word_1_883' title='bbox 1510 1859 1521 1876; x_wconf 88' lang='lat'>,</span> <span class='ocrx_word' id='word_1_884' title='bbox 1544 1846 1609 1869; x_wconf 90' lang='lat' dir='ltr'>non</span> <span class='ocrx_word' id='word_1_885' title='bbox 1626 1836 1717 1871; x_wconf 81' lang='lat' dir='ltr'>Tltu.</span> <span class='ocrx_word' id='word_1_886' title='bbox 1744 1842 1834 1873; x_wconf 78' lang='lat' dir='ltr'>valet</span> 
     </span>
     <span class='ocr_line' id='line_1_117' title="bbox 959 1874 1833 1922; baseline 0.01 -17"><span class='ocrx_word' id='word_1_887' title='bbox 959 1874 1055 1914; x_wconf 87' lang='lat' dir='ltr'>igitur</span> <span class='ocrx_word' id='word_1_888' title='bbox 1069 1874 1184 1917; x_wconf 85' lang='lat' dir='ltr'>pignus</span> <span class='ocrx_word' id='word_1_889' title='bbox 1201 1876 1451 1918; x_wconf 87' lang='lat' dir='ltr'>emphyteuseos</span> <span class='ocrx_word' id='word_1_890' title='bbox 1463 1887 1469 1922; x_wconf 62' lang='grc' dir='ltr'><strong>ς</strong></span> <span class='ocrx_word' id='word_1_891' title='bbox 1480 1879 1629 1918; x_wconf 90' lang='lat' dir='ltr'>quamdiu</span> <span class='ocrx_word' id='word_1_892' title='bbox 1644 1880 1690 1911; x_wconf 86' lang='lat' dir='ltr'>est</span> <span class='ocrx_word' id='word_1_893' title='bbox 1704 1881 1737 1912; x_wconf 92' lang='lat' dir='ltr'>in</span> <span class='ocrx_word' id='word_1_894' title='bbox 1748 1880 1833 1915; x_wconf 84' lang='lat' dir='ltr'>Titii</span> 
     </span>
     <span class='ocr_line' id='line_1_118' title="bbox 958 1912 1832 1962; baseline 0.01 -16"><span class='ocrx_word' id='word_1_895' title='bbox 958 1912 1067 1947; x_wconf 86' lang='lat' dir='ltr'>bonis:</span> <span class='ocrx_word' id='word_1_896' title='bbox 1083 1916 1156 1958; x_wconf 91' lang='lat' dir='ltr'>quia</span> <span class='ocrx_word' id='word_1_897' title='bbox 1171 1916 1278 1949; x_wconf 87' lang='lat' dir='ltr'>Titius</span> <span class='ocrx_word' id='word_1_898' title='bbox 1290 1917 1441 1951; x_wconf 78' lang='lat' dir='ltr'>hactenus</span> <span class='ocrx_word' id='word_1_899' title='bbox 1463 1929 1493 1951; x_wconf 86' lang='lat' dir='ltr'>in</span> <span class='ocrx_word' id='word_1_900' title='bbox 1511 1929 1546 1951; x_wconf 90' lang='lat' dir='ltr'>ea</span> <span class='ocrx_word' id='word_1_901' title='bbox 1566 1920 1663 1952; x_wconf 84' lang='lat' dir='ltr'>habet</span> <span class='ocrx_word' id='word_1_902' title='bbox 1682 1920 1731 1962; x_wconf 81' lang='lat' dir='ltr'>jus</span> <span class='ocrx_word' id='word_1_903' title='bbox 1749 1923 1832 1956; x_wconf 88' lang='lat' dir='ltr'>obli·</span> 
     </span>
     <span class='ocr_line' id='line_1_119' title="bbox 956 1957 1830 2005; baseline 0.01 -17"><span class='ocrx_word' id='word_1_904' title='bbox 956 1957 1205 1995; x_wconf 78' lang='lat' dir='ltr'>gationistultra</span> <span class='ocrx_word' id='word_1_905' title='bbox 1221 1959 1404 1991; x_wconf 84' lang='lat' dir='ltr'>nonhabet.</span> <span class='ocrx_word' id='word_1_906' title='bbox 1429 1960 1474 1992; x_wconf 89' lang='lat' dir='ltr'>est</span> <span class='ocrx_word' id='word_1_907' title='bbox 1492 1970 1590 2002; x_wconf 90' lang='lat' dir='ltr'>porro</span> <span class='ocrx_word' id='word_1_908' title='bbox 1608 1963 1830 2005; x_wconf 78' lang='lat' dir='ltr'>emphyteufis</span> 
     </span>
     <span class='ocr_line' id='line_1_120' title="bbox 956 1997 1833 2044; baseline 0.01 -15"><span class='ocrx_word' id='word_1_909' title='bbox 956 1997 1057 2038; x_wconf 85' lang='lat' dir='ltr'>Titii,</span> <span class='ocrx_word' id='word_1_910' title='bbox 1072 2000 1223 2040; x_wconf 83' lang='lat' dir='ltr'>quamdiu</span> <span class='ocrx_word' id='word_1_911' title='bbox 1239 2000 1369 2032; x_wconf 88' lang='lat' dir='ltr'>domino</span> <span class='ocrx_word' id='word_1_912' title='bbox 1386 2002 1436 2033; x_wconf 90' lang='lat' dir='ltr'>vel</span> <span class='ocrx_word' id='word_1_913' title='bbox 1458 2002 1497 2033; x_wconf 92' lang='lat' dir='ltr'>ab</span> <span class='ocrx_word' id='word_1_914' title='bbox 1515 2002 1583 2043; x_wconf 88' lang='lat' dir='ltr'>ipso</span> <span class='ocrx_word' id='word_1_915' title='bbox 1599 2002 1711 2044; x_wconf 91' lang='lat' dir='ltr'>Titio,</span> <span class='ocrx_word' id='word_1_916' title='bbox 1729 2007 1780 2038; x_wconf 90' lang='lat' dir='ltr'>vel</span> <span class='ocrx_word' id='word_1_917' title='bbox 1799 2016 1833 2038; x_wconf 88' lang='lat' dir='ltr'>e·</span> 
     </span>
     <span class='ocr_line' id='line_1_121' title="bbox 951 2040 1834 2092; baseline 0.011 -21"><span class='ocrx_word' id='word_1_918' title='bbox 951 2040 1000 2080; x_wconf 72' lang='lat' dir='ltr'>Jus</span> <span class='ocrx_word' id='word_1_919' title='bbox 1018 2041 1147 2073; x_wconf 89' lang='lat' dir='ltr'>nomine</span> <span class='ocrx_word' id='word_1_920' title='bbox 1165 2051 1182 2073; x_wconf 90' lang='lat' dir='ltr'>a</span> <span class='ocrx_word' id='word_1_921' title='bbox 1197 2042 1375 2082; x_wconf 82' lang='lat' dir='ltr'>creditore,</span> <span class='ocrx_word' id='word_1_922' title='bbox 1391 2042 1684 2090; x_wconf 32' lang='lat' dir='ltr'>secundum&#39;legem</span> <span class='ocrx_word' id='word_1_923' title='bbox 1702 2046 1834 2092; x_wconf 75' lang='lat' dir='ltr'>solvitur</span> 
     </span>
     <span class='ocr_line' id='line_1_122' title="bbox 954 2080 1835 2128; baseline 0.01 -16"><span class='ocrx_word' id='word_1_924' title='bbox 954 2080 1157 2122; x_wconf 63' lang='lat' dir='ltr'>vectigal:‚id</span> <span class='ocrx_word' id='word_1_925' title='bbox 1176 2083 1240 2122; x_wconf 89' lang='lat' dir='ltr'>est,</span> <span class='ocrx_word' id='word_1_926' title='bbox 1257 2093 1386 2125; x_wconf 20' lang='lat' dir='ltr'>annuus!</span> <span class='ocrx_word' id='word_1_927' title='bbox 1400 2093 1516 2118; x_wconf 88' lang='lat' dir='ltr'>canon.</span> <span class='ocrx_word' id='word_1_928' title='bbox 1539 2087 1632 2128; x_wconf 86' lang='lat' dir='ltr'>igitur</span> <span class='ocrx_word' id='word_1_929' title='bbox 1647 2089 1766 2120; x_wconf 83' lang='lat' dir='ltr'>tamdiu</span> <span class='ocrx_word' id='word_1_930' title='bbox 1782 2097 1835 2121; x_wconf 93' lang='lat' dir='ltr'>et-</span> 
     </span>
     <span class='ocr_line' id='line_1_123' title="bbox 955 2119 1832 2165; baseline 0.01 -11"><span class='ocrx_word' id='word_1_931' title='bbox 955 2123 1017 2154; x_wconf 86' lang='lat' dir='ltr'>iam</span> <span class='ocrx_word' id='word_1_932' title='bbox 1029 2124 1121 2155; x_wconf 88' lang='lat' dir='ltr'>durat</span> <span class='ocrx_word' id='word_1_933' title='bbox 1135 2124 1249 2165; x_wconf 87' lang='lat' dir='ltr'>pignus</span> <span class='ocrx_word' id='word_1_934' title='bbox 1267 2125 1306 2157; x_wconf 87' lang='lat' dir='ltr'>ab</span> <span class='ocrx_word' id='word_1_935' title='bbox 1324 2119 1605 2160; x_wconf 63' lang='lat' dir='ltr'>eoeonstitulum:</span> <span class='ocrx_word' id='word_1_936' title='bbox 1631 2138 1740 2162; x_wconf 90' lang='lat' dir='ltr'>verum</span> <span class='ocrx_word' id='word_1_937' title='bbox 1756 2129 1779 2162; x_wconf 88' lang='lat' dir='ltr'>fi</span> <span class='ocrx_word' id='word_1_938' title='bbox 1796 2134 1832 2164; x_wconf 77' lang='lat' dir='ltr'>in</span> 
     </span>
     <span class='ocr_line' id='line_1_124' title="bbox 960 2164 1833 2213; baseline 0.01 -18"><span class='ocrx_word' id='word_1_939' title='bbox 960 2174 1012 2203; x_wconf 33' lang='lat' dir='ltr'>ea·</span> <span class='ocrx_word' id='word_1_940' title='bbox 1029 2164 1228 2198; x_wconf 86' lang='lat' dir='ltr'>exsolutione</span> <span class='ocrx_word' id='word_1_941' title='bbox 1258 2166 1295 2198; x_wconf 83' lang='lat' dir='ltr'>fi&#39;t</span> <span class='ocrx_word' id='word_1_942' title='bbox 1318 2166 1469 2201; x_wconf 82' lang='lat' dir='ltr'>cessatum</span> <span class='ocrx_word' id='word_1_943' title='bbox 1493 2165 1533 2200; x_wconf 89' lang='lat' dir='ltr'>ab</span> <span class='ocrx_word' id='word_1_944' title='bbox 1557 2176 1716 2211; x_wconf 88' lang='lat' dir='ltr'>utroque;</span> <span class='ocrx_word' id='word_1_945' title='bbox 1752 2171 1833 2213; x_wconf 74' lang='lat' dir='ltr'>licet</span> 
     </span>
     <span class='ocr_line' id='line_1_125' title="bbox 960 2205 1833 2248; baseline 0.01 -12"><span class='ocrx_word' id='word_1_946' title='bbox 960 2205 1094 2238; x_wconf 86' lang='lat' dir='ltr'>domino</span> <span class='ocrx_word' id='word_1_947' title='bbox 1107 2207 1176 2247; x_wconf 86' lang='lat' dir='ltr'>jure</span> <span class='ocrx_word' id='word_1_948' title='bbox 1186 2207 1240 2239; x_wconf 87' lang='lat' dir='ltr'>suo</span> <span class='ocrx_word' id='word_1_949' title='bbox 1252 2206 1320 2246; x_wconf 76' lang='lat' dir='ltr'>uti,</span> <span class='ocrx_word' id='word_1_950' title='bbox 1337 2208 1370 2241; x_wconf 88' lang='lat' dir='ltr'>id</span> <span class='ocrx_word' id='word_1_951' title='bbox 1387 2209 1450 2248; x_wconf 73' lang='lat' dir='ltr'>est,</span> <span class='ocrx_word' id='word_1_952' title='bbox 1468 2210 1642 2243; x_wconf 81' lang='lat' dir='ltr'>dominium</span> <span class='ocrx_word' id='word_1_953' title='bbox 1659 2210 1746 2245; x_wconf 87' lang='lat' dir='ltr'>suum</span> <span class='ocrx_word' id='word_1_954' title='bbox 1763 2214 1833 2248; x_wconf 70' lang='lat' dir='ltr'>vin-</span> 
     </span>
     <span class='ocr_line' id='line_1_126' title="bbox 958 2246 1832 2296; baseline 0.013 -19"><span class='ocrx_word' id='word_1_955' title='bbox 958 2246 1064 2278; x_wconf 86' lang='lat' dir='ltr'>dicare</span> <span class='ocrx_word' id='word_1_956' title='bbox 1079 2257 1096 2279; x_wconf 88' lang='lat' dir='ltr'>a</span> <span class='ocrx_word' id='word_1_957' title='bbox 1111 2248 1202 2281; x_wconf 87' lang='lat' dir='ltr'>fundi</span> <span class='ocrx_word' id='word_1_958' title='bbox 1217 2248 1387 2290; x_wconf 76' lang='lat' dir='ltr'>poss&#39;esl&#39;ore</span> <span class='ocrx_word' id='word_1_959' title='bbox 1398 2251 1481 2289; x_wconf 85' lang='lat' dir='ltr'>‚five</span> <span class='ocrx_word' id='word_1_960' title='bbox 1498 2251 1521 2284; x_wconf 85' lang='lat' dir='ltr'>is</span> <span class='ocrx_word' id='word_1_961' title='bbox 1546 2252 1582 2283; x_wconf 86' lang='lat' dir='ltr'>fit</span> <span class='ocrx_word' id='word_1_962' title='bbox 1595 2251 1720 2293; x_wconf 89' lang='lat' dir='ltr'>Titius,</span> <span class='ocrx_word' id='word_1_963' title='bbox 1736 2255 1832 2296; x_wconf 85' lang='lat' dir='ltr'>quia,</span> 
     </span>
     <span class='ocr_line' id='line_1_127' title="bbox 956 2287 1832 2339; baseline 0.014 -21"><span class='ocrx_word' id='word_1_964' title='bbox 956 2288 1025 2329; x_wconf 81' lang='lat' dir='ltr'>J’ure</span> <span class='ocrx_word' id='word_1_965' title='bbox 1043 2287 1097 2320; x_wconf 85' lang='lat' dir='ltr'>suo</span> <span class='ocrx_word' id='word_1_966' title='bbox 1111 2289 1252 2329; x_wconf 83' lang='lat' dir='ltr'>excidit,</span> <span class='ocrx_word' id='word_1_967' title='bbox 1274 2290 1338 2322; x_wconf 81' lang='lat' dir='ltr'>five</span> <span class='ocrx_word' id='word_1_968' title='bbox 1352 2291 1386 2324; x_wconf 87' lang='lat' dir='ltr'>fit</span> <span class='ocrx_word' id='word_1_969' title='bbox 1396 2291 1556 2337; x_wconf 79' lang='lat' dir='ltr'>creditor,</span> <span class='ocrx_word' id='word_1_970' title='bbox 1571 2294 1646 2339; x_wconf 84' lang='lat' dir='ltr'>quia</span> <span class='ocrx_word' id='word_1_971' title='bbox 1662 2294 1832 2337; x_wconf 81' lang='lat' dir='ltr'>finitojure</span> 
     </span>
     <span class='ocr_line' id='line_1_128' title="bbox 959 2328 1831 2376; baseline 0.014 -17"><span class='ocrx_word' id='word_1_972' title='bbox 959 2328 1181 2364; x_wconf 84' lang='lat' dir='ltr'>constituentis</span> <span class='ocrx_word' id='word_1_973' title='bbox 1198 2331 1328 2372; x_wconf 87' lang='lat' dir='ltr'>pignus,</span> <span class='ocrx_word' id='word_1_974' title='bbox 1351 2333 1446 2364; x_wconf 87' lang='lat' dir='ltr'>etiam</span> <span class='ocrx_word' id='word_1_975' title='bbox 1465 2342 1606 2375; x_wconf 84' lang='lat' dir='ltr'>pignoris</span> <span class='ocrx_word' id='word_1_976' title='bbox 1618 2335 1668 2376; x_wconf 80' lang='lat' dir='ltr'>jus</span> <span class='ocrx_word' id='word_1_977' title='bbox 1684 2339 1831 2373; x_wconf 86' lang='lat' dir='ltr'>evanuit.</span> 
     </span>
     <span class='ocr_line' id='line_1_129' title="bbox 966 2368 1833 2418; baseline 0.015 -18"><span class='ocrx_word' id='word_1_978' title='bbox 966 2405 969 2410; x_wconf 22' lang='lat' dir='ltr'>f</span> <span class='ocrx_word' id='word_1_979' title='bbox 998 2368 1113 2401; x_wconf 88' lang='lat' dir='ltr'>Tertia</span> <span class='ocrx_word' id='word_1_980' title='bbox 1127 2373 1216 2404; x_wconf 83' lang='lat' dir='ltr'>causa</span> <span class='ocrx_word' id='word_1_981' title='bbox 1233 2372 1414 2405; x_wconf 81' lang='lat' dir='ltr'>inhibendae</span> <span class='ocrx_word' id='word_1_982' title='bbox 1431 2374 1565 2407; x_wconf 72' lang='lat' dir='ltr'>actionis</span> <span class='ocrx_word' id='word_1_983' title='bbox 1588 2376 1833 2418; x_wconf 68' lang='lat' dir='ltr'>hypothecariae</span> 
     </span>
     <span class='ocr_line' id='line_1_130' title="bbox 964 2410 1835 2459; baseline 0.015 -18"><span class='ocrx_word' id='word_1_984' title='bbox 964 2410 1027 2449; x_wconf 86' lang='lat' dir='ltr'>est,</span> <span class='ocrx_word' id='word_1_985' title='bbox 1042 2410 1063 2442; x_wconf 87' lang='lat' dir='ltr'>ss</span> <span class='ocrx_word' id='word_1_986' title='bbox 1081 2411 1178 2444; x_wconf 89' lang='lat' dir='ltr'>soluta</span> <span class='ocrx_word' id='word_1_987' title='bbox 1196 2414 1345 2445; x_wconf 91' lang='lat' dir='ltr'>creditori</span> <span class='ocrx_word' id='word_1_988' title='bbox 1362 2414 1422 2446; x_wconf 89' lang='lat' dir='ltr'>erit</span> <span class='ocrx_word' id='word_1_989' title='bbox 1437 2416 1571 2456; x_wconf 75' lang='lat' dir='ltr'>pecunia</span> <span class='ocrx_word' id='word_1_990' title='bbox 1591 2418 1715 2459; x_wconf 85' lang='lat' dir='ltr'>debita,</span> <span class='ocrx_word' id='word_1_991' title='bbox 1732 2429 1786 2458; x_wconf 73' lang='lat' dir='ltr'>aut</span> <span class='ocrx_word' id='word_1_992' title='bbox 1801 2421 1835 2455; x_wconf 80' lang='lat' dir='ltr'>ei</span> 
     </span>
     <span class='ocr_line' id='line_1_131' title="bbox 963 2452 1840 2497; baseline 0.016 -14"><span class='ocrx_word' id='word_1_993' title='bbox 963 2461 1022 2492; x_wconf 88' lang='lat' dir='ltr'>pro</span> <span class='ocrx_word' id='word_1_994' title='bbox 1033 2452 1083 2483; x_wconf 87' lang='lat' dir='ltr'>illa</span> <span class='ocrx_word' id='word_1_995' title='bbox 1093 2453 1153 2484; x_wconf 93' lang='lat' dir='ltr'>erit</span> <span class='ocrx_word' id='word_1_996' title='bbox 1163 2453 1363 2487; x_wconf 79' lang='lat' dir='ltr'>satisfactum.</span> <span class='ocrx_word' id='word_1_997' title='bbox 1372 2454 1467 2489; x_wconf 90' lang='lat' dir='ltr'>Hanc</span> <span class='ocrx_word' id='word_1_998' title='bbox 1475 2458 1598 2492; x_wconf 77' lang='lat' dir='ltr'>causam</span> <span class='ocrx_word' id='word_1_999' title='bbox 1614 2458 1644 2492; x_wconf 91' lang='lat' dir='ltr'>in</span> <span class='ocrx_word' id='word_1_1000' title='bbox 1654 2459 1713 2494; x_wconf 86' lang='lat' dir='ltr'>Edi</span> <span class='ocrx_word' id='word_1_1001' title='bbox 1718 2461 1767 2494; x_wconf 76' lang='lat' dir='ltr'>Cto</span> <span class='ocrx_word' id='word_1_1002' title='bbox 1777 2473 1840 2497; x_wconf 84' lang='lat' dir='ltr'>ex-</span> 
     </span>
     <span class='ocr_line' id='line_1_132' title="bbox 963 2492 1836 2546; baseline 0.017 -24"><span class='ocrx_word' id='word_1_1003' title='bbox 963 2492 1056 2532; x_wconf 84' lang='lat' dir='ltr'>prefli</span> <span class='ocrx_word' id='word_1_1004' title='bbox 1065 2492 1153 2531; x_wconf 88' lang='lat' dir='ltr'>supra</span> <span class='ocrx_word' id='word_1_1005' title='bbox 1164 2504 1169 2523; x_wconf 74' lang='grc' dir='ltr'><strong><em>τ</em></strong></span> <span class='ocrx_word' id='word_1_1006' title='bbox 1180 2495 1209 2527; x_wconf 89' lang='lat'>&amp;</span> <span class='ocrx_word' id='word_1_1007' title='bbox 1224 2495 1320 2528; x_wconf 68' lang='lat' dir='ltr'>recte.</span> <span class='ocrx_word' id='word_1_1008' title='bbox 1332 2505 1404 2529; x_wconf 90' lang='lat' dir='ltr'>cum</span> <span class='ocrx_word' id='word_1_1009' title='bbox 1423 2498 1507 2531; x_wconf 87' lang='lat' dir='ltr'>enim</span> <span class='ocrx_word' id='word_1_1010' title='bbox 1527 2499 1667 2542; x_wconf 87' lang='lat' dir='ltr'>pignoris</span> <span class='ocrx_word' id='word_1_1011' title='bbox 1678 2499 1836 2546; x_wconf 84' lang='lat' dir='ltr'>obligatio</span> 
     </span>
     <span class='ocr_line' id='line_1_133' title="bbox 963 2533 1835 2583; baseline 0.017 -19"><span class='ocrx_word' id='word_1_1012' title='bbox 963 2533 1019 2565; x_wconf 91' lang='lat' dir='ltr'>fiat</span> <span class='ocrx_word' id='word_1_1013' title='bbox 1035 2534 1069 2565; x_wconf 89' lang='lat' dir='ltr'>in</span> <span class='ocrx_word' id='word_1_1014' title='bbox 1093 2534 1291 2569; x_wconf 89' lang='lat' dir='ltr'>securitatem</span> <span class='ocrx_word' id='word_1_1015' title='bbox 1315 2538 1435 2572; x_wconf 86' lang='lat' dir='ltr'>debiti:</span> <span class='ocrx_word' id='word_1_1016' title='bbox 1455 2540 1536 2581; x_wconf 88' lang='lat' dir='ltr'>justa</span> <span class='ocrx_word' id='word_1_1017' title='bbox 1553 2542 1598 2574; x_wconf 86' lang='lat' dir='ltr'>est</span> <span class='ocrx_word' id='word_1_1018' title='bbox 1612 2542 1675 2583; x_wconf 80' lang='lat' dir='ltr'>ejus</span> <span class='ocrx_word' id='word_1_1019' title='bbox 1692 2544 1835 2583; x_wconf 76' lang='lat' dir='ltr'>vindica-</span> 
     </span>
     <span class='ocr_line' id='line_1_134' title="bbox 963 2574 1835 2624; baseline 0.018 -20"><span class='ocrx_word' id='word_1_1020' title='bbox 963 2574 1029 2613; x_wconf 89' lang='lat' dir='ltr'>tio,</span> <span class='ocrx_word' id='word_1_1021' title='bbox 1052 2576 1203 2617; x_wconf 88' lang='lat' dir='ltr'>quamdiu</span> <span class='ocrx_word' id='word_1_1022' title='bbox 1221 2577 1387 2611; x_wconf 80' lang='lat' dir='ltr'>neceffaria</span> <span class='ocrx_word' id='word_1_1023' title='bbox 1403 2580 1554 2621; x_wconf 88' lang='lat' dir='ltr'>creditori</span> <span class='ocrx_word' id='word_1_1024' title='bbox 1575 2592 1634 2624; x_wconf 89' lang='lat' dir='ltr'>pro</span> <span class='ocrx_word' id='word_1_1025' title='bbox 1657 2585 1770 2619; x_wconf 86' lang='lat' dir='ltr'>debito</span> <span class='ocrx_word' id='word_1_1026' title='bbox 1787 2587 1835 2620; x_wconf 78' lang='lat' dir='ltr'>est</span> 
     </span>
     <span class='ocr_line' id='line_1_135' title="bbox 961 2615 1835 2668; baseline 0.016 -22"><span class='ocrx_word' id='word_1_1027' title='bbox 961 2615 1119 2648; x_wconf 86' lang='lat' dir='ltr'>securitas.</span> <span class='ocrx_word' id='word_1_1028' title='bbox 1136 2624 1168 2649; x_wconf 89' lang='lat' dir='ltr'>at</span> <span class='ocrx_word' id='word_1_1029' title='bbox 1180 2617 1249 2650; x_wconf 84' lang='lat' dir='ltr'>haec</span> <span class='ocrx_word' id='word_1_1030' title='bbox 1258 2620 1429 2660; x_wconf 90' lang='lat' dir='ltr'>creditori,</span> <span class='ocrx_word' id='word_1_1031' title='bbox 1443 2620 1526 2655; x_wconf 75' lang='lat' dir='ltr'>facta</span> <span class='ocrx_word' id='word_1_1032' title='bbox 1542 2623 1640 2657; x_wconf 88' lang='lat' dir='ltr'>debiti</span> <span class='ocrx_word' id='word_1_1033' title='bbox 1652 2625 1835 2668; x_wconf 85' lang='lat' dir='ltr'>solutione,</span> 
     </span>
     <span class='ocr_line' id='line_1_136' title="bbox 961 2655 1833 2710; baseline 0.016 -23"><span class='ocrx_word' id='word_1_1034' title='bbox 961 2663 1015 2688; x_wconf 87' lang='lat' dir='ltr'>aut</span> <span class='ocrx_word' id='word_1_1035' title='bbox 1030 2655 1243 2692; x_wconf 67' lang='lat' dir='ltr'>satisfactione</span> <span class='ocrx_word' id='word_1_1036' title='bbox 1259 2669 1374 2700; x_wconf 83' lang='lat' dir='ltr'>proeo</span> <span class='ocrx_word' id='word_1_1037' title='bbox 1391 2662 1427 2694; x_wconf 83' lang='lat' dir='ltr'>fit</span> <span class='ocrx_word' id='word_1_1038' title='bbox 1445 2663 1648 2704; x_wconf 85' lang='lat' dir='ltr'>supervacua.</span> <span class='ocrx_word' id='word_1_1039' title='bbox 1663 2669 1722 2700; x_wconf 89' lang='lat' dir='ltr'>erit</span> <span class='ocrx_word' id='word_1_1040' title='bbox 1737 2670 1833 2710; x_wconf 83' lang='lat' dir='ltr'>igitur</span> 
     </span>
     <span class='ocr_line' id='line_1_137' title="bbox 963 2697 1833 2746; baseline 0.015 -18"><span class='ocrx_word' id='word_1_1041' title='bbox 963 2697 991 2729; x_wconf 91' lang='lat' dir='ltr'>ei</span> <span class='ocrx_word' id='word_1_1042' title='bbox 1012 2697 1055 2730; x_wconf 86' lang='lat' dir='ltr'>fic</span> <span class='ocrx_word' id='word_1_1043' title='bbox 1083 2708 1213 2742; x_wconf 89' lang='lat' dir='ltr'>quoque</span> <span class='ocrx_word' id='word_1_1044' title='bbox 1239 2701 1433 2743; x_wconf 86' lang='lat' dir='ltr'>supervacua</span> <span class='ocrx_word' id='word_1_1045' title='bbox 1464 2706 1528 2746; x_wconf 85' lang='lat' dir='ltr'>ejus</span> <span class='ocrx_word' id='word_1_1046' title='bbox 1553 2708 1737 2740; x_wconf 73' lang='lat' dir='ltr'>vindicatio,</span> <span class='ocrx_word' id='word_1_1047' title='bbox 1769 2718 1833 2742; x_wconf 84' lang='lat' dir='ltr'>nec</span> 
     </span>
     <span class='ocr_line' id='line_1_138' title="bbox 962 2739 1832 2784; baseline 0.015 -13"><span class='ocrx_word' id='word_1_1048' title='bbox 962 2739 1045 2771; x_wconf 82' lang='lat' dir='ltr'>male</span> <span class='ocrx_word' id='word_1_1049' title='bbox 1064 2739 1184 2773; x_wconf 85' lang='lat' dir='ltr'>Praetor</span> <span class='ocrx_word' id='word_1_1050' title='bbox 1200 2751 1269 2774; x_wconf 87' lang='lat' dir='ltr'>eam</span> <span class='ocrx_word' id='word_1_1051' title='bbox 1289 2742 1321 2776; x_wconf 91' lang='lat' dir='ltr'>se</span> <span class='ocrx_word' id='word_1_1052' title='bbox 1337 2752 1404 2782; x_wconf 87' lang='lat' dir='ltr'>tum</span> <span class='ocrx_word' id='word_1_1053' title='bbox 1423 2746 1578 2780; x_wconf 75' lang='lat' dir='ltr'>creditori</span> <span class='ocrx_word' id='word_1_1054' title='bbox 1604 2759 1667 2781; x_wconf 90' lang='lat' dir='ltr'>non</span> <span class='ocrx_word' id='word_1_1055' title='bbox 1684 2750 1832 2784; x_wconf 84' lang='lat' dir='ltr'>daturum</span> 
     </span>
     <span class='ocr_line' id='line_1_139' title="bbox 964 2780 1833 2822; baseline 0.014 -12"><span class='ocrx_word' id='word_1_1056' title='bbox 964 2780 1144 2820; x_wconf 87' lang='lat' dir='ltr'>profitetur.</span> <span class='ocrx_word' id='word_1_1057' title='bbox 1169 2782 1234 2818; x_wconf 81' lang='lat' dir='ltr'>imo</span> <span class='ocrx_word' id='word_1_1058' title='bbox 1249 2785 1337 2817; x_wconf 74' lang='lat' dir='ltr'>recte</span> <span class='ocrx_word' id='word_1_1059' title='bbox 1347 2787 1430 2819; x_wconf 76' lang='lat' dir='ltr'>inter</span> <span class='ocrx_word' id='word_1_1060' title='bbox 1444 2787 1624 2822; x_wconf 89' lang='lat' dir='ltr'>debitorem</span> <span class='ocrx_word' id='word_1_1061' title='bbox 1645 2789 1671 2820; x_wconf 74' lang='lat' dir='ltr'>dt</span> <span class='ocrx_word' id='word_1_1062' title='bbox 1690 2790 1833 2822; x_wconf 86' lang='lat' dir='ltr'>credito-</span> 
     </span>
     <span class='ocr_line' id='line_1_140' title="bbox 965 2822 1832 2870; baseline 0.015 -19"><span class='ocrx_word' id='word_1_1063' title='bbox 965 2830 1032 2852; x_wconf 89' lang='lat' dir='ltr'>rem</span> <span class='ocrx_word' id='word_1_1064' title='bbox 1051 2822 1221 2867; x_wconf 80' lang='lat' dir='ltr'>pollicetur</span> <span class='ocrx_word' id='word_1_1065' title='bbox 1247 2825 1403 2861; x_wconf 67' lang='lat' dir='ltr'>achonem</span> <span class='ocrx_word' id='word_1_1066' title='bbox 1419 2828 1650 2870; x_wconf 86' lang='lat' dir='ltr'>pigneratitiam</span> <span class='ocrx_word' id='word_1_1067' title='bbox 1677 2831 1832 2864; x_wconf 77' lang='lat' dir='ltr'>directam</span> 
     </span>
     <span class='ocr_line' id='line_1_141' title="bbox 966 2862 1829 2912; baseline 0.014 -20"><span class='ocrx_word' id='word_1_1068' title='bbox 966 2862 1225 2906; x_wconf 35' lang='lat' dir='ltr'>Gt&#39;contrariam:</span> <span class='ocrx_word' id='word_1_1069' title='bbox 1242 2866 1272 2899; x_wconf 90' lang='lat'>&amp;</span> <span class='ocrx_word' id='word_1_1070' title='bbox 1289 2869 1416 2908; x_wconf 89' lang='lat' dir='ltr'>quidem</span> <span class='ocrx_word' id='word_1_1071' title='bbox 1434 2870 1565 2911; x_wconf 83' lang='lat' dir='ltr'>proprio</span> <span class='ocrx_word' id='word_1_1072' title='bbox 1575 2870 1686 2901; x_wconf 74' lang='lat' dir='ltr'>Edicto</span> <span class='ocrx_word' id='word_1_1073' title='bbox 1704 2872 1744 2903; x_wconf 93' lang='lat' dir='ltr'>de</span> <span class='ocrx_word' id='word_1_1074' title='bbox 1760 2881 1829 2912; x_wconf 82' lang='lat' dir='ltr'>quo</span> 
     </span>
     <span class='ocr_line' id='line_1_142' title="bbox 965 2905 1832 2953; baseline 0.016 -21"><span class='ocrx_word' id='word_1_1075' title='bbox 965 2912 1013 2944; x_wconf 86' lang='lat' dir='ltr'>egi</span> <span class='ocrx_word' id='word_1_1076' title='bbox 1029 2905 1076 2935; x_wconf 80' lang='lat' dir='ltr'>tit.</span> <span class='ocrx_word' id='word_1_1077' title='bbox 1093 2905 1147 2937; x_wconf 75' lang='lat' dir='ltr'>ult.</span> <span class='ocrx_word' id='word_1_1078' title='bbox 1168 2906 1217 2939; x_wconf 82' lang='lat' dir='ltr'>lib.</span> <span class='ocrx_word' id='word_1_1079' title='bbox 1235 2917 1328 2948; x_wconf 18' lang='lat' dir='ltr'>x111V.</span> <span class='ocrx_word' id='word_1_1080' title='bbox 1346 2911 1478 2949; x_wconf 86' lang='lat' dir='ltr'>addam,</span> <span class='ocrx_word' id='word_1_1081' title='bbox 1494 2910 1630 2952; x_wconf 89' lang='lat' dir='ltr'>quodibi</span> <span class='ocrx_word' id='word_1_1082' title='bbox 1647 2913 1742 2943; x_wconf 84' lang='lat' dir='ltr'>etiam</span> <span class='ocrx_word' id='word_1_1083' title='bbox 1759 2922 1832 2953; x_wconf 61' lang='lat' dir='ltr'>quas</span> 
     </span>
     <span class='ocr_line' id='line_1_143' title="bbox 964 2943 1830 2996; baseline 0.017 -23"><span class='ocrx_word' id='word_1_1084' title='bbox 964 2944 1004 2974; x_wconf 89' lang='lat' dir='ltr'>de</span> <span class='ocrx_word' id='word_1_1085' title='bbox 1022 2943 1178 2979; x_wconf 89' lang='lat' dir='ltr'>solutione</span> <span class='ocrx_word' id='word_1_1086' title='bbox 1195 2947 1225 2981; x_wconf 73' lang='grc' dir='ltr'>ἀ</span> <span class='ocrx_word' id='word_1_1087' title='bbox 1239 2949 1449 2985; x_wconf 62' lang='lat' dir='ltr'>satisfactione</span> <span class='ocrx_word' id='word_1_1088' title='bbox 1467 2953 1520 2983; x_wconf 88' lang='lat' dir='ltr'>hic</span> <span class='ocrx_word' id='word_1_1089' title='bbox 1538 2950 1654 2983; x_wconf 85' lang='lat' dir='ltr'>adferri</span> <span class='ocrx_word' id='word_1_1090' title='bbox 1672 2961 1830 2996; x_wconf 73' lang='lat' dir='ltr'>potuere,</span> 
     </span>
     <span class='ocr_line' id='line_1_144' title="bbox 962 2984 1303 3023; baseline 0.023 -8"><span class='ocrx_word' id='word_1_1091' title='bbox 962 2984 1054 3017; x_wconf 86' lang='lat' dir='ltr'>latius</span> <span class='ocrx_word' id='word_1_1092' title='bbox 1073 2996 1229 3022; x_wconf 87' lang='lat' dir='ltr'>executus</span> <span class='ocrx_word' id='word_1_1093' title='bbox 1247 2990 1303 3023; x_wconf 85' lang='lat' dir='ltr'>fui.</span> 
     </span>
    </p>

    <p class='ocr_par' dir='ltr' id='par_1_11' title="bbox 964 3026 1835 3202">
     <span class='ocr_line' id='line_1_145' title="bbox 1002 3026 1833 3079; baseline 0.016 -20"><span class='ocrx_word' id='word_1_1094' title='bbox 1002 3026 1167 3072; x_wconf 71' lang='lat' dir='ltr'>Postremo</span> <span class='ocrx_word' id='word_1_1095' title='bbox 1183 3032 1345 3066; x_wconf 86' lang='lat' dir='ltr'>inhibetur</span> <span class='ocrx_word' id='word_1_1096' title='bbox 1368 3043 1384 3065; x_wconf 88' lang='lat' dir='ltr'>a</span> <span class='ocrx_word' id='word_1_1097' title='bbox 1405 3033 1546 3067; x_wconf 81' lang='lat' dir='ltr'>Praetore</span> <span class='ocrx_word' id='word_1_1098' title='bbox 1570 3032 1655 3079; x_wconf 67' lang='lat' dir='ltr'>affio¹</span> <span class='ocrx_word' id='word_1_1099' title='bbox 1669 3032 1833 3077; x_wconf 75' lang='lat' dir='ltr'>hypothe-</span> 
     </span>
     <span class='ocr_line' id='line_1_146' title="bbox 966 3070 1833 3113; baseline 0.017 -15"><span class='ocrx_word' id='word_1_1100' title='bbox 966 3076 1066 3108; x_wconf 82' lang='lat' dir='ltr'>car1a3</span> <span class='ocrx_word' id='word_1_1101' title='bbox 1089 3070 1108 3102; x_wconf 82' lang='lat' dir='ltr'>si</span> <span class='ocrx_word' id='word_1_1102' title='bbox 1126 3080 1184 3111; x_wconf 88' lang='lat' dir='ltr'>per</span> <span class='ocrx_word' id='word_1_1103' title='bbox 1207 3075 1400 3107; x_wconf 91' lang='lat' dir='ltr'>creditorem</span> <span class='ocrx_word' id='word_1_1104' title='bbox 1424 3072 1504 3112; x_wconf 87' lang='lat' dir='ltr'>stet,</span> <span class='ocrx_word' id='word_1_1105' title='bbox 1528 3081 1591 3113; x_wconf 89' lang='lat' dir='ltr'>quo</span> <span class='ocrx_word' id='word_1_1106' title='bbox 1615 3085 1716 3109; x_wconf 84' lang='lat' dir='ltr'>minus</span> <span class='ocrx_word' id='word_1_1107' title='bbox 1733 3078 1760 3110; x_wconf 90' lang='lat' dir='ltr'>ei</span> <span class='ocrx_word' id='word_1_1108' title='bbox 1777 3081 1833 3113; x_wconf 82' lang='lat' dir='ltr'>de-</span> 
     </span>
     <span class='ocr_line' id='line_1_147' title="bbox 965 3108 1835 3155; baseline 0.018 -16"><span class='ocrx_word' id='word_1_1109' title='bbox 965 3108 1066 3142; x_wconf 90' lang='lat' dir='ltr'>bitum</span> <span class='ocrx_word' id='word_1_1110' title='bbox 1082 3112 1240 3154; x_wconf 83' lang='lat' dir='ltr'>solvatur,</span> <span class='ocrx_word' id='word_1_1111' title='bbox 1258 3123 1312 3146; x_wconf 87' lang='lat' dir='ltr'>aut</span> <span class='ocrx_word' id='word_1_1112' title='bbox 1326 3124 1385 3155; x_wconf 87' lang='lat' dir='ltr'>pro</span> <span class='ocrx_word' id='word_1_1113' title='bbox 1404 3123 1444 3145; x_wconf 87' lang='lat' dir='ltr'>eo</span> <span class='ocrx_word' id='word_1_1114' title='bbox 1461 3113 1597 3147; x_wconf 86' lang='lat' dir='ltr'>satisfiat.</span> <span class='ocrx_word' id='word_1_1115' title='bbox 1615 3114 1702 3149; x_wconf 86' lang='lat' dir='ltr'>hunc</span> <span class='ocrx_word' id='word_1_1116' title='bbox 1720 3120 1835 3155; x_wconf 70' lang='lat' dir='ltr'>articu-²</span> 
     </span>
     <span class='ocr_line' id='line_1_148' title="bbox 964 3150 1834 3202; baseline 0.016 -20"><span class='ocrx_word' id='word_1_1117' title='bbox 964 3150 1027 3182; x_wconf 88' lang='lat' dir='ltr'>lum</span> <span class='ocrx_word' id='word_1_1118' title='bbox 1042 3151 1072 3183; x_wconf 88' lang='lat' dir='ltr'>in</span> <span class='ocrx_word' id='word_1_1119' title='bbox 1088 3152 1191 3187; x_wconf 64' lang='lat' dir='ltr'>Edisti</span> <span class='ocrx_word' id='word_1_1120' title='bbox 1207 3155 1310 3189; x_wconf 86' lang='lat' dir='ltr'>forma</span> <span class='ocrx_word' id='word_1_1121' title='bbox 1333 3155 1422 3195; x_wconf 88' lang='lat' dir='ltr'>attigi</span> <span class='ocrx_word' id='word_1_1122' title='bbox 1451 3164 1492 3187; x_wconf 88' lang='lat' dir='ltr'>ex</span> <span class='ocrx_word' id='word_1_1123' title='bbox 1513 3156 1533 3187; x_wconf 84' lang='grc'>1.</span> <span class='ocrx_word' id='word_1_1124' title='bbox 1563 3165 1609 3193; x_wconf 88' lang='lat'>19.</span> <span class='ocrx_word' id='word_1_1125' title='bbox 1627 3155 1661 3190; x_wconf 88' lang='lat' dir='ltr'>C.</span> <span class='ocrx_word' id='word_1_1126' title='bbox 1679 3161 1713 3191; x_wconf 87' lang='lat' dir='ltr'>de</span> <span class='ocrx_word' id='word_1_1127' title='bbox 1726 3164 1834 3202; x_wconf 77' lang='lat' dir='ltr'>usuris.</span> 
     </span>
    </p>
   </div>
   <div class='ocr_carea' id='block_1_8' title="bbox 954 3191 1831 3320">
    <p class='ocr_par' dir='ltr' id='par_1_12' title="bbox 954 3191 1831 3320">
     <span class='ocr_line' id='line_1_149' title="bbox 964 3191 1831 3238; baseline 0.017 -15"><span class='ocrx_word' id='word_1_1128' title='bbox 964 3191 993 3224; x_wconf 68' lang='grc' dir='ltr'>δι</span> <span class='ocrx_word' id='word_1_1129' title='bbox 1008 3193 1150 3233; x_wconf 85' lang='lat' dir='ltr'>pluribus</span> <span class='ocrx_word' id='word_1_1130' title='bbox 1166 3197 1232 3233; x_wconf 85' lang='lat' dir='ltr'>sum</span> <span class='ocrx_word' id='word_1_1131' title='bbox 1246 3198 1473 3237; x_wconf 72' lang='lat' dir='ltr'>interpretatus</span> <span class='ocrx_word' id='word_1_1132' title='bbox 1487 3197 1517 3234; x_wconf 76' lang='lat' dir='ltr'>d.</span> <span class='ocrx_word' id='word_1_1133' title='bbox 1531 3198 1579 3233; x_wconf 77' lang='lat' dir='ltr'>tit.</span> <span class='ocrx_word' id='word_1_1134' title='bbox 1597 3199 1653 3234; x_wconf 72' lang='lat' dir='ltr'>ult.</span> <span class='ocrx_word' id='word_1_1135' title='bbox 1669 3201 1719 3234; x_wconf 76' lang='lat' dir='ltr'>lit».</span> <span class='ocrx_word' id='word_1_1136' title='bbox 1735 3212 1831 3238; x_wconf 81' lang='lat' dir='ltr'>xm.</span> 
     </span>
     <span class='ocr_line' id='line_1_150' title="bbox 954 3237 1829 3320; baseline 0.013 -51"><span class='ocrx_word' id='word_1_1137' title='bbox 954 3239 988 3276; x_wconf 80' lang='lat' dir='ltr'>p·</span> <span class='ocrx_word' id='word_1_1138' title='bbox 1004 3244 1076 3277; x_wconf 75' lang='lat'>252.</span> <span class='ocrx_word' id='word_1_1139' title='bbox 1093 3237 1144 3271; x_wconf 79' lang='lat' dir='ltr'>col.</span> <span class='ocrx_word' id='word_1_1140' title='bbox 1161 3247 1189 3271; x_wconf 80' lang='grc' dir='ltr'>ι.</span> <span class='ocrx_word' id='word_1_1141' title='bbox 1662 3283 1829 3320; x_wconf 63' lang='lat' dir='ltr'><em>LIBER</em></span> 
     </span>
    </p>
   </div>
  </div>
 </body>
</html>
