2036 3495
350 122 415 160 An
449 122 538 158 Ltn.
570 121 666 158 VIII.
701 122 804 158 Tir.
832 123 890 157 Ill.
925 124 975 159 De
981 123 1188 175 stivitzitibus
1201 126 1386 173 praed1'orum
1404 127 1594 175 rusticormn.

78 221 138 257 cap.
153 225 181 256 ‘3.
198 214 226 256 ἓ.
245 224 268 246 1.
307 213 374 253 Ego
398 213 460 244 hoc
483 214 552 252 plus
577 213 709 257 addam,
734 211 818 243 idem
838 212 866 244 in
884 213 903 243 l.
918 223 947 252 4.

75 258 103 300 §.
117 249 204 288 ofl).
222 257 254 287 Si
267 256 362 292 [ervit.
378 255 487 285 vindic.
506 252 667 296 fignifieari
685 253 732 284 his
743 253 866 294 Ulpiani
879 264 945 285 ver·

78 302 142 331 bis:
168 299 221 328 Sea
233 297 269 331 ὃ)
284 300 316 327 (ie
333 294 437 334 hausta
448 319 457 334 ,
479 298 547 336 quia
556 296 686 334 servitus
702 291 741 334 est
752 317 761 333 ,
784 301 946 341 competunt

76 342 156 371 uobis
174 340 204 370 in
220 348 278 369 rem
294 337 427 369 ustiones.
463 336 578 368 sensus:
601 334 635 366 In
649 345 716 367 rem
734 336 874 381 affiones
890 344 945 368 ett-

75 391 125 413 am
144 382 184 412 de
199 389 286 418 aquae
310 377 418 409 haustu
434 387 518 408 nunc
536 386 740 415 competere:
763 386 837 417 quia
855 385 888 409 ut
911 388 943 409 o-

76 423 129 455 lim
142 421 355 456 dubitaretur,
372 428 409 450 an
427 428 514 458 aquae
532 418 656 449 haustus
668 418 745 449 cffet
762 420 870 459 praedii
885 419 943 450 scr-

75 465 175 495 vitus:
200 470 302 493 tamen
314 460 417 491 hodie
435 460 539 500 praedii
561 458 693 490 servitus
712 460 861 491 habetur:
885 470 944 500 pro

75 514 175 544 eaque
188 501 371 535 vindicanda
386 502 416 532 in
431 510 496 533 rem
513 500 653 532 actiones
669 510 761 533 certo
776 504 844 542 jure
858 511 943 537 com-

73 552 200 587 petunt.

116 589 257 621 Tantum
274 587 313 619 de
324 587 426 627 primo
438 585 565 626 Ulpiani
581 587 732 628 exemplo
749 588 779 619 in
795 588 814 621 l.
828 597 853 619 1.
870 588 899 630 §.
917 597 943 619 1.

74 633 102 663 b.
123 637 143 663 t.
168 630 265 673 Quod
282 628 413 659 alterum
424 629 439 660 ἱ)
458 629 585 667 pecoris
597 629 634 660 ad
650 638 761 669 aquam
777 630 943 675 appulsus:

72 672 117 704 cst
137 672 166 703 &
184 670 329 707 tertium,
350 672 397 709 jus
417 669 574 709 pascendi.
598 677 693 709 atque
717 678 885 711 utrumque
902 678 944 701 ait

72 715 104 746 in
122 712 243 744 rusticis
258 711 511 751 computandum
533 710 616 749 effe,
641 712 717 742 lieet
741 711 831 743 initio
845 711 944 742 fuerit

70 756 170 786 aliter.
194 753 225 784 id
243 761 284 782 eo
305 753 426 784 verius:
452 753 527 792 quia
544 753 609 784 illas
628 753 755 784 rusticas
773 752 834 784 esse
851 752 942 783 servi-

70 803 174 832 tutes,
189 794 313 825 etiama
333 794 429 825 Paulo
447 795 595 825 traditum
606 794 625 825 l.
642 798 671 826 6.
692 794 719 835 §.
734 803 757 826 ι,
776 795 802 825 b.
818 800 839 825 t.
863 793 941 838 Non

67 839 170 870 minus
182 835 245 867 hoc
262 835 397 874 probati
419 845 448 875 3.
460 834 632 875 Ulpianus:
649 836 701 866 sed
718 835 786 867 usus
802 834 941 867 testimo-

68 879 123 910 nio
139 876 279 908 Neratii:
302 885 367 915 quo
386 886 449 907 non
476 876 552 907 ell'et
574 886 674 917 opus,
700 876 806 916 ssjuris
824 877 940 917 regulis

68 920 248 951 deberetur.
299 917 404 950 Verba
428 916 555 958 Ulpiani
581 917 668 949 sunt:
693 917 816 956 Itemstc
827 917 940 958 poffzmt

57 962 218 1002 servitutes
232 960 356 999 imponi,
370 959 406 993 ὅ)
415 966 448 989 ut
464 961 545 990 boves
555 967 606 999 per
617 959 805 1000 quassandas
814 960 917 990 colitur
927 983 937 999 ‚

67 1004 99 1034 in
109 1003 204 1033 vicino
220 1010 289 1042 agro
303 1002 481 1041 paseantur,
497 1011 584 1041 quam
591 1002 765 1040 servitutem
770 1002 840 1041 poni
848 999 937 1046 poste,

68 1044 212 1076 Neratius
221 1042 268 1072 lili.
281 1052 308 1081 2.
327 1043 571 1074 M'embrrmorum
583 1043 691 1079 scribit.
717 1041 937 1082 Superioribus

67 1085 171 1116 adhuc
187 1084 298 1115 addam
317 1082 447 1123 sequens
457 1084 617 1124 Papiniani
635 1083 813 1123 responsum
825 1093 864 1115 ex
881 1083 936 1121 ta.

66 1126 96 1157 h.
116 1131 137 1156 t.
151 1125 265 1156 Pecoris
274 1125 409 1164 pascendi
419 1127 587 1163 servitutes,
604 1126 671 1157 item
685 1125 723 1155 ad
732 1135 837 1165 aquam
845 1125 936 1165 appel-

69 1167 166 1202 lendi,
192 1165 219 1204 fi
228 1166 460 1206 praediifraeius
476 1167 599 1197 maxime
622 1167 654 1197 in
672 1172 771 1206 pecore
784 1165 935 1211 confistat,

66 1209 170 1249 praedii
182 1208 291 1248 magis,
307 1212 520 1248 qaamperlona’
529 1208 655 1237 videtur.
679 1207 777 1238 Addit
795 1207 936 1248 Papinia-

67 1257 143 1282 nus:
159 1248 191 1280 Si
203 1256 297 1280 tamen
313 1246 429 1289 testator
441 1252 586 1288 personam
602 1245 772 1288 demonstrat
787 1251 834 1279 cui
845 1249 935 1286 servi·

70 1287 295 1330 tutempraestarz‘
302 1289 406 1327 voluit,
415 1290 533 1331 emptori
540 1289 587 1319 vec
597 1289 690 1319 heredi
698 1298 755 1320 non
763 1291 857 1320 eadem
862 1296 933 1330 prce-

62 1330 331 1373 stabiturservilas.
348 1329 402 1361 Est
420 1330 568 1370 igiturjus
585 1328 706 1370 pascui,
722 1330 800 1362 item
811 1333 937 1371 pecoris

65 1375 105 1404 ad
122 1381 233 1410 aquam
249 1370 394 1411 appulsus
409 1371 477 1409 jure
494 1371 721 1402 Pandeetamm
739 1370 870 1403 servitus
887 1382 936 1404 ru-

65 1413 132 1446 stici
145 1411 272 1454 praedii,
287 1411 307 1443 fi
325 1411 471 1443 dominus
488 1422 528 1443 eo
542 1413 609 1452 jure
628 1412 736 1452 praedii
754 1411 936 1445 suinomine

64 1462 179 1487 utatur.
197 1454 336 1494 alioquin
353 1452 503 1494 personae.
522 1453 574 1485 sed
592 1454 632 1485 de
648 1454 758 1486 hocin
776 1454 935 1496 sequenti-

66 1495 124 1528 bus
141 1496 238 1536 plura.

107 1540 270 1573 Postrema
280 1540 463 1573 rusticarum
473 1539 659 1573 servitutum
672 1541 820 1582 exempla
829 1541 858 1573 in
868 1542 896 1584 §.
908 1551 933 1573 1.

67 1582 97 1613 d.
112 1581 132 1612 l.
156 1590 180 1612 1.
195 1581 222 1612 h.
239 1586 260 1612 t.
284 1580 371 1618 sunt,
393 1582 459 1622 jura
475 1582 569 1614 calcis
586 1583 764 1621 coquendae
783 1583 812 1614 δ(
831 1592 934 1615 arenae

65 1622 239 1653 fodiendae.
258 1621 369 1654 Paulus
385 1623 404 1653 i.
421 1627 451 1654 6.
474 1622 502 1663 §.
522 1632 549 1655 1.
573 1624 659 1655 addit
673 1624 722 1664 jus
742 1624 851 1663 lapidis
868 1626 932 1657 exi·

65 1663 193 1703 mendi,
215 1661 389 1694 aedificandi
414 1664 478 1703 ejus
495 1665 594 1704 gratia
615 1665 704 1705 quod
721 1665 751 1697 in
769 1665 871 1698 fundo
888 1666 934 1699 fit.

64 1704 183 1737 Rursus
198 1705 241 1735 ait
259 1703 410 1745 Ulpianus
425 1705 444 1736 l.
461 1715 489 1746 3.
505 1705 534 1746 §.
553 1715 578 1737 1.
598 1713 632 1737 ut
648 1705 768 1738 fruetus
783 1708 814 1738 in
833 1707 935 1740 vicina

65 1746 142 1778 villa
157 1753 388 1785 exportentur,
406 1746 574 1786 coactique
590 1747 781 1786 habeantur,
795 1749 824 1780 ὅ(
841 1750 934 1789 peda-

66 1795 175 1819 menta
198 1787 235 1818 ad
261 1787 384 1818 vineam
400 1797 441 1819 ex
459 1787 552 1818 vieini
569 1790 688 1828 praedio
705 1789 863 1821 sumantur
877 1790 935 1822 ser-

70 1827 205 1859 vitutem
224 1828 370 1859 constitui
389 1828 487 1868 poffe.
504 1829 573 1868 plus
593 1830 634 1860 ait
650 1832 676 1860 a.
688 1831 745 1872 l.3.
763 1831 792 1872 §.
804 1841 831 1863 2.
847 1832 934 1872 posse

67 1877 100 1900 te
116 1870 243 1907 vicino,
260 1870 346 1909 cujus
364 1870 651 1910 lapidicinaefundo
664 1873 934 1913 tuoimmineant‚

66 1913 182 1942 cedere
194 1933 204 1949 ,
227 1911 254 1941 ei
268 1911 316 1951 jus
333 1910 394 1942 esse
405 1934 413 1950 ‚
429 1920 542 1943 terram
553 1935 561 1949 ,
577 1914 690 1951 rudus,
705 1912 791 1952 saxa,
812 1915 933 1954 jacere,

67 1952 98 1982 ἃ
117 1961 151 1982 ut
168 1953 197 1982 in
218 1960 275 1983 tuo
299 1952 417 1991 lapides
436 1954 686 1992 provolvantur,
710 1954 818 1995 ibique
841 1956 933 1996 positi

64 1992 258 2030 habeantur,
275 1994 414 2033 indeque
430 2003 651 2033 exportentur.
678 1995 860 2037 Insuperait
880 1997 933 2029 Ul-

64 2035 175 2074 pianus
191 2034 210 2064 l.
226 2045 256 2074 5.
274 2034 301 2075 §v
324 2043 347 2065 1.
376 2034 525 2066 constitui
552 2035 732 2068 servitutem
758 2047 853 2069 cretae
869 2039 933 2071 exi-

64 2076 206 2106 mendae:
225 2076 322 2107 veluti
338 2077 445 2116 (quod
461 2076 505 2107 est
522 2079 704 2117 exemplum
722 2078 842 2111 Paulid.
853 2081 872 2112 l.
882 2083 934 2122 6.)

63 2116 84 2148 fi
111 2117 180 2154 quis
205 2115 347 2156 figulinas
373 2117 504 2148 haberet
528 2118 557 2148 in
582 2120 695 2157 quibus
714 2120 781 2151 vasa
799 2120 931 2161 fierent,

64 2158 180 2197 quibus
204 2157 324 2190 fruetus
348 2158 412 2198 ejus
430 2158 518 2190 fundi
538 2168 799 2199 exportarentur:
823 2170 877 2194 aut
899 2173 933 2195 ut

63 2198 149 2229 dolia
166 2197 259 2237 fiant,
282 2199 332 2230 vel
353 2200 466 2240 tegulae
491 2199 574 2242 [vel]
598 2203 635 2232 ad
653 2203 757 2234 villam
775 2204 931 2237 aedifican-

65 2241 137 2271 dam
157 2239 174 2270 l.
194 2244 222 2271 6.
241 2240 266 2271 b.
284 2246 304 2271 t.
339 2239 412 2272 Non
432 2248 535 2272 tamen
557 2244 624 2273 liaee
642 2245 794 2276 concedit
813 2246 843 2277 in
861 2247 931 2278 infi-

61 2282 183 2312 nitum:
206 2280 257 2312 sed
274 2282 455 2318 dumtaxat,
481 2291 633 2323 quatenus
649 2285 686 2316 ad
710 2296 781 2317 eum
797 2286 931 2321 fundum

61 2331 141 2361 opus
157 2322 192 2353 lit
209 2323 235 2353 cl.
253 2322 270 2353 i.
290 2333 318 2363 5.
337 2323 363 2364 Β.
386 2332 408 2354 ι.
434 2322 614 2356 Veriffime:
632 2325 650 2356 fi
667 2326 758 2358 aliter
773 2337 836 2360 non
854 2338 931 2361 con·

60 2365 197 2395 venerit.
243 2363 330 2406 Quid
346 2364 367 2396 fi
384 2364 446 2396 hoc
465 2365 525 2398 sit?
548 2365 614 2405 Jam
639 2368 734 2398 video
752 2371 867 2401 metui:
890 2381 930 2403 ne

60 2405 157 2445 magis
167 2403 376 2444 ususfructus,
393 2416 485 2446 quarn
497 2407 603 2447 praedii
618 2408 766 2447 servitus,
783 2410 839 2450 fit;
855 2421 931 2452 prae-

61 2455 175 2485 eunte,
194 2455 227 2477 ut
242 2446 400 2486 creditur,
419 2447 516 2479 Paulo
530 2450 560 2480 in
577 2451 604 2480 d.
620 2450 639 2480 i.
656 2454 686 2481 6.
716 2450 779 2483 Etsi
798 2462 861 2484 non
880 2455 931 2485 de-

59 2488 283 2528 suntquoque:
300 2490 353 2528 qui
372 2497 492 2520 tautum
509 2490 703 2530 personalem
716 2492 773 2523 hac
785 2494 814 2524 in
827 2493 930 2534 specie

62 2527 289 2567 obligationem
307 2529 388 2569 ess'e,
400 2530 590 2563 existiment.
617 2532 733 2564 Verum
750 2544 811 2575 ego
826 2537 929 2568 calcu·

59 2568 124 2599 lum
142 2578 244 2600 meum
261 2580 320 2601 nec
335 2571 402 2609 his,
422 2582 481 2604 nec
493 2573 570 2610 illis,
587 2574 862 2615 adjeciumquam:
880 2587 925 2609 ar-

65 2609 210 2648 bitratus,
223 2609 350 2642 Paulum
362 2621 446 2644 certa
457 2615 500 2645 uti
512 2614 731 2648 distinCtione:
749 2619 927 2659 utrumJura

61 2651 113 2681 illa
131 2659 148 2680 a
167 2650 295 2695 persona
314 2655 526 2692 percipiantur
542 2657 627 2695 ejus,
650 2667 686 2688 an
703 2659 831 2697 praedii,
850 2669 923 2692 con·

60 2692 286 2731 templatione:
311 2694 340 2724 ἃ
358 2695 459 2732 priore
475 2696 542 2727 casu
567 2698 728 2738 perionae,
751 2700 927 2740 posteriore

59 2732 166 2772 praedii
177 2755 187 2770 ,
203 2732 382 2766 servitutem
393 2738 559 2776 appellare.
583 2738 654 2770 Nec
669 2748 774 2772 tamen
791 2742 927 2774 diffimu-

58 2774 142 2812 lem,
165 2774 240 2804 mihi
266 2775 395 2806 confusa
422 2777 450 2808 ὅ(
469 2779 650 2811 turbulenta
671 2791 822 2822 apparere
839 2783 927 2816 Pauli

58 2815 173 2853 verba,
186 2822 309 2846 mutato
326 2826 433 2847 <mrum
451 2820 561 2850 ordine
579 2822 617 2852 ab
637 2823 926 2864 Architeerisjuris:

59 2855 282 2888 definitionem
299 2858 326 2887 d.
344 2857 362 2888 l.
381 2868 411 2896 5.
429 2857 456 2899 §.
481 2868 505 2890 1.
530 2869 586 2900 per
609 2866 793 2904 exemplum
807 2867 926 2906 adjutu-

59 2898 101 2928 ris
120 2907 160 2928 ex
169 2898 197 2928 d.
216 2897 234 2928 l.
245 2901 274 2929 6.
301 2897 406 2939 Quid,
422 2903 442 2930 11
459 2908 609 2939 praeterea
626 2903 778 2945 suspicor,
797 2908 926 2939 Paulum

55 2946 128 2970 ante
144 2937 265 2970 versum
277 2963 285 2977 ‚
303 2940 385 2982 Quid
400 2950 483 2981 erga,
499 2941 529 2973 in
547 2942 575 2984 §.
595 2946 655 2975 1.d.
675 2946 731 2977 l.6.
749 2949 866 2988 aliquas
882 2957 925 2979 at-

57 2979 158 3021 tigiss‘e
175 2979 313 3019 species,
331 2990 394 3012 non
405 2983 443 3013 ad
460 2981 548 3014 fundi
566 2986 797 3027 neoefficaoem,
815 2991 865 3020 led
885 2991 924 3022 ad

55 3021 218 3062 augendos
241 3023 305 3061 ejus
322 3023 456 3061 reditus,
481 3024 726 3063 praestandamve
745 3039 837 3069 quam
856 3040 922 3070 per-

53 3062 137 3093 sonae
148 3064 433 3101 commoditatem,
450 3067 671 3105 pertinentes?
689 3068 790 3102 Mitto
808 3072 923 3103 verba:

54 3112 103 3135 res
114 3104 404 3146 loquitur,absque
421 3105 467 3137 his
483 3105 589 3145 soret,
607 3117 713 3148 parurn
725 3112 921 3144 eohaesurum

50 3153 124 3175 cum
134 3144 346 3185 superioribus
362 3148 450 3186 quod
467 3148 496 3178 in
514 3147 717 3189 sequentibus
734 3161 752 3182 a
769 3153 866 3185 Paulo
877 3154 915 3186 di·

47 3186 131 3216 citur
148 3187 187 3217 de
201 3186 270 3226 jure
281 3188 395 3229 tugurii
414 3189 444 3219 in
461 3189 564 3220 alieno
581 3190 727 3223 habendi.
750 3193 814 3225 hoc
830 3196 914 3227 enim

1799 143 1864 177 17¹

990 223 1084 254 quam
1101 215 1231 256 exigere
1248 216 1389 249 creditur
1409 217 1537 250 Paulus:
1553 225 1673 250 tantum
1692 217 1810 259 spectat
1826 219 1864 252 ad

988 255 1170 290 evitandam
1186 256 1265 288 aeris
1282 258 1444 297 injuriam3
1467 259 1578 299 idest,
1599 268 1719 291 tantum
1736 261 1774 290 ad
1793 269 1865 300 pro-

988 299 1156 328 curandam
1170 298 1309 338 personae
1325 301 1600 332 commoditatem.
1625 300 1701 332 Non
1718 301 1862 333 differam

988 344 1038 367 te:
1062 337 1092 368 id
1107 340 1156 369 vel
1176 339 1336 379 sequentia
1351 341 1523 374 ostendunt
1540 342 1690 374 Varronis
1710 344 1804 374 verba
1818 353 1859 375 ex

986 378 1034 408 lib.
1054 388 1079 408 2.
1099 378 1144 408 De
1159 390 1187 409 re
1196 378 1304 419 rustica
1313 391 1337 411 c.
1358 392 1402 421 17.
1419 382 1485 427 Qui
1499 389 1595 414 autem
1603 384 1679 424 sant
1692 383 1859 425 infelicibus

987 417 1207 460 &filwstrams
1217 421 1429 461 locispafcant,
1446 423 1482 457 ck?
1492 434 1547 455 non
1564 425 1635 456 vilia
1645 449 1654 464 ,
1668 425 1715 463 fied
1731 425 1802 463 casis
1816 435 1859 456 re·

981 463 1112 500 pentinos
1122 462 1223 492 imbres
1232 463 1340 493 vitant.
1353 462 1403 493 Sic
1419 464 1531 496 Varro.
1547 465 1642 498 etiam
1661 466 1792 498 Isidorus
1808 466 1858 499 lib..

989 510 1000 532 1
1028 525 1034 532 .
1053 502 1171 543 Origin.
1186 513 1209 533 c.
1223 512 1266 535 12.
1279 510 1310 543 p.
1328 512 1412 535 1202.
1434 505 1556 539 Verba:
1583 506 1746 548 Tragurium
1760 508 1860 548 casula

985 552 998 572 e
1033 566 1042 580 ,
1065 552 1152 583 quam
1161 543 1350 583 facz'zrritfibi
1364 544 1488 586 custodes
1506 548 1658 582 ‘vinearum
1680 551 1717 580 ad
1733 551 1855 589 tegimen

977 585 1048 624 sui,
1060 583 1140 625 quast
1157 585 1397 626 tegurizmz,five
1409 593 1526 628 propter
1544 590 1792 627 ardoremfhiis&
1807 601 1855 622 ra-

986 626 1044 656 dios
1053 626 1236 657 aeclinanctos
1246 650 1254 666 ‚
1265 626 1329 664 five
1338 635 1370 658 uz
1380 630 1445 659 inde
1453 630 1577 660 homines
1586 630 1631 660 vei
1640 630 1764 669 bestiolas
1774 655 1782 670 ,
1792 642 1855 673 qaae

987 665 1219 707 inficiiarisolerzt
1236 668 1489 708 natisfrueiibus‚
1506 672 1635 712 abigant.
1661 671 1750 702 Hanc
1766 672 1854 714 rasti—

986 709 1014 738 ci
1027 715 1188 748 capannam
1207 716 1331 741 vocant:
1353 713 1427 751 qaod
1445 721 1536 742 unum
1553 720 1669 743 tantam
1687 715 1791 752 capiat.
1809 715 1855 745 lta

985 749 1108 788 sent103
1124 750 1153 780 ἃ
1166 750 1275 781 licebit
1287 751 1382 791 mihi,
1398 752 1672 785 Paulumretentis
1688 763 1788 794 prope
1804 756 1871 786 iis-·

985 791 1058 821 dem
1074 791 1179 822 verbis
1195 791 1225 822 iu
1240 794 1267 822 ti.
1285 793 1304 823 i.
1325 796 1353 823 6.
1363 800 1411 833 pr.
1430 793 1466 828 ὅ)
1483 795 1511 836 §.
1536 804 1561 826 1.
1595 795 1648 826 sibi
1670 793 1734 826 hoc
1756 797 1856 827 modo

982 831 1165 863 restituere:
1184 833 1256 863 Item
1272 833 1353 875 longe
1369 837 1470 866 recedit
1486 837 1521 867 ab
1530 835 1689 875 usiifrutzu
1700 837 1754 878 jas
1769 838 1855 868 calcis

982 875 1130 914 coquendae
1145 872 1182 907 ὅ)
1198 874 1302 914 lapidis
1316 876 1460 907 eximendi
1475 876 1513 912 &⁹
1528 887 1622 909 arenae
1629 879 1776 917 fodiendae
1791 880 1857 910 cedi-

976 913 1090 954 ficandi
1104 915 1167 955 ejus
1186 917 1286 955 gratia
1301 918 1376 957 qaod
1391 918 1423 948 in
1429 918 1528 957 fundo
1551 917 1607 959 est:
1629 921 1696 950 icem
1705 918 1788 957 Jilvae
1803 930 1854 951 σιτι-

981 956 1063 994 duoe,
1086 963 1120 987 ut
1132 958 1304 997 pedamenta
1321 959 1352 988 in
1370 959 1473 996 vineas
1486 970 1544 992 non
1559 959 1666 999 defini.-
1689 962 1757 993 item
1774 968 1854 993 cretae

980 997 1150 1036 eximenda,
1166 999 1258 1029 veluti
1265 997 1444 1039 fifigulinas
1458 1001 1570 1032 haberet
1585 1006 1617 1032 in
1636 1004 1738 1043 quibus
1754 1013 1786 1034 ea
1802 1013 1857 1035 ‘va-

972 1039 1012 1079 sa
1027 1037 1153 1078 fierent,
1175 1040 1280 1080 quibus
1295 1041 1418 1079 fraiius
1433 1042 1494 1084 ejus
1504 1043 1597 1082 fundi
1614 1049 1857 1084 exportarentur}

974 1078 1052 1117 ficut
1069 1082 1099 1111 in
1111 1082 1283 1122 quibusdam
1293 1081 1334 1122 fit
1345 1106 1354 1121 ‚
1370 1089 1403 1114 ut
1419 1084 1560 1124 amphoris
1571 1086 1678 1116 vinum
1694 1087 1853 1124 evehatur,

980 1127 1031 1152 aut
1043 1144 1052 1160 ‚
1074 1128 1108 1152 ut
1123 1122 1198 1153 dolia
1210 1122 1308 1162 fiant,
1331 1124 1376 1155 vei
1393 1126 1497 1166 tegulae
1516 1125 1596 1167 [vel]
1614 1128 1651 1157 ad
1669 1127 1772 1159 villam.
1788 1129 1855 1158 oedi-

973 1161 1134 1202 ficandam.
1172 1163 1227 1194 Sed
1237 1163 1266 1201 si
1281 1170 1313 1195 ut
1335 1166 1406 1206 vasti
1421 1169 1555 1198 venirent
1568 1190 1577 1206 ,
1594 1167 1730 1209 figulinae
1745 1178 1855 1200 exerce·

979 1211 1095 1242 rentur,
1119 1205 1304 1245 ususfruiius
1330 1210 1394 1238 erit.
1432 1207 1516 1252 Quid
1533 1218 1618 1249 ergo,
1639 1208 1668 1247 fi
1679 1212 1856 1250 praediorum

978 1245 1119 1277 meliorem
1136 1245 1318 1287 caustzmhaec
1332 1248 1450 1285 faciant
1464 1249 1481 1280 ξ)
1501 1249 1574 1281 Non
1584 1250 1622 1289 est
1639 1253 1852 1292 dubitandum,

977 1288 1050 1328 quin
1063 1289 1215 1322 servitutis
1225 1287 1276 1326 fit.
1304 1288 1343 1319 Et
1357 1290 1407 1320 hoc
1424 1289 1493 1331 [ἐξ]
1510 1291 1674 1322 Maecianus
1686 1295 1808 1332 probat:
1822 1295 1854 1324 in

978 1333 1112 1367 tantum,
1130 1334 1164 1360 ut
1175 1329 1210 1364 ὅ)
1227 1329 1312 1361 talem
1321 1331 1497 1371 servitutem
1515 1330 1652 1373 constitui
1664 1333 1738 1374 poffe
1750 1340 1834 1374 pater
1842 1357 1857 1372 ,⁴

983 1368 1027 1400 Ur
1049 1371 1202 1411 tugurium
1217 1372 1290 1402 mibi
1309 1372 1410 1404 babere
1425 1373 1521 1404 licerer
1543 1374 1575 1404 in
1592 1379 1660 1413 tuo,
1676 1375 1808 1415 scilicet,
1823 1374 1854 1413 fi

978 1411 1095 1442 habeam
1102 1411 1203 1452 passui
1221 1414 1407 1453 servitutem,
1429 1421 1481 1446 auc
1496 1416 1607 1455 pecoris
1622 1416 1798 1457 appellendi,
1817 1423 1854 1448 ut

970 1451 1001 1490 fi
1021 1453 1108 1483 biems
1129 1455 1289 1494 ingruerit,
1312 1455 1451 1495 habeam,
1473 1466 1528 1497 qao
1543 1466 1586 1488 me
1609 1460 1753 1498 recipiam.
1797 1457 1851 1489 Sic

977 1493 1108 1526 Paulum
1132 1494 1250 1527 restitui
1265 1496 1328 1535 jam
1344 1497 1421 1528 olim
1445 1497 1491 1528 lib.
1516 1507 1541 1530 1.
1563 1498 1759 1532 Probabilium
1779 1509 1804 1531 c.
1820 1509 1853 1541 3.

977 1544 1039 1566 nec
1055 1536 1158 1568 adhuc
1174 1537 1272 1578 piget.
1304 1537 1435 1578 Sensus;
1451 1538 1485 1570 In
1503 1539 1651 1571 omnibus
1669 1540 1716 1573 his
1734 1542 1856 1581 specie-

977 1576 1036 1608 bus
1051 1577 1150 1618 magis
1167 1578 1268 1609 videri
1278 1579 1400 1611 domini
1418 1581 1609 1619 commoda,
1628 1590 1723 1622 quam
1740 1582 1854 1622 praedia

978 1627 1069 1650 orum
1089 1620 1322 1660 necessitatem,
1344 1621 1520 1654 contineri:
1545 1631 1606 1653 nec
1623 1632 1664 1654 eo
1682 1623 1785 1655 minus
1801 1632 1856 1664 ap-

978 1659 1087 1700 pellari
1107 1661 1297 1700 praediorum
1320 1661 1508 1702 servitutes,
1531 1663 1658 1704 quoties
1675 1665 1713 1696 ad
1730 1665 1856 1697 domini

979 1701 1147 1742 personam
1164 1702 1310 1735 veniunt:
1336 1713 1402 1735 non
1419 1703 1530 1744 ipsiuS,
1552 1704 1606 1737 sed
1624 1706 1732 1746 praedii
1749 1707 1855 1738 nomi-

979 1752 1036 1774 ne:
1053 1752 1093 1774 eo
1103 1744 1190 1783 quod
1200 1747 1348 1785 augentia
1363 1746 1471 1786 praedii
1488 1747 1624 1779 reditum
1635 1746 1853 1789 pretiumque,

977 1783 1101 1815 faciunt
1118 1785 1284 1817 meliorem
1301 1787 1366 1827 ejus
1382 1787 1617 1820 conditionem.
1641 1797 1812 1829 caeterum,
1829 1789 1852 1821 fi

978 1825 1047 1866 quis
1065 1826 1236 1867 habeatjus
1246 1828 1317 1859 talia
1333 1829 1362 1859 in
1381 1829 1478 1860 vieini
1495 1828 1599 1860 fundo
1615 1829 1773 1869 faciendi,
1787 1841 1853 1863 ma·

977 1868 1024 1907 gis
1042 1867 1183 1907 personae
1200 1869 1280 1908 suae3
1297 1879 1390 1910 quam
1409 1869 1535 1910 praedii,
1551 1872 1852 1913 contemplatione;

979 1912 1048 1939 naec
1064 1918 1128 1940 non
1148 1911 1257 1941 deberi
1274 1911 1303 1941 ei
1321 1912 1349 1942 vi
1368 1912 1524 1943 servitutis
1535 1913 1662 1952 proedii,
1679 1914 1731 1945 sed
1748 1914 1854 1954 perso-

978 1950 1055 1980 nalis
1072 1950 1239 1982 servitutis.
1264 1951 1315 1983 Sic
1325 1952 1456 1991 Paulus,
1474 1962 1571 1994 atque
1580 1964 1621 1986 eo
1631 1955 1766 1986 certius:
1780 1955 1853 1996 quia

978 1992 1040 2022 tale
1054 1991 1102 2031 jus
1123 1994 1261 2032 personae
1285 1995 1392 2025 datum
1416 1995 1479 2034 ejus
1496 1996 1602 2035 causa,
1625 1997 1655 2028 in
1672 1996 1691 2027 l.
1706 2005 1736 2035 4.
1756 1997 1804 2027 D.
1820 1998 1853 2028 de

969 2032 1071 2072 servit.
1086 2036 1174 2073 praed.
1193 2032 1291 2074 rustic.
1309 2035 1440 2066 servitus
1458 2034 1654 2077 appellatur:
1678 2037 1707 2068 ὃ(
1723 2037 1853 2078 quidem

978 2074 1065 2112 usim,
1081 2075 1101 2105 fi
1118 2074 1254 2107 subsistat
1269 2077 1350 2107 intra
1366 2077 1506 2117 perl'onae
1522 2079 1737 2111 necestitatem
1761 2080 1780 2111 l.
1798 2089 1850 2120 37.

979 2115 1027 2146 D.
1047 2117 1106 2146 eocl.
1124 2118 1168 2148 ric.
1193 2116 1387 2150 ususfructus
1405 2127 1499 2158 vero,
1524 2118 1544 2150 fi
1562 2121 1600 2151 ad
1621 2121 1852 2162 compendium

975 2156 1155 2197 porrigatur
1170 2159 1196 2188 d.
1213 2155 1231 2189 l.
1243 2163 1273 2190 6.
1288 2166 1334 2200 pr.
1352 2157 1380 2190 h.
1398 2166 1419 2191 t.
1435 2161 1522 2200 quod
1538 2160 1559 2192 fi
1576 2161 1715 2202 liqueat,
1733 2170 1786 2192 aut
1802 2171 1849 2193 te-

975 2197 1123 2229 statorem
1134 2200 1852 2242 autcontrahentesnoluiss'e‚hujusmodijura

975 2239 1025 2270 vel
1038 2241 1144 2279 praedii
1156 2241 1206 2272 vel
1221 2242 1361 2282 personae
1372 2243 1522 2274 servitute
1536 2244 1697 2275 aestimari:
1713 2245 1851 2284 nonjam

973 2281 1125 2320 praedium
1142 2283 1354 2314 convenietur
1365 2283 1556 2316 confefforia
1574 2285 1604 2316 in
1622 2294 1688 2318 rem
1700 2285 1849 2325 affione;

973 2321 1024 2353 ied
1041 2322 1131 2354 heres
1141 2332 1194 2355 aut
1205 2324 1372 2364 promissor
1381 2326 1488 2357 saltem
1499 2326 1624 2357 anione
1637 2328 1668 2358 in
1684 2327 1850 2367 personam

973 2365 1192 2396 convenietur.
1230 2365 1283 2397 Ne
1301 2366 1442 2398 deeffent
1457 2367 1623 2407 exempla,
1646 2368 1753 2400 curavi
1771 2368 1850 2401 olim

974 2405 1001 2435 cl.
1020 2414 1044 2436 c.
1059 2414 1079 2446 3
1109 2406 1304 2438 Probabiiizim
1320 2408 1367 2439 lib.
1383 2417 1407 2440 1.
1425 2407 1522 2439 Nunc
1536 2409 1664 2449 elegans
1682 2409 1746 2440 hoc
1762 2410 1848 2441 addo

974 2455 1013 2476 ex
1025 2447 1215 2479 testamento
1227 2448 1373 2480 Meeonii
1386 2472 1395 2487 ,
1411 2450 1497 2488 quod
1509 2449 1593 2480 estin
1606 2448 1753 2491 Corpore
1764 2449 1847 2482 Gru-

974 2488 1052 2526 teri,
1076 2487 1115 2520 V.
1141 2488 1200 2520 CL.
1222 2496 1260 2531 pa
1285 2513 1292 2520 .
1318 2500 1386 2529 215.
1407 2490 1540 2529 Inscript.
1566 2500 1591 2522 2.
1616 2491 1705 2523 hisce
1723 2492 1848 2525 verbis:

972 2527 1079 2561 HOC.
1103 2499 1307 2561 AMPLIUgS.
1339 2531 1401 2562 AB.
1433 2530 1696 2565 HEREDIBUS.
1729 2533 1846 2565 MEIS.

972 2568 1109 2602 VOLO.
1129 2571 1379 2603 PRAESTARI.
1400 2572 1703 2606 RElPUBLlCAE.
1729 2575 1847 2607 PETl-

971 2609 1198 2644 LINORUM.
1226 2612 1297 2645 ET.
1323 2615 1358 2644 A.
1390 2613 1482 2645 REP.
1512 2614 1844 2648 PETILINORUM.

970 2665 1177 2698 CORPORI.
1196 2667 1540 2701 AUGUSTALlUM.
1557 2669 1628 2702 EX.
1649 2659 1846 2703 PRAEnIs.

972 2707 1201 2739 CAETERIS.
1228 2709 1345 2741 MElS.
1366 2709 1532 2743 PALUM.
1558 2711 1735 2744 DlCARE.
1760 2713 1845 2744 OM-

970 2747 1112 2779 NlssUS.
1130 2749 1272 2781 ANNIS.
1289 2750 1547 2785 SUFFlClENS.
1564 2753 1855 2785 PEDATURAE-

971 2789 1147 2822 VINEAE.
1166 2790 1314 2834 QUAM.
1339 2792 1689 2827 AUGusTALlssUS.
1707 2795 1843 2826 LEGA-

971 2830 1026 2862 V1.
1050 2830 1187 2862 formula
1205 2834 1274 2864 haze
1292 2834 1384 2875 legati
1401 2836 1622 2867 damnationis.

1010 2872 1059 2903 Ad
1080 2874 1318 2915 intelligendum
1336 2875 1430 2917 igitur
1447 2877 1476 2908 in
1497 2877 1663 2917 proposito
1679 2878 1753 2916 juris
1770 2886 1843 2915 pro·

969 2912 1122 2952 greffiim,
1140 2924 1233 2953 quern
1253 2917 1371 2957 ubique
1386 2919 1563 2960 investigari
1575 2917 1699 2948 &nosci
1712 2919 1851 2950 interest-

968 2954 1243 2995 Jurisprudetitiae,
1268 2957 1408 2998 superior
1425 2960 1548 2999 profuit
1565 2958 1764 2990 observatio:
1789 2959 1842 2991 sed

968 3003 1032 3026 non
1043 2995 1143 3027 minus
1153 3007 1334 3036 opportuna
1344 3000 1750 3041 eritsequens.Audiamus.
1768 2999 1844 3032 Hoc

968 3035 1165 3076 &superiore
1174 3038 1287 3072 Titulo
1300 3041 1434 3074 urbanas
1444 3042 1608 3072 servitutes
1624 3039 1750 3072 distinxi
1767 3051 1844 3074 aru·

966 3076 1076 3116 sticis;
1100 3079 1127 3109 ἀ
1154 3080 1218 3112 suas
1244 3083 1370 3123 utrique
1396 3084 1502 3124 generi
1525 3081 1646 3121 speeies
1671 3081 1840 3123 adfignavi.

965 3117 1061 3151 Nunc
1070 3120 1276 3160 diffimulare,
1288 3134 1393 3164 neque
1405 3124 1481 3154 volo
1493 3146 1501 3160 ‚
1514 3131 1617 3161 neque
1629 3123 1734 3154 debeo
1744 3147 1752 3162 ‚
1765 3133 1841 3163 quas

963 3160 1093 3194 urbanas
1119 3164 1183 3194 dixi
1203 3187 1212 3202 ‚
1237 3174 1252 3195 a
1271 3165 1442 3195 Veteribus
1459 3163 1629 3202 aliquando
1644 3164 1772 3196 rusticas
1788 3176 1841 3207 ap-

960 3202 1067 3241 pellari
1078 3226 1088 3242 ‚
1100 3203 1129 3234 ὅι
1140 3214 1216 3244 quas
1227 3206 1353 3237 rusticas
1365 3204 1547 3242 nominavi,
1561 3205 1731 3244 aliquando
1752 3208 1839 3238 urba-

45 3225 123 3258 njhil
147 3227 274 3260 confert
296 3231 333 3261 ad
361 3229 565 3271 supplendam
582 3232 675 3265 fundi
696 3234 913 3271 neceffitatem
954 3242 1002 3275 nis
1021 3246 1241 3278 annumerari:
1262 3255 1395 3286 eamque
1413 3245 1635 3278 confusionem
1654 3246 1839 3288 Interpreti-

82 3267 161 3302 Tom.
187 3270 206 3302 I
213 3271 237 3303 I.

121 3344 125 3360 i

1068 3284 1098 3314 Y
1113 3296 1129 3317 9,
1776 3287 1834 3321 bus
