2052 3487
167 204 273 245 „64

227 286 354 319 adferri.
378 285 477 327 prima
501 281 545 315 est
560 304 570 321 ‚
600 281 711 322 quod,
742 280 763 312 fi
790 287 934 311 mortuus
957 277 1002 324 est
1018 277 1080 310 Sti·

228 330 305 360 chus
321 351 330 366 ,
353 334 519 365 antequam
537 324 612 355 mihi
629 324 720 354 datus
743 321 841 358 esset,
863 328 1009 360 pecuniae
1032 322 1079 350 da-

229 378 269 401 tae
285 368 359 400 mihi
383 367 534 406 repetitio
551 365 596 395 est
614 374 622 395 ε
654 364 725 403 quia
744 361 798 393 etfi
815 371 871 401 per
890 368 922 391 te
939 370 1003 391 non
1023 360 1081 391 ste-

229 411 322 447 terit,
346 417 410 448 quo
433 408 535 437 minus
557 407 664 436 dares:
689 411 813 441 tamen,
845 402 993 443 quamdiu
1017 411 1081 433 non

229 450 358 486 dedisti,
382 448 426 479 est
442 448 517 479 mihi
532 448 579 486 ius
596 445 816 485 poenitcntiae:
838 452 869 474 at
890 444 920 473 in
944 444 1082 482 emptio-

227 502 269 523 ne
287 494 312 521 ὕ(
332 489 518 520 venditione
533 511 543 526 ‚
576 486 742 528 postquam
766 482 952 516 consensum
974 483 1019 515 est
1044 484 1084 515 de

228 542 262 564 re
285 531 315 563 &
345 531 476 571 pretio,
512 530 558 570 Jus
582 527 780 569 poenitentiae
809 535 873 556 non
900 525 955 556 est.
987 525 1084 556 altera

228 571 408 605 differentia
429 571 474 602 est
492 594 501 609 ‚
533 569 649 610 quod,
679 568 700 600 fi
724 568 843 599 alienus
868 566 994 597 Stichus
1019 565 1084 612 eit,

229 614 339 645 sed.tu
359 622 432 645 eum
455 611 604 644 tradidisti
625 633 634 649 ‚
664 609 786 648 adhuc,
817 610 889 649 quia
909 616 973 638 non
997 608 1070 638 dedi

229 656 284 693 sti,
308 653 362 685 etsi
378 652 547 691 tradidisti5
571 660 675 683 tamen
695 660 734 682 ex
753 649 940 691 poenitentia
959 658 974 679 a
994 657 1024 679 te
1039 658 1085 679 re-

228 703 336 738 petam
366 695 398 727 id
422 695 508 735 quod
533 693 588 725 tibi
617 693 692 723 ideo
719 692 817 730 dedi,
855 698 890 722 ut
923 690 998 721 mihi
1025 689 1084 720 Sti-

229 736 326 768 chum
358 737 473 767 darcs:
505 735 593 776 quod
622 734 698 765 item
729 733 820 764 aliter
847 730 1032 762 observatur
1054 732 1085 762 in

229 779 394 818 emptione
412 777 441 809 ὃς
468 778 663 807 venditione.
695 775 786 806 tertia
811 772 991 805 differentia
1014 772 1058 803 est
1076 796 1084 810 ‚

215 819 317 860 -quod
339 818 360 850 si
378 827 450 848 tuus
468 817 593 848 Stichus
610 816 656 848 est
672 836 682 854 ,
711 816 741 846 ἃ
763 824 822 856 pro
841 814 1001 846 evictione
1020 815 1085 853 ejus

227 861 417 902 promittere
440 868 503 889 non
530 858 577 888 vis
595 880 605 895 ‚
641 857 782 889 (imiliter
810 856 914 887 verius
946 855 1015 894 est,
1047 864 1086 885 ex

228 900 317 933 causa
335 900 533 940 poenitentiae
556 899 632 929 mihi
650 898 722 930 fore
740 898 804 929 dati
826 897 1085 929 condictionem:

227 944 300 983 quia
322 948 454 981 oportet
470 948 502 972 te
524 950 587 971 non
608 948 728 971 tanturn
747 940 839 978 dare,
874 937 926 969 sed
945 938 974 969 ἀ
993 946 1086 968 cave-

227 992 263 1015 re
289 992 348 1023 pro
380 981 540 1013 evictione
557 1004 566 1021 ‚
603 982 720 1022 pariter
744 988 779 1012 ut
805 982 835 1011 in
858 981 1024 1019 emptione
1055 979 1085 1009 &

227 1024 435 1056 venditione:
459 1023 488 1054 in
509 1032 568 1061 qua
588 1030 692 1054 tamen
712 1022 783 1062 quia
808 1021 838 1053 ὅ(
853 1020 1034 1058 contiiffio,
1057 1020 1087 1050 ἃ

227 1066 415 1106 poenitentia
433 1064 547 1103 cessat,
572 1062 751 1095 differentia
772 1063 864 1094 tertia
881 1061 935 1093 est.
976 1060 1083 1102 Expo-

228 1106 271 1138 sui
290 1105 415 1138 Celsum
440 1108 469 1137 in
489 1107 516 1137 d.
542 1106 560 1136 l.
579 1105 632 1136 ult.

269 1158 287 1180 2
322 1148 428 1180 Venio
452 1148 488 1178 ad
516 1147 643 1177 Paulum
672 1145 702 1176 in
723 1142 797 1190 ‘l·.²·
816 1153 846 1184 5.
871 1144 899 1186 ᾗ.
930 1154 957 1176 1.
990 1142 1031 1174 D.
1054 1144 1087 1173 de

223 1190 398 1231 proelcriptis
422 1190 537 1220 verbis:
569 1189 622 1228 qui
645 1196 715 1217 cum
740 1194 783 1217 ait
798 1209 808 1224 ,
839 1186 871 1216 Sz
895 1187 947 1216 tibi
973 1185 1086 1225 scyphos

227 1232 293 1262 dedi
310 1253 320 1270 ,
351 1236 382 1262 ut
405 1230 476 1261 mihi
502 1229 635 1260 Stichum
656 1229 737 1259 dares
756 1251 765 1265 ,
791 1227 917 1267 periculo
940 1236 997 1257 meo
1028 1225 1086 1256 Sti-

227 1272 312 1303 chum
326 1273 415 1311 fore,
437 1281 471 1301 ac
488 1277 514 1301 ze
531 1273 676 1301 duntaxat
695 1269 806 1307 culpam
826 1266 958 1308 praestare
972 1268 1084 1298 debere:

228 1313 347 1353 spectat
363 1336 372 1350 ,
404 1313 539 1351 opinor,
571 1312 610 1342 ad
626 1310 783 1341 astionem
805 1310 993 1349 praei‘criptis
1016 1317 1085 1338 vera

226 1354 292 1386 bis:
323 1363 394 1394 quae
418 1353 492 1384 mihi
511 1352 669 1392 competit
686 1350 831 1381 adversus
847 1360 878 1381 te
895 1374 904 1388 ‚
936 1359 1008 1381 cum
1032 1349 1085 1380 vel

216 1405 322 1436 ¹potes
345 1395 421 1426 mihi
446 1394 589 1424 Stichum
608 1395 701 1429 dare,
735 1392 785 1423 vei
809 1392 900 1432 culpa
927 1400 976 1421 aut
996 1400 1085 1421 mora

226 1444 281 1468 tua
300 1435 401 1467 fecisti
419 1458 428 1474 ‚
452 1445 492 1466 ne
510 1435 622 1474 p0ffi53
647 1443 754 1465 verum
769 1455 777 1470 ‚
800 1442 873 1464 cum
890 1432 1017 1464 Stichus
1033 1441 1086 1471 pe-

225 1479 280 1509 riit
296 1477 360 1509 fine
385 1477 477 1517 culpa
503 1477 532 1507 ὅ(
555 1484 642 1507 mora
666 1483 718 1505 tua
735 1497 744 1512 ,
775 1474 850 1505 mihi
875 1483 939 1504 non
957 1482 1085 1513 compe-

226 1520 286 1550 tit:
309 1519 402 1559 igitur
417 1540 427 1555 ‚
451 1517 478 1548 *fi
496 1516 641 1557 respicias
665 1517 704 1546 ad
728 1516 808 1546 hanc
830 1515 1007 1554 actionem,
1033 1524 1085 1544 ve-

223 1560 339 1592 riffime
358 1557 426 1589 infit
446 1558 575 1595 Pauins,
607 1556 751 1597 periculo
776 1565 850 1587 mco
875 1556 1016 1587 Stichum
1035 1554 1083 1586 fo-

224 1611 284 1640 re,
314 1609 350 1630 ac
376 1607 408 1630 te
437 1601 600 1631 dumtaxat
624 1599 748 1638 culpam
774 1596 919 1638 praestare
945 1598 1081 1628 debere:

226 1644 299 1681 quia
331 1641 390 1672 hac
415 1640 540 1672 actione
566 1649 671 1680 neque
701 1649 772 1670 eum
803 1647 913 1679 petere
939 1637 1083 1677 possum,

223 1691 330 1723 neque
348 1682 380 1713 id
397 1682 484 1721 quod
507 1690 575 1712 mea
595 1680 742 1718 interest,
773 1680 860 1711 iilum
884 1679 959 1711 mihi
978 1680 1083 1710 datum

226 1723 299 1756 effe.
341 1722 429 1754 Idem
453 1723 624 1755 dicendum
648 1721 710 1759 est,
741 1719 761 1752 fi
786 1720 933 1762 respicias
950 1721 990 1751 ad
1009 1729 1085 1751 con·

225 1765 398 1797 dictionem
424 1764 468 1795 ob
496 1763 617 1795 causam
643 1763 706 1794 dati
730 1761 818 1793 causa
844 1762 1085 1801 non'sequuta3

226 1807 300 1838 durn
325 1813 434 1846 agatur
461 1815 502 1836 ex
533 1805 584 1836 ilia
609 1812 698 1843 parte
715 1825 725 1841 ,
761 1804 849 1843 quod
880 1812 930 1833 res
956 1802 1084 1842 sequuta

223 1857 289 1879 non
317 1847 387 1878 est:
419 1855 490 1877 nam
514 1855 574 1878 nec
600 1855 639 1875 ex
664 1854 700 1875 ea
727 1845 773 1884 agi
794 1842 899 1884 potest
915 1866 925 1881 ‚
957 1842 976 1874 fi
1001 1842 1087 1874 casus

223 1887 376 1920 fortuitus
400 1887 542 1918 Stichum
567 1884 685 1917 sustuiit
714 1882 777 1916 fine
805 1885 897 1925 culpa
923 1891 976 1915 aut
999 1893 1087 1915 mora

225 1937 296 1961 tua:
319 1930 391 1967 quia
418 1938 474 1969 pei·
493 1936 524 1959 te
541 1937 603 1959 non
622 1926 731 1964 stetit,
764 1935 828 1965 quo
850 1927 954 1957 minus
977 1926 1087 1963 dares,

225 1979 286 2002 nec
304 1971 350 2002 est
368 1971 456 2012 quod
476 1970 534 2001 tibi
551 1971 746 2010 imputetur:
769 1968 863 2008 igitur
879 1968 910 1998 in
928 1966 992 1997 hoc
1009 1975 1086 2006 quo-

927 2115 1138 2153 CAPUT

826 191 1129 227 GERAnni
1176 186 1406 223 Noun-r

1124 287 1186 318 que
1209 275 1280 308 casu
1297 276 1403 318 piacet
1419 275 1506 317 quod
1531 275 1642 309 Pa'uius
1666 276 1727 314 ait,
1749 275 1892 316 periculo
1908 277 1984 309 meo

1124 318 1266 350 Stichum
1282 318 1374 356 fore,
1397 327 1434 349 ac
1450 326 1481 349 te
1505 319 1670 350 dumtaxat
1695 317 1817 357 culpam
1839 317 1981 358 proestare

1125 360 1255 391 debere.
1298 359 1378 391 Haec
1399 360 1556 402 (opinor)
1580 360 1693 392 Paulus
1720 358 1832 390 definit
1856 359 1886 391 in
1910 361 1937 389 d.
1959 360 1979 390 l.

1123 412 1153 442 5.
1176 401 1204 442 §.
1227 410 1252 433 1.
1277 401 1326 432 sed
1345 403 1413 431 haec
1431 408 1572 438 tantum,
1590 402 1616 432 ἃ
1636 401 1712 432 nihil
1731 408 1892 440 praeterea.
1919 410 1985 432 non

1126 444 1221 483 igitur
1243 441 1287 483 fic
1313 443 1410 473 debet
1438 442 1567 481 accipi,
1598 442 1681 482 quasi
1701 449 1797 482 neget
1818 442 1893 473 mihi
1920 441 1985 482 scy-

1125 486 1262 524 phorum
1277 483 1514 514 condistionem
1535 483 1627 514 ctiam
1649 493 1688 514 ex
1704 490 1808 523 capite
1827 484 1985 524 poeniten-

1127 525 1199 563 tiae,
1230 525 1305 556 ideo
1330 526 1417 565 quod
1440 533 1508 555 eam
1532 533 1626 565 negat
1646 524 1722 556 mihi
1745 534 1783 555 ex
1802 534 1842 555 eo
1860 525 1986 564 capite,

1128 567 1214 606 quod
1232 575 1281 598 res
1306 565 1437 607 sequuta
1455 575 1518 597 non
1543 567 1605 597 est:
1636 575 1707 597 narn
1724 566 1753 597 ὣς
1777 566 1985 597 dive-riahaee

1127 608 1231 647 capita
1254 607 1322 638 sunt
1339 631 1348 646 ,
1380 615 1484 647 neque
1509 606 1623 639 Paulus
1653 608 1694 638 ibi
1727 609 1766 638 de
1794 607 1984 647 poenitentia

1129 656 1182 679 aut
1206 647 1295 679 senfit
1315 648 1389 688 quid
1413 656 1465 678 aut
1490 648 1594 680 dixit:
1625 649 1719 689 igitur
1743 657 1802 680 nec
1825 649 1921 680 debet
1944 648 1985 679 ad

1129 690 1212 721 hanc
1231 690 1380 722 extendi:
1405 690 1515 729 utique
1535 699 1597 721 non
1623 699 1738 730 magis,
1763 699 1856 729 quam
1876 689 1986 730 Ulpia-

1129 740 1187 762 nus
1216 731 1246 761 in
1277 731 1297 763 l.
1322 740 1352 771 3.
1383 730 1402 772 §
1439 741 1469 772 3.
1503 730 1543 762 D.
1566 732 1599 762 de
1622 729 1796 762 commune
1817 736 1903 771 causti
1918 733 1988 761 data

1128 775 1214 807 caula
1239 782 1296 803 non
1313 777 1468 813 sequutaz
1497 774 1580 812 apud
1604 781 1698 813 quern
1721 771 1826 803 versus
1847 796 1856 810 ‚
1888 772 1942 803 Seo'
1959 769 1988 809 fi

1129 813 1246 844 Stichus
1265 813 1405 853 oecefferz't
1428 813 1489 847 &a
1521 813 1615 853 piane
1638 813 1778 845 similiter
1808 813 1988 854 intelligen-

1129 856 1186 886 dus
1203 853 1266 887 esti
1289 856 1320 886 id
1337 854 1403 893 est,
1428 863 1549 886 tantum
1569 856 1609 886 de
1631 865 1666 886 ea
1683 854 1894 886 condiffitionis
1917 862 1987 894 par·

1129 904 1161 927 te
1186 905 1256 936 quae
1287 895 1374 927 usum
1408 896 1531 927 invenit
1555 896 1598 928 ob
1624 905 1689 927 rem
1717 905 1782 927 non
1805 897 1986 936 semustam,

1128 946 1193 968 non
1218 937 1314 968 etiam
1342 938 1382 967 de
1408 938 1459 969 ilia
1483 946 1553 978 quae
1576 937 1671 968 habet
1699 938 1806 969 iocum
1832 947 1871 968 ex
1897 935 1988 968 causa

1129 979 1343 1018 poenitentiae:
1367 978 1491 1017 prorsus
1515 979 1666 1018 perinde,
1687 988 1724 1009 ac
1740 978 1762 1010 fi
1779 979 1810 1010 in
1827 977 1889 1010 fine
1909 978 1987 1017 ejus-

1129 1021 1201 1052 dem
1222 1020 1286 1051 loci
1310 1019 1381 1059 post
1408 1019 1477 1050 haec
1492 1020 1610 1057 verba,
1640 1020 1783 1051 Proculus
1801 1022 1862 1058 ait,
1880 1018 1908 1058 fi
1925 1016 1988 1060 post

1128 1062 1158 1091 id
1178 1061 1308 1101 temporis
1332 1059 1488 1101 deceff'erit,
1514 1070 1568 1101 quo
1585 1062 1754 1092 manumitti
1770 1063 1884 1101 potuit,
1909 1067 1987 1101 repe-

1130 1103 1258 1133 titionem
1275 1101 1343 1141 effe;
1359 1101 1389 1139 fi
1410 1104 1524 1139 minus,
1556 1101 1678 1141 affore,
1710 1101 1914 1141 sequerentur
1935 1101 1989 1132 iila

1129 1144 1224 1174 verba
1240 1163 1249 1182 ,
1272 1141 1327 1180 rnfi
1338 1145 1491 1182 poeniteat,
1515 1145 1633 1183 pariter
1648 1151 1682 1173 ut
1700 1143 1729 1174 in
1748 1144 1855 1174 verbis
1871 1152 1989 1184 praece-

1128 1184 1299 1215 dentibus:
1323 1185 1354 1215 id
1375 1185 1459 1215 enim
1478 1184 1508 1214 c&
1531 1185 1693 1215 connexio
1714 1183 1872 1223 ostendit,
1897 1185 1926 1216 δι
1942 1193 1990 1215 ra-

1129 1227 1174 1256 tio
1194 1234 1288 1265 quam
1311 1226 1399 1265 supra
1414 1225 1503 1256 attuli
1518 1248 1529 1263 ,
1551 1224 1603 1256 sed
1620 1225 1651 1257 in
1671 1226 1778 1265 primis
1796 1225 1861 1265 ipse
1879 1225 1990 1266 Ulpia-

1128 1276 1185 1298 nus
1207 1267 1225 1297 l.
1246 1277 1277 1306 5.
1303 1265 1343 1296 D.
1367 1268 1423 1298 eod.
1452 1268 1495 1297 tit.
1523 1267 1610 1307 cujus
1638 1266 1735 1297 verba
1758 1266 1913 1309 adscripfi.
1956 1266 1990 1300 Si

1125 1310 1279 1348 pecuniam
1302 1308 1363 1338 ideo
1387 1308 1526 1348 acceperis
1543 1330 1554 1346 ,
1582 1313 1616 1339 ut
1640 1308 1771 1349 Capuam
1798 1318 1854 1339 eos.
1886 1309 1988 1340 deinde

1125 1356 1229 1389 parato
1255 1348 1368 1379 TIBI
1385 1351 1422 1380 ad
1442 1347 1679 1389 proficiscendum
1710 1348 1990 1383 CONDITIO

1131 1389 1417 1421 TEMPORIS
1435 1390 1482 1420 vel
1499 1389 1885 1423 VALETUDINIS
1910 1391 1991 1424 IM-

1129 1430 1465 1462 PEDIMENTO
1480 1432 1595 1470 fuerit,
1619 1441 1673 1472 quo
1697 1433 1793 1462 minus
1805 1431 1991 1473 proficiscere·

1128 1474 1189 1503 ris:
1221 1482 1260 1503 an
1282 1473 1393 1503 condici
1410 1471 1492 1512 poffit
1511 1495 1520 1508 ,
1551 1472 1741 1511 videndum?
1769 1469 1851 1511 ET,
1877 1473 1995 1505 CVM

1129 1513 1233 1545 PER
1266 1511 1328 1544 TE
1359 1513 1483 1545 NON
1500 1512 1593 1544 STE
1606 1512 1784 1554 TERJT,
1812 1512 1903 1555 potest
1932 1516 1991 1546 dici

1128 1553 1565 1586 REPETITIONEM
1600 1554 1843 1586 CESSARE.
1885 1555 1987 1587 SED

1126 1595 1251 1626 CVM
1295 1592 1495 1628 LICEAT
1532 1594 1861 1627 POENITERE
1904 1596 1932 1627 E
1954 1597 1990 1634 I,

1127 1635 1226 1680 QVI
1244 1636 1434 1674 DEDJT,
1473 1636 1536 1668 PR
1551 1637 1690 1668 OCVL
1714 1636 1885 1669 DVBIO
1906 1638 1989 1669 RE-

1128 1677 1265 1710 PETE
1277 1677 1377 1709 TVR
1399 1679 1450 1716 id,
1472 1679 1546 1719 quod
1564 1680 1665 1709 datam
1686 1675 1733 1719 ‘st-
1777 1678 1858 1716 Nzst.
1893 1678 1922 1710 &
1942 1690 1990 1710 rea

1128 1720 1227 1760 liqna.
1279 1717 1404 1751 Eodem
1427 1720 1590 1759 pertinent
1614 1720 1644 1750 in
1666 1719 1694 1761 §.
1713 1719 1766 1750 ult.
1799 1720 1923 1761 ejusdem
1938 1721 1992 1752 loci

1128 1761 1224 1792 verba
1239 1760 1308 1791 haec
1326 1771 1334 1791 :
1358 1760 1514 1791 Enimvero
1523 1759 1552 1798 fi
1567 1760 1639 1791 nibil
1660 1769 1755 1791 eorum
1775 1760 1912 1798 fabiurus
1927 1784 1938 1801 ,
1968 1763 1992 1792 z·-

1123 1801 1169 1843 pfi
1191 1803 1415 1840 adbztcservum
1438 1802 1558 1832 dicimus
1580 1800 1678 1841 obiffe,
1701 1803 1840 1833 decederet
1862 1804 1936 1834 enim
1954 1801 1992 1838 ἐξ

1122 1842 1151 1881 fi
1173 1852 1229 1873 non
1251 1841 1395 1883 accepiffet
1414 1865 1423 1880 ,
1455 1847 1489 1873 ut
1513 1843 1737 1873 manumitteret.
1781 1841 1863 1886 Quae
1885 1843 1990 1876 obser-

1131 1884 1233 1914 vanda
1253 1882 1341 1914 sunt:
1364 1882 1451 1915 simul
1470 1907 1479 1922 ‚
1511 1892 1664 1924 apparere
1688 1893 1727 1915 ex
1747 1883 1816 1924 his,
1839 1886 1991 1926 quemad-

1130 1925 1262 1956 modum
1286 1923 1491 1964 accipiendus
1514 1924 1550 1955 fit
1575 1932 1669 1958 tenor
1690 1925 1710 1957 Ι,
1720 1932 1788 1967 pen.
1814 1926 1846 1958 C.
1871 1927 1903 1958 de
1927 1936 1991 1958 con·

1132 1964 1252 1997 dictione
1270 1966 1301 1996 ob
1323 1966 1438 2007 causmn
1454 1967 1598 1998 datorum.

1197 2115 1286 2153 Vi,

579 2243 851 2293 Lacuna-expleta
877 2241 959 2288 apud
981 2240 1112 2276 Paulum
1137 2241 1157 2276 l.
1178 2243 1208 2284 7.
1239 2240 1280 2276 D.
1310 2236 1344 2276 de
1367 2243 1487 2277 nautico
1501 2237 1632 2289 faenore,

222 2359 344 2436 Pauii
371 2359 482 2392 vitium
509 2357 571 2399 fit,
604 2367 642 2392 an
661 2356 814 2396 Lini-arii,
838 2358 921 2390 haud
941 2357 1082 2390 definio:

226 2401 227 2404 ’
296 2402 408 2433 vitium
439 2410 527 2433 certe
551 2399 596 2432 est
619 2402 650 2434 in
676 2402 723 2433 his
749 2400 854 2432 verbis
880 2401 890 2431 l
922 2410 951 2441 7.
984 2400 1026 2432 D.
1052 2402 1085 2432 de

225 2445 341 2474 nautico
362 2444 477 2480 foenore.

265 2484 301 2516 In
321 2486 490 2525 quibusdam
508 2483 700 2516 contrafflbus
715 2485 800 2515 etiam
815 2482 909 2520 usurae
927 2483 1083 2522 debentur,

287 2528 521 2566 quemadmodum
540 2533 590 2565 per
602 2524 824 2566 stipulationem.
867 2524 949 2555 Nom
963 2523 993 2562 fi
1008 2526 1085 2556 dede·

1128 2358 1185 2389 bus
1212 2359 1306 2391 etiam
1334 2364 1375 2390 ex·
1390 2359 1485 2400 pacto
1503 2359 1636 2398 deberi,
1668 2362 1937 2401 quemadmodum
1959 2374 1989 2396 εδ

1127 2400 1247 2446 iioquin
1265 2400 1422 2432 debentur
1438 2410 1494 2442 per
1510 2400 1764 2442 stipulationem:
1787 2406 1838 2436 vel
1853 2427 1864 2443 ,
1896 2407 1986 2446 quod

1126 2442 1209 2472 idem
1226 2465 1235 2480 ,
1267 2441 1371 2473 usuras
1394 2442 1424 2473 in
1448 2443 1635 2483 quibusdam
1659 2444 1873 2478 contractibus
1895 2456 1987 2488 aeque

1126 2492 1165 2513 ex
1190 2483 1283 2522 paCto
1300 2483 1428 2520 deberi,
1452 2491 1549 2524 atque
1571 2493 1611 2515 ex
1628 2484 1839 2524 stipulatione.
1883 2487 1984 2530 Quod

1129 2523 1157 2555 &
1181 2523 1386 2563 sequentibus
1410 2525 1495 2556 Pauli
1519 2525 1622 2556 verhis
1641 2525 1833 2566 respondet,
1867 2529 1898 2560 ἂ
1921 2528 1987 2561 istis

284 2576 316 2596 ro
334 2567 427 2596 decem
445 2565 620 2609 trajeftitiffi·
650 2572 684 2597 nt
705 2566 785 2605 salva
809 2570 998 2601 nevelonem
1023 2576 1086 2597 cum
1128 2566 1301 2598 Scaevoiae:
1324 2565 1359 2597 In
1379 2566 1453 2596 hisce
1472 2572 1567 2597 autem
1588 2568 1718 2598 omnibus
1739 2567 1776 2603 ὅ)
1788 2568 1908 2609 pastum
1921 2569 1987 2608 fine

289 2608 372 2637 certis
390 2610 485 2647 usuris
503 2609 658 2647 recipiam,
686 2608 837 2638 dicendum
859 2604 898 2647 est
913 2629 930 2643 ,,
946 2606 1021 2648 poffe
1044 2617 1086 2638 nze
1120 2604 1309 2647 stipulatione
1329 2608 1367 2637 ad
1382 2609 1544 2648 augendam
1567 2607 1763 2649 obligationem
1781 2609 1894 2651 prodest
1918 2611 1936 2642 l.
1951 2620 1984 2652 5.

282 2649 383 2685 sortem
406 2658 470 2679 cum
485 2651 580 2685 usuris
595 2650 722 2689 recipere.

222 2687 349 2722 Desunt
373 2689 469 2720 verba
492 2699 528 2720 ex
542 2689 643 2728 pano.-
665 2689 782 2729 adjice,
804 2688 833 2720 &
852 2688 932 2730 iege.

263 2729 302 2762 In
322 2731 493 2771 quibusdam
516 2729 707 2760 commentus
727 2737 813 2760 etiam
836 2739 879 2760 ex¹
890 2729 973 2769 paeto
993 2729 1084 2769 usurae

260 2773 448 2843 ldebentur,
480 2773 713 2813 quemadmodum
732 2778 785 2812 per
806 2768 1030 2812 stipulationem.
1054 2771 1084 2802 ἀ

224 2821 279 2843 rei
305 2821 353 2844 uti.

223 2821 336 2886 Sentius
360 2852 447 2885 Pauli
470 2876 479 2892 ‚
511 2852 628 2885 Usuras
653 2853 684 2884 in
708 2852 894 2893 quibusdam
917 2851 1084 2885 contrani-

1128 2648 1154 2689 ᾗ.
1178 2656 1203 2681 1.
1227 2647 1270 2678 D.
1295 2649 1352 2678 eod.
1377 2650 1424 2678 tit.
1475 2648 1555 2680 Item
1580 2648 1627 2680 his
1652 2649 1740 2681 Pauli
1762 2651 1781 2682 l.
1799 2660 1849 2692 30.
1883 2651 1924 2682 D.
1951 2654 1985 2683 de

1127 2689 1233 2729 mitris.
1278 2689 1376 2720 Etiam
1397 2698 1434 2721 ex
1457 2690 1533 2720 nudo
1548 2689 1632 2729 pasto
1658 2692 1794 2722 debentur
1817 2692 1986 2725 civitatibus

1127 2731 1221 2770 usurae
1241 2731 1414 2761 creditorum
1438 2732 1474 2761 ab
1495 2732 1534 2761 eis
1545 2732 1744 2770 pecuniarum.
1788 2732 1829 2764 Et
1848 2733 1985 2774 Impera-

1127 2778 1233 2802 torum
1264 2772 1282 2802 l.
1316 2780 1361 2802 12.
1396 2771 1428 2802 C.
1459 2773 1516 2802 eod.
1543 2773 1589 2803 tit.
1635 2771 1784 2804 Frumenti
1812 2775 1860 2805 vel
1889 2775 1986 2806 hordei

1126 2819 1225 2849 mutuo
1250 2814 1314 2844 doti
1337 2810 1450 2853 acceffio
1471 2815 1556 2844 etiam
1577 2822 1614 2845 ex
1629 2815 1705 2846 nudo
1725 2814 1808 2856 patio
1820 2814 1985 2857 proestanda

1125 2852 1173 2894 est.

902 2992 1121 3029 CAPUT
1172 2993 1302 3031 V11.

227 3123 258 3148 1.
289 3113 386 3150 Poena
418 3115 494 3161 legis
529 3116 674 3151 Corneliae
707 3115 742 3150 de
772 3114 891 3159 sicariis
919 3117 1027 3162 puniri
1061 3117 1255 3154 latrocinium
1279 3144 1289 3160 ‚
1324 3116 1393 3163 five
1427 3118 1618 3154 homicidium
1654 3117 1716 3153 dolo
1742 3116 1823 3151 malo
1839 3116 1980 3163 facium.i

296 3171 327 3197 2.
355 3165 427 3198 Non
460 3166 492 3199 id
512 3165 589 3210 quod
612 3167 643 3199 in
677 3166 747 3198 rixa
763 3163 905 3210 fortuita
930 3171 1021 3209 atque
1046 3166 1210 3212 improvisa
1242 3168 1370 3214 contigit
1384 3165 1492 3212 subito
1517 3169 1639 3214 impetu.

623 3214 675 3247 Aa
705 3213 803 3258 legem
839 3214 1006 3248 Corneliam
1040 3214 1074 3247 de
1091 3213 1227 3259 ficariis.

294 3212 349 3244 ne's
382 3212 402 3246 I.
431 3222 462 3247 1.
498 3213 526 3259 ᾗ.
555 3223 586 3256 3.

293 3258 359 3292 Ioci.
411 3269 445 3302 5.
474 3261 557 3296 Pars
575 3261 723 3309 posterior
748 3262 933 3297 emendatur.

1694 3175 1723 3210 3.
1753 3166 1857 3200 Variae
1881 3167 1981 3201 Iettio-

1279 3227 1313 3259 4.
1349 3216 1567 3261 Interpretatio
1587 3216 1700 3260 prioris
1720 3215 1824 3260 partis
1848 3215 1982 3260 ejusdem

985 3263 1018 3296 6.
1049 3260 1200 3298 Tentatur
1221 3265 1286 3310 ejus
1311 3265 1511 3309 interpunctio
1537 3264 1568 3297 in
1600 3262 1702 3298 Tirulo
1730 3273 1760 3297 1.
1806 3263 1982 3298 Collationis

1919 3310 1981 3346 Le-
