2052 3487
895 159 955 186 Ετ
1007 149 1268 188 Usunrs.
1319 151 1486 189 Liar,

411 152 444 189 D
469 162 490 187 Ε
542 151 569 186 F
593 161 613 187 o
639 158 659 185 Ε
685 157 710 187 Ν
735 160 756 185 o
781 161 800 188 iz
827 160 847 187 Ε
1771 166 1838 202 151

68 252 104 276 rie
119 243 230 287 justum
252 240 310 285 est,
332 248 364 274 at
380 243 502 274 medium
517 242 642 273 modium
658 241 692 271 de
714 250 772 272 meo
791 242 859 283 pius
880 250 926 272 ac·
969 238 1105 287 sulen-ti,
1142 240 1362 282 rescripseram
1378 241 1500 290 ¹Impp.
1539 240 1765 292 Diocletianus
1808 245 1840 276 ὃς

70 290 191 327 sipisim,
216 296 279 317 cum
296 285 341 316 ilie
362 294 422 316 mea
438 283 606 314 liberalitate
622 291 722 313 novem
745 283 877 323 &semis
893 284 927 313 de
968 281 1184 314 Maximianus
1206 284 1226 313 i.
1244 287 1272 317 8.
1297 284 1329 314 C.
1349 284 1382 315 Si
1406 291 1515 315 certum
1533 290 1653 325 petatur
1669 308 1679 324 ,
1713 296 1742 317 in
1769 285 1840 317 haec

68 338 124 359 ineo
147 330 258 359 haheat.
302 325 484 366 Utcumque
508 325 588 363 erit;
618 324 769 363 constat,
803 325 925 356 usuram
969 324 1084 355 vei-ba:
1109 325 1205 364 Sipro
1227 331 1332 356 riziitua
1347 327 1472 366 pecunia
1492 336 1577 367 qaam
1595 336 1613 357 a
1630 328 1765 358 creditore
1782 335 1836 368 po·

68 378 132 401 non
162 377 282 401 tar-,tum
306 377 345 399 ex
370 374 531 398 numerata
557 366 693 406 pecunia
713 389 721 404 ,
754 365 806 397 scd
829 367 924 398 ctiam

69 420 107 442 ex
125 411 278 442 frutribus
294 433 303 448 ‚
338 409 466 447 deberi;
489 408 518 439 ἃ
537 408 701 447 utriusque
728 406 791 438 five
816 417 924 439 acces·

66 454 184 484 sionem
203 475 212 491 ,
243 451 305 482 sive
330 450 578 481 additamentum
595 472 604 488 ,
629 449 748 479 haberi.
792 448 864 480 Nec
882 449 924 481 sat

68 492 152 531 scio,
177 493 251 534 quid
274 492 409 523 moverit
430 490 631 529 Salmasium,
662 489 709 521 De
727 491 823 530 usuris
839 501 862 524 c.
874 501 922 524 20.

63 542 131 577 pag.
152 539 221 574 615.
252 533 287 567 δὲ*
306 533 363 574 seq.
388 540 422 563 ut
441 532 632 563 existimaret
647 555 657 571 ,
691 531 869 574 acceffionem
893 533 922 564 δι

65 578 293 607 additamentum
315 574 442 615 proprie
464 573 526 606 dici
552 574 592 605 de
620 573 716 605 usuris
734 583 799 605 non
824 583 920 615 pecu-

64 619 122 648 niae
135 640 144 655 ,
161 617 219 648 'scd
238 616 394 647 fruetuum
412 624 524 646 mutuo
541 616 698 646 datorum.
723 615 754 646 id
772 616 855 646 enim
874 626 920 647 re·

62 659 183 690 futatur
204 658 222 688 l.
243 667 289 697 70.
314 657 341 698 §.
364 666 388 689 1.
410 656 453 688 D.
474 658 506 687 de
521 657 623 698 legatis
640 657 689 687 iil).
702 666 730 688 2.
747 656 766 688 i.
787 661 831 691 18.
850 657 919 688 Cod.

65 699 166 731 Theod.
190 700 222 729 (ie
238 697 352 739 lustrali
370 699 537 729 conlatione.
559 699 578 729 l.
603 707 648 730 12.
674 698 704 728 ὀί
727 698 746 728 l.
765 708 813 739 23.
838 700 871 730 C.
888 700 921 729 de

61 742 173 780 usuris:
196 743 226 771 in
250 741 363 780 quibus
385 749 420 771 ea
439 740 594 771 vocabula
611 740 649 770 de
667 739 761 770 usuris
782 748 844 771 tam
866 749 919 779 pe·

63 783 187 820 cuniae,
220 791 311 821 quam
336 781 494 813 fruetuum
514 805 524 820 ,
553 780 730 812 indistincte
760 781 919 821 accipiun-

63 831 122 856 tur.
147 824 198 855 sed
217 824 245 855 ἃ
268 822 333 860 ipl'e
349 822 469 854 fatetur
491 824 519 854 d.
542 823 593 854 loc.
624 821 786 853 Salmasius
802 825 835 853 de
852 822 919 853 aliis

62 866 158 906 usuris
178 865 362 896 acceffionis
378 865 550 895 vocabulum
566 862 669 904 paffim
682 865 761 903 poni.

101 905 202 946 igitur
221 907 309 938 usura
328 905 372 937 est
397 905 531 937 access'io
549 906 690 945 pecuniae
710 904 760 936 vel
777 902 917 944 frugum.

62 957 99 979 an
117 940 152 979 ⁸&
178 957 350 988 corporum
363 947 379 979 ἱ)
410 947 495 989 finge
512 970 521 985 ,
552 955 659 977 aurum
682 946 733 977 vel
751 952 918 986 argentum

61 989 179 1021 sacrum
197 989 241 1020 est
258 998 314 1029 per
332 987 607 1020 fideicommiffurn
626 987 769 1033 relietum
785 1009 795 1025 ,
821 984 916 1032 ‘vasa,

62 1031 151 1062 verbi
173 1031 281 1071 gratia.
311 1031 342 1061 in
366 1031 538 1061 traditione
560 1038 649 1060 mora
673 1034 853 1073 intervenit.
878 1035 915 1057 an

62 1071 207 1105 facienda
231 1072 389 1102 usurarum
410 1071 575 1103 aesti‘matio
596 1069 665 1102 est?
695 1070 723 1100 ἃ
745 1067 916 1114 siquidem

62 1113 192 1144 materia
214 1113 268 1144 ista
292 1112 366 1144 ideo
398 1112 505 1143 reliCta
533 1111 595 1150 fit,
625 1119 658 1142 ut
689 1120 724 1141 ea
753 1107 915 1146 disti-atla,

63 1155 198 1196 pecunia
228 1163 296 1193 qua:
319 1153 461 1191 rescita,
493 1150 729 1184 fideicommissa
757 1151 916 1181 solveren-

64 1205 114 1227 tur
128 1219 137 1233 ,
158 1202 210 1226 aut
227 1196 374 1226 alimenta
389 1194 623 1234 praestarentur3
647 1192 754 1223 deberi
773 1190 892 1222 usuram
904 1213 914 1229 ,

62 1237 249 1277 Papinianus
273 1236 395 1266 scribit:
425 1244 489 1266 non
511 1234 595 1265 enim
614 1240 766 1273 oportere
787 1231 914 1263 frustra-

64 1279 185 1308 tionem
207 1276 392 1316 impunitam
420 1275 507 1306 effe:
540 1273 592 1305 sed
616 1273 637 1305 fi
669 1273 756 1304 forte
781 1274 856 1304 ideo
879 1273 915 1304 fit

59 1318 186 1353 relicta,
210 1317 309 1347 uthis
327 1315 401 1347 vafis
419 1323 579 1354 uteretur3
610 1324 674 1346 non
700 1314 786 1354 posse
810 1313 913 1346 usuras

58 1358 121 1390 fine
134 1358 250 1389 rubore
270 1356 433 1388 desiderari
451 1357 508 1397 l.3.
529 1356 556 1398 §.
575 1356 628 1387 ult.
651 1355 693 1387 D.
718 1357 751 1386 de
766 1356 872 1396 asteris.

98 1399 141 1431 At
157 1399 240 1430 enim
258 1397 371 1430 Paulus
395 1398 415 1429 l.
438 1406 481 1438 17.
500 1397 528 1438 ᾖ.
547 1397 602 1429 ult.
625 1397 668 1428 D.
692 1399 751 1428 eod.
776 1398 822 1428 tit.
847 1397 911 1435 ait,

60 1440 93 1472 Si
108 1441 167 1471 dies
190 1449 247 1470 non
264 1438 305 1477 fit
324 1441 358 1470 ab
381 1439 424 1470 his
446 1437 625 1480 qtiistcituas
649 1439 695 1469 vel
713 1440 852 1479 imagines
862 1446 913 1479 po—

58 1483 166 1512 rtendat
192 1481 379 1523 legaverunt,
407 1480 592 1521 prefinitus,
625 1490 642 1511 a
660 1479 782 1517 Proesitie
803 1486 913 1520 tempus

48 1520 236 1564 statuendum
254 1520 312 1562 est:
337 1521 374 1556 ὅ)
398 1520 453 1559 rzifi
466 1522 612 1562 posuerint
636 1521 747 1552 heredes
765 1545 775 1560 ‚
808 1522 912 1559 usuras

57 1564 210 1604 reipublicae
231 1572 318 1604 usqae
334 1564 372 1594 ad
389 1564 504 1594 tertiam
519 1560 672 1601 centesimae
684 1564 822 1603 pendent.
853 1561 913 1593 Le-

52 1614 134 1647 gatae
156 1612 377 1645 proponuntur
392 1603 500 1635 statuae
522 1604 573 1635 vel
597 1605 770 1645 imagines,
800 1603 839 1635 ab
858 1604 913 1634 he·

54 1646 129 1678 rede
148 1647 314 1687 ponendae.
339 1646 381 1677 ait
397 1644 531 1685 Paulus,
548 1645 718 1685 heredem,
739 1645 761 1677 fi
777 1655 828 1677 eas
845 1654 912 1676 non

54 1686 196 1728 posuerit
221 1688 301 1719 intra
331 1685 520 1728 praefinitum
544 1694 670 1728 tempus
686 1711 695 1726 ‚
725 1687 910 1728 reipublicae

52 1728 157 1761 usuras
175 1729 304 1761 debere.
326 1728 395 1760 vult
409 1728 520 1769 igitur,
544 1727 648 1761 usuras
665 1738 706 1760 ex
721 1728 911 1769 corporibus

55 1770 169 1810 pendi:
198 1769 270 1810 quia
286 1770 357 1801 vult
372 1792 382 1808 ,
413 1779 464 1801 eas
487 1770 582 1810 pendi
606 1779 646 1801 ex
663 1770 774 1811 legatis
793 1769 911 1801 statuis.

57 1810 119 1843 Sed
138 1811 168 1842 &
185 1810 412 1843 Constantinus
430 1811 449 1840 l.
468 1820 516 1851 25.
542 1811 575 1842 C.
594 1813 651 1842 eod.
669 1813 715 1842 tit.
738 1810 828 1850 infit,
852 1810 912 1842 Pro

54 1862 125 1884 auro
150 1851 186 1887 ὅ)
210 1857 327 1894 argento
352 1850 389 1886 &³
413 1850 488 1891 veste
502 1851 585 1891 festo
612 1852 794 1893 chirographo
817 1853 913 1883 licitas

45 1894 153 1933 solvi,
184 1894 230 1925 vel
251 1893 385 1934 promitti
415 1897 518 1932 usuras
540 1892 687 1935 juffimus.
738 1892 826 1935 Quid
851 1892 914 1924 ni?

54 1944 128 1967 nam
146 1935 167 1967 fi
186 1935 225 1967 ad
243 1934 338 1966 usurae
356 1935 585 1975 proprietatem
604 1934 723 1975 spectes
735 1957 744 1973 ,
763 1934 911 1980 indigitat

54 1976 141 2009 usum
159 1986 223 2008 non
242 1977 343 2008 minus
360 1985 554 2016 corporum,
572 1985 666 2017 quam
684 1982 908 2017 quantitatum.

54 2019 130 2058 quid
154 2019 184 2049 ni
207 2018 302 2059 igitur
330 2026 421 2058 aeque
444 2018 480 2048 ad
512 2026 685 2057 corporum
704 2040 714 2055 ,
750 2025 847 2057 atque
870 2016 909 2048 ad

53 2059 266 2100 quantitatum
280 2082 289 2097 ,
310 2058 519 2089 acceffionem
541 2057 723 2089 referatur?

92 2100 153 2132 Sed
179 2098 565 2139 eximamus-scrupulum.
591 2100 677 2140 quod
695 2100 733 2131 ad
758 2098 911 2131 Constan-

51 2142 150 2173 tinum
168 2141 300 2173 attinet:
324 2141 415 2182 (nam
430 2141 469 2172 ab
485 2151 526 2172 eo
545 2142 669 2172 initium
686 2140 823 2180 faciam)
846 2150 910 2173 non

50 2182 93 2214 fic
110 2183 312 2224 accipiendus
335 2182 405 2221 est,
436 2182 519 2223 quasi
538 2182 672 2222 jubeat,
703 2191 762 2222 pro
779 2191 857 2213 auro
879 2182 909 2214 &

51 2232 184 2265 argento
201 2223 287 2256 facto
304 2247 314 2263 ‚
344 2232 398 2255 aut
420 2233 479 2264 pro
497 2223 603 2263 veste,
635 2224 667 2256 id
685 2224 730 2255 est
744 2246 754 2262 ,
784 2232 842 2264 pro
860 2224 908 2255 his

53 2265 244 2305 corporibus
259 2288 269 2304 ,
307 2264 384 2297 solvi
424 2265 474 2296 vel
506 2265 667 2304 promitti»
685 2264 800 2297 usuras,
842 2275 908 2297 non

52 2304 116 2336 fuit
133 2305 219 2345 haec,
241 2305 295 2337 etsi
309 2306 467 2345 creditur,
491 2306 703 2338 Constantino
722 2315 820 2338 mens.
843 2316 907 2337 ma-

51 2346 97 2388 gis
115 2347 217 2378 voluit
236 2346 366 2379 definire
383 2347 442 2379 hac
459 2346 571 2379 diserta
595 2348 686 2390 lege,
716 2347 782 2387 (est
802 2348 906 2387 enim,

52 2395 87 2418 ut
105 2386 271 2428 Inscriptio
298 2389 434 2427 indicat,
465 2389 514 2420 Aa
531 2389 690 2429 Populum)
712 2389 732 2421 li
751 2389 822 2420 talia
839 2398 908 2421 cor·

49 2438 129 2469 pora
147 2429 285 2461 debitori
303 2428 451 2461 aestimata
467 2430 538 2461 data
553 2430 629 2470 fint,
646 2440 716 2472 quae
735 2429 832 2462 usurae
849 2440 908 2470 pro

51 2479 88 2501 ea
105 2470 310 2503 aestimatione
335 2472 479 2512 promitti
496 2479 548 2502 aut
572 2471 648 2503 solvi
671 2472 818 2503 debeant.
845 2472 908 2503 hoc

51 2512 134 2552 agit:
157 2521 217 2543 nec
238 2521 319 2553 opus
344 2512 440 2545 multa
458 2511 631 2545 arcessere:
662 2521 785 2545 tantum
810 2513 908 2544 verba

52 2552 294 2586 confideremus.
317 2563 382 2585 non
406 2553 589 2594 simpliciter
612 2554 702 2594 jubet
727 2554 908 2586 Constanti·

53 2601 128 2632 nus,
150 2603 209 2634 pro
225 2604 300 2626 auro
317 2594 348 2626 δε
364 2603 496 2637 argento
515 2595 544 2627 &
563 2597 670 2635 veste,
697 2596 783 2628 facto
801 2596 907 2627 chiro-

56 2635 174 2675 grapho
191 2659 201 2675 ,
231 2635 309 2668 solvi
335 2636 384 2668 vel
407 2637 552 2677 promitti
575 2636 696 2670 usuras:
729 2637 780 2669 sed
794 2637 907 2677 jubet,

55 2682 114 2713 pro
130 2675 195 2714 his,
216 2676 301 2709 facto
318 2677 532 2719 chirographo
547 2701 557 2717 ,
589 2678 667 2711 solvi
686 2679 737 2711 vel
761 2680 906 2719 promitti

56 2713 158 2761 usuras
172 2717 298 2758 licitas,
321 2719 353 2750 id
375 2719 438 2758 est,
461 2727 583 2751 tantum
604 2720 810 2758 centesimas,
841 2729 907 2752 non

57 2763 199 2795 majores.
228 2758 264 2790 fit
289 2759 405 2791 thema.
437 2760 591 2801 poscebas
614 2772 631 2793 a
651 2760 745 2793 Titio
765 2769 908 2794 mutuam

56 2798 232 2836 pecuniam.
257 2800 308 2832 ille
327 2810 400 2833 curn
419 2811 484 2833 non
507 2802 640 2834 haberet
657 2827 666 2841 ‚
697 2805 748 2835 vel
773 2812 838 2834 non
858 2803 909 2833 ba-

59 2837 136 2868 bere
160 2837 189 2869 se
211 2838 386 2874 simularet:
417 2843 504 2874 dedit
530 2844 586 2874 tibi
618 2845 737 2885 aliquas
762 2844 882 2884 species
897 2867 907 2883 ,

56 2885 133 2925 puta
152 2888 260 2912 aurum
277 2883 327 2914 vel
343 2892 505 2924 argentum
522 2883 640 2917 fastum
658 2887 707 2918 vel
734 2885 854 2923 vestes,
877 2894 909 2916 u-

56 2926 200 2965 triusque
221 2921 369 2955 consensu
392 2924 564 2958 aestimatas.
593 2936 670 2958 mox
687 2937 755 2959 eam
777 2926 906 2958 aestima-

57 2967 177 3006 tionem
189 2986 198 3000 ‚
222 2972 263 2994 ex
277 2973 376 3004 eaque
391 2965 492 2998 usuras
507 2967 640 3007 majores
657 2969 749 3001 licitis
760 2992 769 3007 ‚
787 2968 850 2999 five
866 2968 911 3000 le·

54 3003 172 3048 gitimis
192 3026 201 3041 ,
236 3005 267 3035 id
291 3004 359 3042 est,
388 3007 564 3040 centesimis
582 3032 591 3048 ,
614 3010 776 3051 stipulatus
794 3009 848 3041 est.
870 3010 908 3041 fit

55 3042 312 3089 ehii·ographum.
336 3055 406 3086 quoe
431 3048 588 3081 debentur
604 3051 700 3083 usurae
714 3051 731 3083 ,9
751 3051 906 3092 J'uffiinus,

53 3092 174 3124 inquit,
207 3085 452 3126 Constantinus,
484 3089 604 3130 licitas,
634 3093 666 3124 id
688 3093 752 3131 est,
784 3100 906 3124 tantum

54 3125 257 3165 centesimas,
290 3129 390 3169 (ultra
414 3129 507 3161 nullae
527 3130 595 3163 sunt
617 3133 731 3173 licitae)
754 3134 829 3165 solvi·
855 3135 907 3167 vel

54 3168 198 3205 promitti
227 3169 341 3201 usuras.
386 3170 437 3202 Sic
460 3172 498 3203 ad
529 3172 684 3213 Populum
706 3176 769 3215 jam
795 3174 907 3208 diserta

54 3207 125 3248 lege
142 3208 378 3243 Constantinus.
409 3221 480 3245 nam
499 3213 562 3244 hoc
579 3216 677 3247 modo
692 3224 765 3248 ante
779 3218 905 3250 cuidam
954 3242 955 3245 η

52 3246 190 3282 Proculo
208 3250 331 3285 homini
349 3253 494 3294 privato,
525 3263 646 3289 tantum
664 3258 703 3291 de
726 3257 811 3290 facto
831 3268 905 3292 con·

958 366 1058 404 scebas
1075 388 1085 404 ,
1121 372 1274 407 argentum
1299 367 1345 397 vei
1364 368 1500 408 jumenta
1519 391 1528 406 ,
1559 368 1604 398 vei
1635 368 1708 400 alias
1722 369 1832 409 species

967 408 1118 448 utriusque
1142 409 1276 448 consensit
1307 407 1459 448 aeftzmatas
1481 408 1616 450 accepisti
1634 433 1643 449 ,
1676 412 1741 441 dato
1762 420 1834 442 auro

960 449 1096 489 pigriori,
1120 449 1184 479 licet
1207 450 1286 480 ultra
1309 458 1426 490 usuram
1451 449 1628 488 centefimam
1654 453 1759 488 usuras
1777 450 1834 492 sti-

963 490 1081 530 pulanti
1090 489 1285 531 spopondisti.-
1309 491 1477 532 tamensors
1494 501 1554 533 quw
1573 491 1754 533 estimatione
1764 494 1832 534 pla-

966 533 1020 562 cito
1039 533 1172 572 partium
1194 532 1315 571 definita
1341 532 1398 572 est,
1429 531 1465 567 δέ)
1481 543 1637 571 usurarum
1654 535 1737 565 titulo
1760 536 1831 576 legi-

967 574 1038 603 tima
1061 579 1177 604 tantum
1194 573 1266 604 recte
1281 575 1405 614 petitur.
1448 574 1501 605 Sic
1524 575 1713 615 legendum,
1736 577 1833 618 legiti-

963 623 1011 644 ma
1042 620 1183 654 tantum,
1222 616 1254 646 id
1285 614 1330 646 est
1348 638 1358 654 ,
1388 615 1558 646 centefima
1591 625 1739 649 tantum:
1773 617 1830 648 etss

964 655 1062 697 vulgo
1080 657 1185 687 editur
1199 679 1208 695 ,
1232 657 1358 697 legitima
1370 659 1489 696 summa
1511 662 1642 689 tantum:
1667 658 1755 689 sensu
1769 659 1829 690 mi-

963 698 1050 728 nime
1083 698 1214 729 idoneo.
1265 698 1327 729 Sed
1366 706 1521 739 apparet,
1559 707 1575 728 a
1615 698 1829 731 Constantino

963 747 1029 769 non
1055 740 1179 778 quaeri3
1215 749 1253 770 an
1284 739 1380 770 usurae
1408 739 1523 779 poffint
1551 739 1659 772 deberi
1685 751 1725 772 ex
1749 751 1828 773 auro

963 779 993 809 &
1023 788 1156 820 argento
1190 779 1220 811 ἃ
1251 780 1364 819 veste3
1399 781 1451 812 sed
1481 789 1632 822 quantae‚
1671 782 1718 813 his
1750 782 1831 813 aesti-

961 821 1073 858 matis,
1104 821 1220 861 poffiiit
1241 831 1281 853 ex
1300 821 1507 854 aestimatione
1531 822 1638 854 deberi
1657 822 1743 855 faCto
1760 824 1831 855 chi-

960 861 1133 901 rographo.
1167 871 1233 893 erat
1267 871 1373 894 autem
1406 864 1510 904 aliqua
1540 865 1679 895 avaritiae
1711 865 1828 903 causa,

959 910 1014 933 aut
1051 903 1159 942 potius
1195 904 1313 942 color,
1345 905 1398 936 hic
1431 906 1562 946 petendi
1594 905 1696 938 usuras
1728 909 1827 947 majo-

960 953 1009 975 res
1034 943 1130 975 licitis
1145 967 1155 983 ,
1187 944 1250 976 five
1270 945 1420 985 legitimis
1437 970 1447 985 ,
1476 948 1508 978 id
1524 947 1568 978 est
1585 971 1594 986 ‚
1627 948 1829 985 centesimis,-

959 984 1048 1025 quod
1064 983 1251 1017 foeneratori
1275 988 1353 1018 ess'et
1375 987 1586 1029 frangendum
1600 1011 1609 1026 ‚
1643 989 1732 1021 verbi
1758 1000 1828 1031 gra-

961 1028 1004 1056 tia
1021 1049 1031 1064 ,
1062 1034 1229 1067 argentum
1246 1050 1255 1065 ‚
1287 1037 1439 1060 aurumve
1455 1052 1466 1068 ‚
1498 1029 1734 1070 fabrefaeluin3
1764 1040 1828 1062 nec

960 1067 1104 1108 iniquum
1131 1068 1316 1108 videretur,
1354 1071 1387 1101 id
1413 1071 1562 1102 damnum
1592 1072 1621 1102 ei
1652 1082 1669 1103 a
1700 1072 1828 1104 ‹lebito-

959 1117 994 1139 re
1024 1108 1145 1148 majore
1179 1108 1292 1149 usura,
1332 1119 1426 1151 quam
1457 1113 1565 1152 licita,
1595 1115 1739 1154 reparari.
1777 1123 1829 1146 au-

959 1149 1028 1181 Ctor
1050 1150 1233 1181 Ambrosius
1253 1174 1262 1188 ‚
1295 1150 1343 1182 De
1367 1151 1453 1184 Τωβία
1475 1164 1499 1184 c.
1517 1164 1546 1193 3.
1573 1157 1670 1186 verba
1688 1155 1826 1187 Ambro-

958 1190 1002 1222 sii.
1043 1192 1088 1222 At
1110 1193 1159 1222 ubi
1174 1193 1328 1232 usurarum
1350 1195 1454 1225 mentio
1464 1195 1551 1235 faeta
1560 1195 1679 1235 fuerit,
1711 1204 1764 1228 aut
1775 1197 1825 1238 pi-

955 1234 1057 1273 gnoris
1073 1256 1084 1271 ,
1114 1239 1184 1263 tunc
1206 1232 1312 1274 ahjeeio
1329 1235 1485 1275 supercilio
1500 1236 1664 1276 faenerator
1687 1240 1797 1269 arridet
1811 1261 1825 1277 ,

960 1273 996 1307 ἐξ)
1027 1284 1111 1315 quem
1141 1280 1209 1305 ante
1232 1276 1380 1316 cognitam
1402 1275 1460 1315 filii
1483 1280 1666 1317 denegabat,
1703 1283 1826 1311 eundem

956 1320 1097 1356 tanquam
1110 1321 1263 1356 paternam
1280 1318 1441 1348 amicitiam
1458 1322 1625 1350 recordatus
1640 1321 1729 1357 osculo
1747 1323 1826 1352 exci-

951 1358 1027 1397 pit,
1057 1357 1235 1389 hereditariae
1259 1358 1371 1397 pignus
1402 1359 1554 1391 charitatis
1576 1361 1698 1401 appellat
1715 1384 1725 1400 ,
1753 1361 1826 1402 flere

950 1398 1091 1438 prohihet.
1135 1398 1327 1442 Quaeremus,
1349 1401 1466 1442 inquit,
1499 1403 1593 1440 dorni,
1611 1401 1638 1439 fi
1654 1404 1726 1443 quid
1742 1404 1825 1434 nohis

949 1440 1078 1480 pecuniae
1101 1439 1139 1480 est
1154 1462 1165 1475 ,
1189 1440 1337 1481 frangam
1355 1449 1472 1482 propter
1499 1450 1525 1473 te
1546 1450 1701 1484 argentum
1725 1451 1826 1486 pater-

955 1491 1026 1511 num
1051 1484 1125 1522 quod
1145 1482 1348 1521 fabrefactum
1373 1482 1421 1524 est.
1441 1484 1601 1524 plurimum
1629 1487 1729 1516 damni
1751 1489 1825 1518 erit:

954 1531 1016 1562 quae
1033 1524 1128 1559 usitrae
1149 1524 1369 1563 corripenl'ahurzt
1388 1526 1486 1566 pretia
1510 1527 1736 1560 emblematum?
1767 1529 1826 1559 Sed

953 1570 1004 1603 pro
1020 1566 1108 1595 amico
1129 1565 1306 1604 dispendium
1328 1575 1386 1596 non
1402 1566 1611 1607 reformidabo,
1642 1578 1707 1599 cum
1728 1571 1825 1600 reddi·

954 1605 1048 1643 deris,
1070 1605 1208 1645 reficiam.
1235 1605 1341 1647 Itaque
1358 1613 1513 1649 antequam
1531 1610 1594 1648 det,
1617 1609 1731 1649 reficere
1738 1609 1828 1651 festi-

953 1651 1031 1677 nat:
1063 1646 1099 1681 {5⁹
1122 1648 1174 1688 qui
1198 1648 1229 1677 in
1242 1649 1363 1687 summa
1378 1651 1531 1686 subvenire
1545 1651 1580 1690 se
1597 1652 1685 1689 dicit,
1717 1654 1824 1691 usuras

952 1688 1055 1727 exigit.
1096 1688 1257 1727 Kalendis,
1279 1691 1395 1730 inquit,
1419 1692 1525 1731 usuras
1541 1693 1638 1724 dahis:
1653 1693 1757 1733 faenus
1776 1694 1823 1731 in-

953 1731 1054 1769 terim,
1072 1728 1102 1768 fi
1119 1739 1176 1761 non
1196 1731 1329 1761 habueris
1345 1733 1422 1762 unde
1440 1730 1593 1773 restituas,
1619 1743 1677 1765 non
1696 1735 1825 1776 requiro,

955 1770 1003 1801 Ita
1025 1776 1060 1802 ut
1079 1772 1168 1811 semel
1200 1773 1248 1802 det
1263 1794 1274 1811 ,
1303 1773 1476 1814 frequenter
1501 1775 1617 1815 exigit,
1650 1775 1687 1810 ὅ)
1709 1780 1823 1817 semper

947 1810 1005 1849 fibi
1025 1813 1121 1843 debere
1140 1811 1238 1853 efficit.
1280 1813 1351 1844 Hac
1379 1822 1442 1845 arte
1467 1815 1576 1847 trafiat
1601 1817 1713 1849 virum.
1756 1818 1823 1850 Ita·

954 1862 1009 1893 que
1027 1855 1113 1893 prius
1129 1863 1193 1884 etim
1211 1854 1407 1894 chirographis
1425 1856 1518 1897 ligat,
1541 1857 1578 1892 δέ)
1603 1857 1759 1901 adstringit
1773 1869 1824 1891 ‘vo-

954 1895 994 1924 cis
1016 1898 1080 1932 Juoe
1109 1896 1241 1926 nexibus.
1292 1895 1482 1928 Numeratur
1498 1901 1635 1939 pecunia.
1679 1900 1824 1942 Exposui

955 1934 1210 1969 Constantinum.

994 1975 1099 2008 Venio
1124 1979 1162 2009 ad
1186 1978 1330 2011 Paulum.
1360 1988 1422 2010 nec
1446 1981 1471 2012 is
1499 1982 1603 2014 voluit
1626 1983 1654 2014 d.
1678 1983 1697 2014 l.
1719 1993 1765 2025 17.
1789 1984 1821 2026 ᾗ.

954 2017 1010 2048 ult.
1035 2019 1074 2049 ab
1092 2018 1211 2051 herede
1238 2020 1332 2060 pendi
1351 2021 1456 2053 usuras
1478 2022 1663 2057 statuarum:
1687 2023 1741 2057 sed
1764 2035 1820 2065 pe-

955 2059 1054 2090 cuniae
1085 2059 1283 2093 hereditariae
1299 2084 1308 2100 ‚
1338 2071 1400 2102 qua
1423 2073 1495 2095 eum
1520 2064 1634 2097 statuas
1662 2075 1703 2097 ex
1728 2067 1822 2098 testa-

953 2109 1066 2132 mento
1094 2111 1202 2134 emere
1221 2103 1250 2135 ἃ
1268 2112 1391 2144 ponere
1409 2106 1594 2145 oportebat.
1620 2107 1772 2140 dicuntur
1788 2119 1822 2140 e-

953 2145 1019 2173 nim
1037 2143 1132 2183 legari
1154 2147 1315 2184 ponendae
1330 2144 1438 2176 statuae
1457 2170 1466 2185 ‚
1489 2156 1562 2179 curn
1579 2148 1702 2190 legatur
1720 2159 1820 2190 pecu-

952 2184 1004 2215 nia
1035 2185 1074 2216 ad
1106 2186 1305 2226 emptionem
1335 2186 1593 2229 positionemque
1627 2190 1819 2231 statuarum;

953 2225 1094 2266 denique
1110 2249 1120 2266 ,
1153 2236 1225 2258 curn
1252 2228 1345 2259 heres
1366 2228 1495 2268 jubetur
1519 2230 1650 2263 statuam
1674 2240 1819 2275 ponere,

950 2266 1129 2299 faciendam
1144 2267 1279 2308 summa,
1303 2279 1320 2301 a
1338 2268 1489 2302 testatore
1512 2271 1702 2314 praescripta.
1726 2273 1768 2306 fic
1786 2286 1819 2307 e·

950 2308 1016 2340 nim
1039 2308 1142 2341 solent
1170 2311 1336 2342 testatores
1353 2334 1362 2350 ‚
1393 2321 1459 2343 non
1482 2315 1594 2354 utique
1613 2314 1719 2356 legare
1737 2316 1817 2356 ipsas

951 2349 1083 2382 statuas:
1107 2351 1139 2382 id
1163 2350 1224 2390 est,
1249 2359 1336 2383 certa
1352 2362 1513 2393 corpora;
1547 2355 1600 2386 sed
1619 2364 1740 2387 certain
1761 2367 1816 2398 pe-

950 2393 1076 2423 cuniam
1097 2401 1191 2432 quam
1213 2394 1243 2425 in
1258 2393 1373 2425 statuas
1392 2393 1555 2426 faciendas
1580 2398 1815 2439 ponendasque

951 2433 1093 2472 impendi
1115 2433 1228 2465 velint.
1271 2434 1307 2466 Id
1332 2434 1471 2466 ostendit
1487 2435 1619 2476 sequen:
1644 2437 1758 2480 Lapis,
1784 2449 1817 2472 a·

950 2475 1016 2515 pud
1033 2473 1229 2514 Gruterum,
1246 2483 1317 2517 pag.
1337 2485 1405 2517 ¹59·
1430 2476 1522 2517 Inscr.
1539 2488 1568 2514 9.

1054 2525 1206 2547 MELIli.
1231 2525 1447 2549 ANNIANA.
1478 2528 1523 2551 IN
1549 2528 1709 2553 MEMoR

1088 2566 1309 2597 Q.LAE1›1ct.
1336 2568 1368 2599 Q·
1393 2567 1420 2590 F.
1446 2569 1531 2592 SER.
1556 2570 1678 2594 RASSI

1004 2606 1184 2630 MARITJ.
1207 2608 1285 2631 sut.
1309 2609 1556 2634 EMPORIUM.
1581 2613 1755 2638 STERNI.

1356 2651 1408 2674 ET

1062 2688 1223 2713 ARGUM.
1250 2689 1470 2716 FIER1.ET.
1495 2694 1698 2720 STATUAS.

1258 2732 1502 2758 SUPERPoN1

1034 2772 1151 2795 TEST.
1173 2773 1280 2804 JUss,
1304 2775 1365 2798 Ex.
1390 2777 1447 2799 Hs.
1469 2769 1643 2804 δ’ἒῖῆῖῑ.
1667 2780 1725 2804 PR.

950 2803 1064 2836 Solent
1081 2805 1110 2836 ἀ
1130 2807 1272 2845 pondus,
1293 2806 1381 2840 fimul
1395 2810 1576 2849 materiam,
1592 2811 1746 2852 definire,
1769 2823 1810 2845 ex

951 2855 1011 2887 qua
1029 2845 1059 2877 &
1075 2845 1142 2878 fieri
1167 2848 1196 2879 &
1222 2850 1298 2888 poni
1322 2849 1436 2883 statuas
1454 2858 1624 2892 oporteat:
1658 2854 1687 2885 &
1705 2864 1811 2887 exem-

950 2888 1037 2928 plum
1055 2888 1138 2928 apud
1155 2887 1347 2929 Gruterum,
1366 2899 1436 2934 pag.
1457 2903 1525 2925 101.
1546 2893 1640 2934 Inscr.
1658 2905 1686 2927 2.

972 2938 1173 2963 CAECILIA.
1197 2940 1437 2965 TRortirME.
1462 2942 1605 2966 STATU

971 2979 1043 3002 ΛΜ.
1068 2980 1207 3005 ΜΕΤΑ.
1233 2982 1543 3008 TESTAMENTO.
1568 2985 1643 3007 suo

971 3021 1033 3044 Ex.
1056 3022 1149 3045 ARG.
1174 3024 1202 3046 P.
1225 3024 1254 3046 c.
1278 3025 1365 3048 suo.
1392 3026 1454 3049 ET.
1480 3026 1639 3049 cAEclLI

969 3062 1332 3090 SILoN.MAR.801.
1358 3068 1543 3090 NOMINE.
1567 3067 1594 3088 P.
1618 3066 1648 3088 c.

968 3103 1002 3126 D.
1026 3105 1173 3129 CAECIL.
1197 3107 1427 3133 HOSPITAL.
1453 3109 1504 3130 ET
1526 3107 1582 3128 cAE

970 3145 1104 3170 CILIA.
1130 3148 1163 3170 D.
1187 3148 1216 3171 F.
1239 3149 1465 3173 MATERNA.
1490 3148 1549 3171 ΕΤ.
1574 3148 1633 3171 cAE

968 3187 1088 3212 01L1A
1110 3189 1314 3213 PRILETE.
1339 3190 1550 3213 HEREDES.
1574 3189 1671 3214 SINE

1159 3231 1284 3255 ULLA.
1309 3230 1594 3255 DEDUCTIONE

1319 3272 1378 3294 xx.
1402 3272 1430 3294 P.

1762 3308 1806 3341 Si-
