2036 3495
167 106 241 148 436

171 191 286 222 nolint.
312 188 387 220 Hoc
404 185 488 216 sensu
507 183 738 226 Quintilianus,
758 180 1037 218 Declam.v11.cap.

173 242 202 269 4.
237 230 394 265 Omnium,
417 228 538 265 inquit,
562 224 760 261 beneficiorum
783 219 838 260 ista
855 227 965 251 natura
980 220 1036 260 est,

174 278 207 303 ut
221 281 277 302 non
286 269 326 308 fic
344 265 501 306 neceffims,
518 266 569 303 sed
583 261 714 304 potestas.
746 262 887 303 quidquid
902 262 933 292 in
955 261 1039 292 hono-

175 322 233 344 rem
248 310 371 351 alicujus
385 309 535 338 inventum
551 304 589 345 eft
601 328 610 342 ,
624 302 728 340 definec
739 304 928 344 privilegium
941 302 1041 333 vocari

170 351 262 394 poste,
278 349 307 388 fi
323 358 415 390 cogas.
439 346 543 377 euntia
555 369 563 384 ‚
580 344 609 383 fi
625 346 761 382 videtur,
777 344 849 384 jura
861 344 1039 384 percurrite:

174 401 317 433 nusquam
333 393 398 421 adeo
410 395 462 429 pro
479 389 564 425 nohis⁴
568 386 687 424 sollicita
701 385 747 416 lex
761 384 816 425 est,
832 390 864 415 ut
879 386 954 426 quod
965 391 1038 424 prae-

167 433 248 474 stat,
271 435 447 471 extorqueat.
472 429 664 470 injuriarum,
682 427 782 464 caedis,
798 435 881 467 agero
891 424 1037 467 permzffl,

165 475 218 515 fici
235 483 291 504 tion
314 473 388 513 cogit
405 471 521 501 invitos.
551 471 617 500 acleo
631 475 701 508 pene
716 467 807 498 levius
824 465 882 507 est,
906 467 1042 497 ultionem

169 516 262 556 perire
272 538 280 552 ,
296 523 383 554 quam
392 509 564 554 potestatem.
578 519 671 551 genus
678 509 833 549 servitutis
843 507 881 548 ‘³st
897 507 993 539 coatia
1008 508 1041 538 li·

173 559 285 593 hertos‚
302 553 338 589 &P
352 556 447 584 eadem
462 554 618 593 iniquitas,
642 550 784 591 quidquid
803 551 835 579 cle
849 551 940 580 invito
956 550 1041 580 homi-

173 606 208 627 ne
216 596 325 635 facias.
350 594 512 634 Improbat
527 593 621 633 igitur
631 592 751 622 Praetor
766 590 856 630 pasta
871 598 983 621 contra
997 591 1041 620 le-

172 648 228 679 ges
244 637 344 675 faeta,
360 635 380 667 fi
399 637 434 666 ad
453 635 613 675 publicam
632 632 789 664 laesionem
801 631 959 671 spectent:
976 640 1042 662 non

174 688 283 718 aeque,
306 677 327 709 fi
340 678 379 709 ad
399 677 562 717 privatam.
587 675 616 705 ἀ
635 673 680 705 est
695 674 877 713 exemplum
894 672 923 703 in
949 672 1042 712 paeto

173 721 213 751 de
231 721 358 760 injuria3
374 717 394 749 fi
410 717 489 748 facta
505 716 560 754 fit3
577 725 616 746 ex
634 724 736 754 eaque
751 714 886 744 civiliter
898 714 926 745 &
943 714 1044 753 priva-

174 770 209 792 to
223 762 289 801 jure
305 768 412 801 agatur
429 768 467 789 ex
485 759 554 799 lege
564 754 961 788 DuodecimTabularum.
978 763 1043 786 non

173 803 354 842 enimjubet
368 799 565 838 ea,invitum
577 807 686 839 agere:
699 796 751 827 sed
769 797 933 829 volentem
950 805 1042 835 agere

173 843 245 875 finit
268 852 371 883 agere.
402 843 486 877 ime,
511 848 544 871 ut
563 838 671 870 Festus
689 838 808 876 refert,
832 838 932 868 verbo
951 837 1043 869 Talio-

174 887 238 923 πίε,
255 894 290 915 ea
307 883 374 914 Lex
389 883 430 914 iic
446 882 535 912 dixit.
561 881 595 912 Si
609 881 765 912 membrum
780 880 915 919 rapuerit,
936 880 1042 909 niciim

174 927 306 966 εοραείι,
324 925 389 955 talio
406 921 469 963 esto.
488 921 749 963 permittitigitur
765 921 942 960 demini-ia,
959 920 1041 959 post-

175 976 267 1006 quam
285 966 365 997 facia
381 965 443 1003 est,
461 964 584 1004 paetum
602 962 680 994 fieri.
705 963 790 993 idem
802 963 862 993 dici
883 960 986 1001 potest
1002 961 1042 992 de

173 1008 264 1039 furto
277 1008 338 1048 jam
354 1005 502 1037 admifl'o:
520 1014 590 1036 nam
607 1005 647 1036 de
663 1013 703 1034 eo
719 1012 848 1043 quoque
863 1003 974 1034 eadem
992 1002 1044 1034 lex

174 1047 288 1090 pacisci
306 1048 462 1089 permittit
477 1047 496 1077 l.
511 1056 538 1086 7.
557 1046 586 1088 §.
608 1055 653 1084 14.
671 1044 712 1075 D.
728 1043 881 1086 depatiis:
897 1053 936 1074 eo
955 1044 1045 1083 quod

174 1090 306 1128 sufficit,
338 1090 441 1120 timeri
466 1097 595 1128 poenas,
618 1086 761 1117 nondum
784 1084 875 1116 facus
902 1085 1040 1116 delitiis:

173 1141 309 1171 nempe,
326 1140 365 1161 ne
381 1130 482 1161 civilis
495 1128 678 1168 conjunctio
693 1126 929 1167 interpelletur:
949 1134 980 1156 at
998 1126 1045 1158 his

174 1172 283 1208 factis,
308 1173 350 1203 nil
369 1170 498 1202 interest
514 1169 714 1210 reipublicae,
737 1167 832 1205 furti,
856 1175 909 1198 aut
925 1168 1047 1207 injuria-

174 1224 243 1245 rum
262 1214 309 1254 agi
327 1222 367 1244 ex
385 1212 566 1247 Duodecim
581 1209 735 1247 Tabuli3‚
751 1208 772 1240 si
789 1209 857 1249 quis
873 1209 954 1240 nolit
974 1218 1045 1249 age-

175 1265 220 1286 re.
252 1257 387 1295 primum
413 1262 476 1284 non
499 1251 604 1293 potest
627 1249 780 1282 infettum
805 1249 872 1280 fieri
895 1249 1044 1281 deliCtum

174 1296 234 1336 jam
260 1294 433 1326 admissum.
467 1294 580 1325 deinde
596 1291 725 1323 interest
743 1291 926 1331 reipublicae
941 1314 949 1329 ‚
972 1299 1045 1322 eum

176 1338 226 1368 cui
244 1344 406 1377 competat
424 1335 491 1366 baec
506 1342 559 1365 aut
575 1334 626 1365 illa
642 1332 742 1370 acuo,
759 1333 787 1362 ei
803 1332 987 1362 renunciare
1003 1339 1045 1362 at-

175 1387 238 1417 que
256 1388 272 1409 a
290 1381 414 1418 privato
427 1377 512 1416 jure,
531 1375 617 1406 fimul
632 1374 712 1405 alite
723 1381 817 1412 atque
834 1372 955 1403 ultione
971 1371 1046 1403 desi-

174 1419 267 1451 stere.
289 1419 329 1450 sic
339 1419 423 1449 enim
434 1417 536 1448 civilis
549 1421 737 1456 procuratur
748 1413 878 1444 societas
890 1422 983 1453 quarn
994 1414 1046 1444 lex

174 1460 364 1492 intendebat
380 1457 548 1498 propositis
566 1456 679 1496 poenis.
711 1455 796 1485 valet
811 1454 905 1494 igitur
920 1453 1046 1492 pactum

176 1502 217 1533 de
235 1500 342 1537 furto,
359 1500 388 1530 ἃ
405 1501 444 1529 de
457 1496 668 1536 injuriazquia
684 1504 749 1525 non
765 1493 808 1525 est
824 1493 971 1527 adversus
981 1504 1047 1527 rem

175 1541 356 1583 publicam,
379 1538 432 1570 sed
449 1536 596 1569 adversus
619 1537 784 1577 privatam.
814 1544 875 1575 qua
898 1536 951 1577 qui
979 1537 1048 1567 vult

173 1583 241 1619 uti,
265 1580 387 1621 potest:
412 1579 465 1619 qui
495 1587 560 1610 non
584 1578 671 1615 vult,
694 1586 760 1608 non
777 1577 913 1617 cogitur.
941 1576 1002 1616 sse,
1026 1577 1048 1609 fi

173 1623 299 1665 paetum
326 1621 381 1652 fiat
406 1619 476 1662 post
502 1618 701 1651 commissum
725 1618 884 1650 delictum.
911 1619 1005 1657 quid,
1027 1617 1049 1650 si

174 1671 248 1695 ante
265 1663 320 1695 fiat
332 1661 477 1704 patrum,
493 1660 545 1693 Ne
562 1664 651 1702 agam
669 1659 763 1697 furti,
778 1667 830 1690 aut
848 1660 1049 1700 injuriarum,

173 1704 195 1737 fi
209 1704 326 1737 deinde
343 1702 459 1736 feceris
476 1702 596 1734 furtum
607 1725 615 1741 ‚
631 1708 684 1732 aut
700 1700 868 1741 injuriam?
885 1710 947 1732 non
965 1701 1050 1732 valet

173 1746 322 1788 pat'tum:
339 1745 412 1786 quia
428 1744 525 1775 habet
544 1742 666 1775 causam
686 1750 820 1783 tui-pem.
844 1740 879 1772 fit
896 1743 981 1773 enim
998 1743 1049 1773 ad-

173 1787 279 1820 versus
303 1788 405 1829 legem
424 1795 493 1826 quae
513 1793 601 1816 vetat
618 1783 736 1815 furtum
755 1790 808 1814 aut
829 1783 972 1823 injuriam
995 1784 1048 1815 ad-

173 1830 268 1862 mitti.
291 1828 327 1860 fit
343 1829 438 1859 etiam
456 1825 603 1859 adversus
623 1825 782 1866 publicam
802 1825 971 1856 utilitatem
991 1825 1048 1856 tol-

173 1872 241 1903 lens
259 1879 362 1911 poenae
379 1876 520 1907 metum3
537 1877 609 1899 curn
626 1866 776 1905 expediat
790 1866 994 1906 reipublicae,
1010 1867 1048 1897 ti-

175 1913 254 1945 meri
266 1913 370 1953 legum
383 1919 491 1951 poenas
500 1910 518 1940 l.
530 1918 576 1949 27.
588 1909 617 1950 §.
627 1917 657 1946 4.
669 1906 710 1939 D.
721 1906 871 1947 alapatus:
895 1907 1048 1948 siquidem

263 1954 398 1985 Oderunt
416 1958 533 1992 peccare
550 1950 621 1981 mali
628 1949 789 1989 formidine
800 1955 899 1989 poenae.

174 1994 228 2026 Est
244 1995 273 2026 in
290 1995 309 2025 ί.
327 2004 354 2034 7.
373 1993 402 2036 §.
426 2002 469 2033 13.
492 1992 535 2023 D.
551 1992 608 2023 eod.
628 1991 674 2021 iit.
697 1989 801 2021 similis
819 1989 972 2029 inspectio
990 1990 1048 2021 cir·

177 2045 213 2067 ca
230 2036 374 2077 pastum,
392 2044 431 2066 ne
445 2033 572 2074 J'udicati
589 2039 712 2073 agatur,
731 2031 781 2062 vel
798 2030 993 2062 incensarum
1011 2040 1047 2061 ae-

177 2078 262 2108 dium
274 2101 282 2115 ‚
300 2086 369 2108 ante
382 2075 467 2107 fafto
484 2075 643 2106 incendio.
669 2080 778 2104 movet
791 2082 801 2111 ;
815 2073 901 2112 quod
914 2072 1047 2103 alterum

178 2119 222 2149 est
239 2118 461 2148 convellendae
481 2116 525 2147 rei
542 2116 708 2155 judicatae3
731 2113 863 2145 alterum
883 2115 1046 2144 remitten-

178 2161 226 2190 dae
242 2158 432 2198 disciplinae;
449 2165 620 2197 utrumque
638 2154 682 2186 est
700 2154 846 2186 adversus
863 2153 1046 2186 Duodecim

176 2200 335 2232 Tabulas:
360 2199 473 2239 quibus
491 2197 606 2237 positas
623 2196 684 2228 esse
701 2205 753 2228 eas
769 2195 940 2234 actiones,
952 2195 1048 2227 facile

178 2241 364 2281 intelligitur
381 2249 419 2270 cx
437 2238 647 2279 inscriptione
662 2238 679 2268 l.
690 2247 718 2273 9.
731 2237 771 2268 D.
788 2239 820 2267 ale
829 2238 973 2275 incendio,
988 2238 1047 2267 rui·

178 2293 216 2315 mi
229 2306 237 2320 ‚
261 2282 437 2322 naufragio,
455 2279 490 2313 ἐξ
505 2280 524 2310 l.
544 2289 572 2319 4.
592 2279 611 2310 l.
629 2289 658 2318 5.
681 2278 717 2312 ἐξ
733 2279 752 2309 l.
769 2287 798 2318 7.
817 2278 860 2309 D.
878 2280 911 2309 de
927 2288 956 2308 re
978 2278 1048 2309 'udi-

177 2331 251 2356 cam.
290 2323 353 2354 Sed
369 2323 550 2359 videamus,
573 2329 612 2351 ne
630 2327 799 2359 utrumque
816 2319 938 2359 pactum
966 2328 991 2350 it
1009 2320 1049 2350 de

179 2376 214 2397 re
230 2366 370 2406 privata,
393 2370 540 2394 neutrum
557 2362 596 2393 de
613 2370 646 2392 re
664 2360 801 2401 publica.
830 2370 926 2401 quare
944 2361 1048 2392 verius

179 2406 222 2438 cst
234 2430 242 2444 ,
257 2414 428 2445 utrumque
448 2403 569 2434 valere:
587 2412 651 2434 non
666 2401 746 2443 quasi
762 2401 886 2442 patiam
903 2401 1048 2433 adversus

177 2449 264 2487 leges
283 2447 440 2478 servetur:
465 2444 517 2476 sed
535 2443 617 2484 quafi
633 2445 661 2475 ei
676 2444 727 2474 cui
752 2443 906 2475 conceffae
922 2443 981 2475 sint
1000 2443 1047 2474 hae

179 2489 334 2526 actiones,
359 2488 514 2526 integrum
531 2486 566 2517 fit
584 2486 628 2517 eis
640 2485 702 2523 uti,
727 2485 778 2515 vel
797 2494 847 2517 eas
864 2485 1048 2524 repudiare,

177 2530 249 2570 iege
261 2538 323 2559 non
335 2527 525 2569 refragante.
548 2527 636 2559 Idem
652 2525 816 2567 quaefitum
834 2526 878 2557 est
893 2528 920 2557 cl.
939 2527 959 2558 l.
971 2536 998 2566 7.
1016 2525 1045 2567 §.

181 2580 228 2608 14.
246 2570 265 2600 fi
284 2569 437 2610 paciscar,
455 2579 493 2600 ne
510 2568 616 2608 operis
634 2568 709 2599 novi
726 2568 963 2598 nunciationem
977 2576 1050 2598 exe-

180 2620 267 2651 quar.
293 2611 452 2649 quaerendi
472 2608 581 2648 causa;
605 2610 692 2650 quod
712 2608 859 2640 Praetoris
882 2609 1049 2649 imperium

179 2651 330 2683 versatur.
349 2660 417 2680 nam
429 2650 613 2691 postoperis
623 2650 698 2681 novi
711 2650 948 2681 nunciationem
965 2658 1050 2680 com-

179 2695 311 2726 mittunt
328 2690 357 2721 se
373 2692 547 2731 litigatores
571 2691 729 2723 Praetoriae
754 2691 967 2731 jurisdictioni
983 2691 1002 2721 ί.
1022 2699 1048 2721 1.

177 2736 207 2777 §.
224 2744 256 2770 9·
276 2733 317 2764 D.
335 2734 367 2762 de
383 2734 450 2762 novi
467 2734 555 2773 operis
571 2734 773 2764 iiiincz'atione:
795 2741 832 2763 ac
850 2732 869 2763 ii
887 2733 926 2763 de
946 2741 982 2763 ea
998 2741 1050 2772 pa-

180 2777 264 2808 tium
282 2773 354 2811 fiat3
373 2773 466 2812 possit
482 2775 656 2812 periculum
680 2773 762 2812 effe,
787 2783 827 2804 ne
853 2774 1050 2814 privatorum

178 2817 284 2858 pastio
305 2813 393 2854 jussui
421 2813 565 2844 Praetoris
583 2814 758 2855 anteposita
781 2815 934 2846 videatur.
965 2814 985 2846 fi
1006 2822 1049 2845 ta-

178 2868 252 2890 men
278 2857 398 2896 privata
423 2864 471 2885 res
493 2855 570 2893 erit;
594 2857 710 2887 valebit
726 2856 869 2896 pastum:
893 2855 947 2887 nisi
966 2856 1049 2887 aliud

179 2907 252 2941 aget
270 2899 406 2933 Praetor,
422 2904 495 2926 cum
515 2895 684 2935 decernet,
708 2907 800 2937 quam
818 2907 851 2928 ut
870 2898 959 2929 litem
977 2897 1050 2928 diri-

179 2950 261 2974 mat:
286 2948 317 2970 at
334 2938 425 2979 patto
437 2935 601 2981 -finitasscst,
620 2937 713 2982 igitur
730 2948 770 2970 ne
787 2939 949 2978 improbet
969 2938 1049 2970 Prae-

180 2992 231 3014 tor
247 2981 385 3018 fastum3
407 2978 495 3019 quod
512 2975 566 3007 nisi
581 2976 676 3014 essct,
702 2979 763 3017 ipse
780 2979 918 3011 facturus
936 2979 1012 3011 esset
1029 2979 1049 3010 l.

184 3034 208 3055 1.
220 3024 248 3066 ᾗ,
262 3032 307 3054 10.
320 3020 358 3052 i).
377 3021 409 3051 de
424 3021 491 3049 novi
507 3019 596 3058 operis
614 3020 808 3050 nunciaiz'one.
834 3021 949 3052 Similis
966 3030 1050 3059 quae-

180 3064 240 3096 stio
256 3063 299 3094 est
311 3086 319 3100 ,
335 3072 371 3092 an
389 3061 492 3092 valeat
508 3058 632 3098 pactum
649 3067 760 3090 contra
776 3060 923 3093 Edictum
940 3062 1049 3093 AEdili·

180 3106 259 3138 um?
284 3105 313 3135 &t
339 3109 488 3143 apparet,
512 3101 634 3131 valere:
659 3100 730 3139 quia
754 3101 785 3130 id
805 3101 947 3134 Edictum
966 3112 1051 3143 emp-

181 3147 258 3177 toi-is
278 3145 464 3186 ignorantiae
480 3143 651 3179 succurrit3
668 3141 707 3171 ad
722 3150 789 3171 rem
805 3142 963 3180 publicam
982 3154 1047 3176 non

178 3188 328 3227 pertinet.
351 3186 425 3217 licet
447 3184 542 3225 igitur
558 3183 694 3224 emptori
713 3181 828 3224 pacisci
845 3191 959 3215 contra
977 3185 1047 3217 Edi-

754 94 1061 130 GERARD1
1107 85 1337 122 Noonr

1082 173 1166 205 Ctum
1190 173 1359 207 AEdilium:
1382 176 1520 208 maxime
1542 177 1613 217 post
1630 178 1822 213 contrassam
1838 180 1948 213 vendi-

1082 217 1215 261 tionem.
1247 218 1331 255 imo,
1355 216 1375 248 si
1401 218 1431 250 id
1460 217 1585 258 paetum
1609 218 1663 250 fiat
1679 219 1709 250 in
1730 220 1796 260 ipso
1813 223 1948 262 negotio

1081 257 1278 288 venditionis
1293 260 1456 299 gerendo,
1478 259 1562 290 idem
1583 267 1672 299 putat
1687 259 1842 300 Ulpianus
1856 263 1876 293 l.
1896 273 1947 302 3¹·

1082 296 1125 328 D.
1143 297 1297 343 demeris.-
1319 301 1417 332 modo
1439 299 1460 331 fi
1482 300 1609 340 ignoret
1632 301 1782 332 venditor
1798 303 1948 335 morbum

1081 345 1135 368 aut
1151 346 1274 371 Vitium.
1296 349 1367 371 nam
1383 340 1405 372 si
1421 340 1531 380 scivit,
1549 341 1577 372 ὅ(
1597 340 1743 373 consulto
1758 343 1903 382 reticuit,
1920 344 1953 375 ὅ(

1080 378 1190 419 paetus
1204 379 1268 418 est,
1291 390 1331 412 ne
1348 390 1492 413 teneatur
1512 391 1551 413 ex
1567 382 1712 415 AEdilitio
1728 382 1863 422 EdiCt03
1885 393 1951 416 non

1084 419 1220 466 servabit
1234 421 1356 453 Praetor
1373 423 1509 464 paetum.
1534 425 1629 463 quin,
1645 432 1680 455 ut
1694 425 1778 456 idern
1796 423 1952 466 Ulpianus

1083 468 1126 492 ait
1141 460 1160 491 l.
1177 471 1221 501 ιιι..
1239 462 1266 503 §.
1278 472 1311 499 9.
1329 463 1369 495 D.
1387 465 1420 495 de
1433 464 1567 496 AEdz'li'tio
1584 464 1687 496 Editio
1698 488 1708 504 ,
1724 466 1825 497 danda
1840 467 1900 497 erit
1909 466 1951 497 de

1084 501 1161 532 dolo
1184 504 1268 534 malo
1290 505 1473 544 replicatio:
1498 506 1569 546 quia
1596 505 1641 537 est
1665 507 1839 539 venditoris
1857 507 1952 538 dolus

1084 551 1179 582 quern
1197 553 1261 575 non
1285 546 1400 585 probat
1417 547 1546 578 Praetor.
1576 546 1635 585 fic3
1658 547 1679 578 fi
1696 547 1823 579 reticuit
1839 548 1952 579 vendi-

1085 592 1137 630 tor
1153 585 1299 617 morbum
1315 595 1368 618 aut
1385 587 1506 619 vitium.
1524 595 1555 619 at
1570 588 1590 619 si
1602 589 1632 620 id
1651 589 1751 627 palam
1769 591 1953 628 pronuntia-

1085 633 1150 671 vit,
1173 625 1203 671 ὃς
1224 627 1264 657 de
1288 636 1330 659 eo
1351 630 1537 661 nominatim
1555 630 1704 670 excepit,
1728 630 1792 661 hoc
1807 630 1871 669 est,
1895 640 1954 661 no-

1086 675 1228 698 minatim
1244 668 1352 707 patius
1368 669 1412 701 est
1423 693 1432 708 ‚
1449 671 1524 711 licet
1540 678 1651 702 contra
1666 670 1830 703 Edictum:
1847 680 1955 703 tamen

1086 707 1228 753 standum
1244 708 1289 740 est
1305 719 1345 740 eo
1363 712 1450 751 quod
1465 712 1628 743 convenit.
1658 722 1793 752 nempe,
1818 720 1852 743 ut
1869 722 1956 752 emp-

1087 757 1147 779 tori
1164 747 1217 795 fiat
1236 748 1336 781 EdiCti
1352 751 1510 792 potestas,
1527 752 1577 783 sed
1593 762 1656 784 non
1671 753 1854 786 neceffitas:
1871 754 1958 785 deni-

1086 798 1149 830 que
1173 790 1217 822 nil
1239 790 1306 829 est,
1330 801 1384 824 cur
1411 794 1585 825 remittenti
1609 794 1748 826 actiones
1766 794 1831 826 suas
1855 794 1890 826 fit
1906 804 1955 825 re-

1085 830 1202 872 greffus
1227 832 1346 864 dandus
1363 835 1390 864 d.
1407 834 1426 865 l.
1450 844 1494 873 14.
1511 834 1539 876 §.
1556 844 1585 871 9.
1608 844 1702 876 atque
1716 835 1786 866 hoc
1803 835 1956 867 Horatius
1993 848 1999 853 ¹
2035 865 2036 877 ,

1085 873 1232 912 indigitat
1246 873 1294 904 lib.
1315 884 1343 906 2.
1362 873 1456 916 Epist.
1476 886 1503 907 2.
1520 876 1594 915 vers:
1616 886 1661 917 13.
1691 876 1738 908 his
1755 877 1869 908 verbis.

1124 914 1219 945 Nemo
1234 915 1284 945 hoc
1297 925 1472 958 mangonum
1483 917 1597 957 faceret
1613 919 1673 948 tibi.
1692 928 1749 949 iioiz
1765 923 1864 948 temere
1880 928 1898 949 a
1913 927 1956 949 me

1130 954 1241 1000 Quivis
1249 956 1343 995 ferret
1362 959 1443 988 idem.
1459 958 1547 998 semel
1563 959 1606 989 hic
1622 958 1754 997 ceffizvi'e:
1779 958 1834 998 6⁹2⁹,
1850 965 1883 991 ut
1892 959 1954 999 fit,

1126 998 1164 1028 1η
1171 996 1262 1036 scalis
1275 997 1363 1030 latuit
1379 1006 1506 1030 meluens
1518 1002 1668 1040 pendeiziis
1683 1001 1805 1032 habente.

1126 1037 1188 1069 Des
1203 1048 1350 1078 nummos,
1375 1047 1491 1081 excepta
1506 1042 1578 1071 nihil
1594 1040 1656 1079 tesi
1666 1043 1747 1081 fuga
1763 1043 1856 1074 laedczt.

1128 1078 1183 1110 Ille
1191 1079 1274 1118 ferat
1286 1081 1432 1120 pretium,
1451 1083 1667 1122 poenaestcitrus
1681 1085 1788 1122 opinor.

1130 1120 1264 1151 Prudens
1283 1119 1373 1162 emisti
1388 1124 1540 1163 vitiosum:
1563 1123 1640 1154 attia
1655 1125 1707 1155 tibi
1721 1122 1759 1164 eft
1774 1124 1830 1155 lex.

1131 1161 1399 1207 Insequerz's‘tamen
1414 1164 1490 1195 hunc
1505 1164 1541 1198 &2⁹
1556 1165 1604 1196 lite
1621 1167 1738 1196 moraris
1753 1167 1865 1206 iniqua.

1089 1202 1178 1250 Idem
1194 1212 1224 1234 in
1244 1204 1341 1243 pactis
1357 1206 1480 1237 caeteris
1498 1206 1646 1237 omnibus
1662 1207 1700 1237 ad
1717 1206 1863 1238 Edictum
1874 1205 1956 1237 Prae-

1088 1251 1166 1274 toris
1193 1246 1426 1284 pertinentibus
1443 1270 1453 1286 ,
1482 1246 1563 1279 stad
1588 1257 1653 1279 rem
1677 1247 1865 1279 familiarem
1889 1247 1957 1288 spe·

1087 1284 1192 1322 eterit,
1216 1285 1324 1317 censet
1339 1285 1492 1328 Ulpianus
1508 1288 1527 1320 l.
1543 1297 1571 1328 7.
1588 1288 1615 1329 §.
1636 1298 1680 1327 14.
1699 1289 1738 1319 D.
1756 1290 1788 1320 de
1801 1288 1904 1329 patiis.
1927 1297 1959 1319 at

1088 1325 1109 1357 fi
1128 1335 1192 1357 non
1208 1327 1247 1358 ad
1265 1327 1346 1358 hanc
1362 1327 1549 1369 respiciant,
1561 1329 1612 1361 sed
1630 1332 1668 1361 ad
1684 1330 1842 1368 publicam
1860 1329 1957 1361 laesio-

1088 1376 1182 1405 nem;
1204 1377 1268 1399 non
1292 1369 1376 1400 idem
1402 1370 1518 1402 censet.
1546 1371 1644 1410 idque
1668 1370 1781 1403 Paulus
1804 1371 1919 1412 probat
1933 1371 1956 1402 l.

1089 1416 1135 1447 27.
1157 1408 1186 1449 §.
1205 1418 1234 1448 4.
1253 1408 1294 1440 D.
1313 1412 1370 1442 eod.
1393 1413 1437 1442 iit.
1473 1411 1511 1443 In
1523 1412 1653 1451 summa,
1678 1413 1841 1453 inquiens,
1860 1411 1887 1451 fi
1902 1419 1958 1452 pa-

1089 1448 1168 1494 etum
1187 1457 1357 1482 conventum
1379 1462 1397 1482 a
1418 1462 1448 1483 re
1467 1454 1585 1493 privata
1608 1459 1744 1485 remotum
1766 1453 1823 1493 lit,
1846 1463 1903 1484 non
1917 1451 1957 1494 effi

1079 1492 1272 1537 servandum.
1305 1491 1348 1523 D.
1367 1492 1513 1533 Cujaci'us
1535 1494 1583 1526 lib.
1602 1505 1627 1526 1.
1654 1495 1773 1534 Observ.
1788 1505 1812 1526 c.
1830 1505 1878 1533 24.
1898 1503 1958 1534 pro

1090 1536 1248 1577 rehprivata
1260 1532 1394 1573 legit‚re
1404 1535 1530 1575 publica.
1553 1535 1614 1567 Sed
1630 1536 1794 1567 retinenda
1809 1544 1900 1568 vetus
1916 1536 1959 1566 le-

1093 1573 1165 1604 Cho.
1199 1582 1270 1619 narn
1295 1574 1393 1605 Paulo
1419 1585 1462 1606 res
1477 1578 1599 1616 privata
1622 1576 1666 1608 est
1684 1578 1801 1608 utilitas
1818 1577 1959 1618 privata,

1091 1613 1144 1645 seu
1160 1623 1304 1654 propria:
1327 1615 1405 1647 ficut
1419 1626 1462 1648 res
1479 1618 1596 1657 publica
1616 1617 1660 1649 est
1679 1619 1795 1649 utilitas
1818 1618 1959 1659 publica.

1093 1657 1360 1696 quemadmodum
1378 1665 1482 1689 autem
1498 1659 1575 1690 nulli
1593 1659 1668 1690 licet
1681 1659 1797 1699 pacisci
1813 1658 1961 1691 adversus

1090 1697 1252 1737 publicam
1274 1698 1464 1730 utilitatem:
1488 1698 1529 1730 fic
1554 1700 1725 1740 unicuique
1747 1702 1821 1732 licet
1845 1699 1962 1739 pacisci

1090 1737 1237 1769 adversus
1254 1739 1409 1778 privatam
1427 1740 1446 1771 l.
1462 1744 1513 1780 46.
1531 1740 1573 1772 D.
1590 1743 1648 1772 eod.
1666 1742 1711 1772 tit.
1737 1751 1832 1773 nemo
1847 1742 1960 1782 igitur,

1091 1779 1219 1810 auctore
1229 1778 1346 1820 Paulo,
1363 1781 1468 1821 potest
1485 1781 1596 1822 pacisci
1612 1783 1651 1813 de
1669 1784 1801 1824 negotio
1816 1792 1832 1813 a
1848 1792 1881 1814 re
1897 1782 1960 1823 pri·
1980 1797 1986 1801 κ

1091 1828 1163 1852 vata
1181 1829 1325 1854 remoto:
1350 1823 1382 1854 id
1398 1822 1460 1861 est,
1476 1825 1515 1854 tle
1534 1824 1665 1864 negotio
1683 1833 1698 1854 a
1717 1834 1750 1855 re
1768 1824 1894 1864 propria
1911 1833 1960 1855 re-

1091 1870 1201 1894 moto:
1218 1862 1280 1894 sive
1299 1864 1338 1895 de
1354 1865 1487 1905 negotio
1503 1865 1541 1895 ad
1553 1866 1705 1904 privatam
1717 1865 1781 1905 ejus
1792 1866 1960 1896 utilitatem

1091 1903 1143 1935 vel
1160 1905 1307 1936 damnum
1326 1915 1389 1936 non
1409 1906 1599 1946 pertinente.
1632 1907 1719 1938 addit
1735 1907 1847 1938 Paulus
1865 1906 1961 1937 ratio-

1091 1954 1183 1976 nem:
1206 1955 1242 1976 ea
1259 1947 1338 1977 ratio
1357 1947 1421 1985 est3
1448 1947 1536 1987 quod
1553 1955 1625 1978 ante
1642 1948 1747 1978 omnia
1764 1948 1961 1978 animadver-

1091 1987 1222 2018 tendum
1247 1987 1310 2026 est,
1333 1997 1372 2019 ne
1394 1989 1569 2019 conventio
1594 1989 1624 2018 in
1647 1988 1704 2018 alia
1727 1998 1760 2019 re
1784 1988 1882 2025 facta,
1906 1995 1961 2018 aut

1091 2037 1163 2059 curn
1180 2029 1237 2059 alia
1256 2029 1404 2068 persona,
1430 2030 1461 2060 in
1479 2030 1536 2060 alia
1553 2038 1606 2067 re,
1630 2029 1730 2060 aliave
1748 2029 1880 2070 persona
1901 2038 1958 2060 no-

1090 2078 1162 2100 ceat
1179 2070 1206 2099 d.
1226 2070 1245 2099 l.
1264 2079 1309 2109 27.
1332 2070 1359 2111 §.
1377 2080 1406 2108 4.

1130 2110 1228 2152 Quod
1239 2109 1257 2141 si
1269 2111 1329 2143 est:
1347 2111 1400 2141 vix
1410 2110 1465 2149 est,
1477 2118 1510 2141 ut
1521 2110 1559 2140 de
1570 2109 1735 2141 criminum
1747 2110 1959 2142 transaffione

1090 2151 1306 2183 sollicitemur.
1322 2161 1392 2183 nam
1405 2152 1425 2183 si
1441 2152 1566 2192 publica
1583 2150 1798 2183 fintcrimina:
1815 2160 1893 2192 puto
1909 2161 1961 2191 pa-

1091 2192 1192 2231 etum,
1209 2194 1476 2233 quandocumque
1487 2193 1527 2224 tle
1544 2193 1590 2222 liis
1607 2192 1682 2231 fiat,
1697 2193 1842 2224 adversus
1855 2193 1959 2233 leges,

1091 2242 1186 2273 atque
1209 2233 1355 2265 adversus
1380 2235 1538 2275 publicam
1558 2234 1725 2265 utilitatem
1744 2233 1820 2265 fieri.
1852 2234 1961 2274 prohi-

1091 2275 1205 2307 bentur
1222 2275 1305 2307 enim
1330 2276 1454 2315 publica
1472 2275 1602 2307 crimina
1620 2275 1742 2315 legibus
1758 2275 1961 2315 publicorum

1088 2318 1297 2356 judiciorum
1314 2326 1350 2347 ac
1365 2316 1384 2348 fi
1395 2318 1618 2354 admittantur,
1629 2316 1774 2348 adversus
1786 2317 1938 2356 populum
1950 2339 1961 2354 ,

1092 2359 1143 2390 vel
1160 2359 1205 2389 uti
1222 2358 1295 2389 alibi
1313 2358 1487 2396 dicitur-,in
1504 2357 1646 2389 omnium
1663 2357 1804 2396 injuriam
1816 2381 1823 2393 ,
1835 2358 1960 2389 admitti

1092 2400 1319 2440 intelliguntur.
1331 2400 1419 2440 quod
1436 2398 1634 2438 quidefficit,
1652 2398 1705 2430 niss
1718 2399 1834 2430 utnulli
1849 2399 1895 2439 jus
1904 2397 1960 2437 fit,

1092 2441 1207 2482 pacisci
1233 2441 1282 2472 vel
1312 2440 1479 2481 transigere
1502 2442 1542 2471 de
1567 2440 1698 2480 publico
1717 2441 1866 2471 crimine:
1890 2440 1963 2480 quia

1093 2482 1169 2513 nulli
1181 2482 1256 2513 licet
1272 2481 1386 2521 pacisci
1403 2483 1453 2513 vel
1473 2481 1639 2522 tranfigere
1655 2482 1694 2512 de
1710 2482 1892 2522 republica.
1916 2480 1962 2512 Ita

1092 2525 1123 2555 in
1142 2524 1277 2563 publicis
1289 2524 1482 2555 criminibus.
1506 2523 1589 2553 idem
1603 2522 1760 2554 velfimile
1773 2525 1801 2554 in
1814 2523 1961 2563 privatis;

1092 2565 1253 2604 exquibus
1263 2567 1365 2606 agitur
1380 2564 1595 2596 criminaliter.
1613 2573 1684 2594 nam
1701 2572 1734 2594 ut
1751 2563 1791 2594 sic
1807 2573 1869 2595 non
1886 2562 1961 2594 fiant

1093 2607 1236 2647 publica:
1254 2616 1318 2638 non
1335 2614 1439 2638 tamen
1454 2606 1517 2645 jain
1534 2606 1654 2645 privata
1671 2606 1806 2636 vei-titur
1824 2605 1961 2642 utilitas;

1093 2648 1146 2679 sed
1162 2649 1282 2689 agitur,
1299 2655 1332 2679 ut
1347 2648 1480 2688 publicae
1496 2646 1586 2686 vigor
1596 2645 1766 2686 disciplinte
1778 2646 1962 2685 delinquen-

1094 2692 1132 2721 tis
1143 2698 1236 2730 poena
1254 2697 1342 2720 extra
1357 2690 1501 2720 ordinem
1518 2688 1707 2718 vindicetur.
1731 2688 1819 2726 quod
1837 2696 1906 2718 cum
1923 2685 1961 2717 ad

1094 2731 1276 2770 exemplum
1300 2729 1438 2769 spectet,
1464 2730 1495 2760 id
1517 2729 1581 2766 est,
1605 2730 1641 2759 ad
1668 2729 1827 2768 publicam
1847 2728 1962 2759 utilita-

1095 2779 1179 2803 tem:
1202 2772 1357 2812 probavi,
1380 2771 1505 2811 paetum
1523 2771 1754 2810 qualecumque
1772 2769 1827 2801 fiat
1845 2770 1884 2800 de
1901 2768 1962 2808 pri-

1094 2814 1175 2845 vatis
1191 2813 1330 2850 delictis,
1352 2813 1404 2843 ubi
1425 2812 1628 2842 criminaliter
1649 2811 1770 2851 agitur,
1792 2818 1963 2850 numquam

1093 2855 1200 2886 valere
1225 2863 1265 2884 eit
1290 2854 1354 2884 hoc
1377 2853 1508 2884 Edicto:
1532 2853 1604 2893 quia
1620 2862 1661 2883 eo
1683 2853 1757 2883 nulli
1775 2850 1963 2883 conceditur

1092 2894 1239 2927 adversus
1259 2895 1342 2935 leges
1361 2895 1401 2925 de
1416 2895 1543 2935 publica
1570 2893 1683 2933 pacisci
1701 2893 1846 2924 utilitate.
1876 2891 1960 2927 imo,

1092 2936 1113 2968 fi
1131 2937 1171 2968 de
1188 2936 1234 2967 his
1250 2935 1305 2967 fiat
1324 2936 1491 2967 transastio
1510 2943 1562 2966 aut
1579 2934 1701 2975 pastio,
1728 2932 1892 2972 corruptio
1906 2938 1961 2961 aut

1093 2977 1257 3009 concuffio
1280 2977 1474 3018 appellatur:
1497 2986 1533 3007 ac
1564 2985 1628 3007 non
1655 2982 1773 3006 tantum
1797 2973 1878 3004 nulla
1894 2971 1958 3009 est,

1092 3019 1148 3050 sed
1164 3019 1258 3050 etiam
1276 3019 1395 3059 turpis:
1413 3025 1598 3057 tantumque
1615 3015 1719 3054 abest,
1736 3021 1768 3045 ut
1780 3015 1847 3053 jure
1864 3021 1900 3041 ac
1917 3011 1960 3042 le-

1092 3061 1184 3102 gibus
1198 3061 1345 3100 Juvetur3
1368 3068 1401 3090 ut
1417 3070 1434 3090 e
1450 3059 1613 3090 contrario
1630 3058 1667 3088 ad
1684 3062 1848 3096 peccatum
1867 3061 1958 3098 acce-

1093 3104 1165 3141 dat,
1189 3111 1249 3132 nec
1268 3111 1285 3132 a.
1309 3111 1403 3141 poena
1419 3109 1517 3131 vacua
1533 3099 1577 3130 sit.
1611 3106 1713 3136 neque
1726 3096 1786 3134 jam
1801 3095 1913 3132 audio,
1937 3093 1960 3125 fi

1092 3143 1146 3183 qui
1164 3142 1355 3184 distinguant
1373 3143 1505 3173 crimina
1523 3149 1562 3171 ex
1579 3139 1689 3179 quibus
1706 3134 1849 3174 sequatur
1865 3143 1959 3175 poena

1092 3184 1205 3217 mortis
1223 3184 1391 3222 naturalis,
1407 3184 1445 3214 ab
1466 3183 1513 3214 his
1529 3190 1569 3212 ex
1587 3178 1698 3220 quibus
1717 3185 1752 3208 ea
1770 3185 1835 3208 noti
1851 3177 1960 3248 iqua-
