2036 3495
408 137 473 174 An
499 134 590 173 Ltis.
616 133 642 170 Ι.
677 132 735 169 T1
747 131 781 169 T.
808 130 906 169 VIII.
944 130 995 168 De
1014 130 1157 178 divifione
1172 134 1274 168 r'erum
1291 128 1506 180 &qualitates

70 228 219 266 fecerunt
235 238 284 263 res
300 223 461 271 publicas,
484 226 536 259 vel
553 221 759 272 commun—eu
782 224 855 271 alias
868 225 936 265 jure

65 274 197 307 'naturali
217 272 246 303 &
262 272 424 313 gentium,
447 269 520 301 alias
539 268 607 309 jure
624 266 728 304 civili,
752 273 877 307 utrique
893 270 936 314 ci-

67 316 158 347 vitati
185 316 424 346 convenienter.
449 312 511 349 ita,
534 319 606 340 cum
627 307 765 353 flumen,
789 317 862 341 cum
887 310 936 341 lit.

67 365 138 396 tuS,
153 365 226 388 cum
244 363 344 392 mare,
362 360 414 384 aut
430 360 540 383 eorum
557 350 662 388 usum,
678 350 812 381 dicimus
833 350 934 389 publi-

67 400 162 436 cum,
188 397 329 428 omnium
349 395 513 425 hominum
527 392 596 432 jure
610 392 752 432 gentium
770 392 934 432 publicum

68 439 287 480 intelligimus.
317 445 352 467 ea
377 436 460 466 enim
485 435 577 474 plena
599 432 725 464 locutio
748 433 803 464 est.
828 443 864 465 ac
894 434 935 465 iic

68 480 166 521 Gaius
183 481 201 511 l.
217 489 244 520 7.
260 479 289 519 §.
303 487 334 518 5.
354 476 396 507 D.
408 477 440 506 de
454 478 519 517 adq.
536 480 591 506 rer.
604 475 677 505 dom.
702 476 731 505 ἃ
747 474 934 514 Papinianus

68 523 89 555 1.
149 546 156 553 .
174 520 215 552 D.
234 523 266 550 de
282 523 377 558 usurp.
399 516 434 551 ὃ
451 520 567 557 usucap.
586 516 681 547 etiam
698 515 884 554 Justinianus
901 517 930 558 ἓ.

70 575 101 604 4.
120 532 198 604 &²5-
211 558 281 601 InJl.
298 560 358 590 lm.
383 557 458 589 Hoc
476 566 573 597 porro
590 566 663 588 cum
681 558 835 595 dicimus;
857 559 932 597 quid

66 605 232 639 volumus,
258 600 311 632 nifi
328 601 508 631 communia
523 599 592 639 jure
608 599 738 636 naturali
755 598 816 630 esse
833 600 934 630 omni-

66 652 138 678 um:
156 645 187 676 id
202 642 263 681 est,
281 640 341 673 ess'e
357 641 503 682 publica,
520 649 583 671 non
595 640 656 678 ita,
674 640 717 670 uti
735 649 770 670 ea
781 649 851 680 quae
867 640 936 672 sunt

66 689 98 720 in
111 682 302 728 patrimonio
319 681 454 723 Populi;
471 681 524 713 sed
539 690 574 712 ut
583 690 618 712 ea
628 690 698 721 qua:
716 682 849 721 primum
868 681 935 713 sunt

68 738 86 760 a
110 734 215 759 natura
235 724 381 765 prodita,
405 723 481 755 &in
507 722 623 754 nullius
639 723 742 754 adhuc
757 723 934 754 dominium

66 773 289 811 pervenerunt.
311 765 353 796 ita
374 764 499 806 prorsus
517 765 556 795 de
576 764 736 795 littoribus
752 763 900 796 Neratius
914 764 933 795 l.

67 820 116 850 14.
136 808 178 840 D.
195 809 227 839 de
243 809 308 847 adq.
325 815 381 838 rer.
398 807 470 837 dom.
486 806 547 837 Sed
558 812 710 846 apparet,
726 815 774 837 res
792 814 935 837 commu-

63 860 121 884 nes
140 848 319 889 &publicas
335 849 404 889 iure
419 847 552 879 naturali
568 854 619 877 aut
632 847 775 887 gentium
791 846 851 878 ess'e
868 856 934 877 eas-

67 894 157 925 dem:
173 892 203 922 &
218 899 235 921 a
247 889 413 921 Marciano
431 898 496 920 non
512 888 594 919 male
612 887 680 918 fieri
697 888 934 928 quadruplicem

64 934 209 966 omnium
219 940 322 963 rerum
333 930 519 961 divisionem
529 941 536 961 :
547 928 601 960 etsi
612 928 848 974 Justinianuspr.
861 924 933 969 Irzst.

66 976 94 1007 h.
110 981 132 1006 t.
151 973 298 1014 separatis
318 972 411 1004 rebus
432 970 653 1002 communibus
669 970 699 1001 δε
715 971 866 1011 publicis,
890 969 935 1000 fa-

67 1018 111 1048 cit
135 1014 363 1055 quincuplicem
381 1013 523 1044 omnium
546 1020 648 1043 rerum
666 1011 869 1043 divifionem:
894 1010 935 1042 sic

65 1057 222 1094 scribens3
239 1054 464 1100 Qcaeclamenim
480 1053 687 1094 naturalijure
698 1054 859 1084 communia
861 1054 935 1093 sunt

70 1099 195 1130 omnium
206 1119 216 1135 ,
231 1098 360 1137 quaedam
368 1095 482 1135 publica
491 1117 500 1133 ,
513 1095 639 1135 quaeclczm
649 1093 853 1132 universitatis,
864 1103 936 1134 qua:-

68 1141 134 1171 rlam
150 1139 280 1176 nullius,
292 1137 426 1177 pleraque
435 1134 628 1176 fingulorzlm.
659 1134 720 1166 Sed
734 1136 796 1175 jam
814 1136 933 1166 dudum

69 1180 237 1220 suspicatus
263 1179 346 1216 sum,
370 1178 512 1209 laborare
539 1176 644 1207 locum
666 1175 771 1207 illum:
796 1176 867 1215 quia
891 1174 935 1207 est

69 1219 237 1253 manifeste
254 1219 428 1259 descriptus
446 1227 485 1249 ex
503 1216 687 1254 Marcian03
705 1226 776 1248 cum
793 1226 898 1255 eoque
915 1216 936 1248 ss

68 1263 152 1295 bene
177 1261 307 1292 habebit
324 1283 333 1298 ,
355 1258 529 1290 convenire
550 1257 658 1288 debet.
681 1267 741 1288 nec
763 1267 814 1289 me
837 1257 934 1297 fallo;

71 1303 264 1343 conjiciens,
281 1301 348 1332 haec
365 1300 478 1337 verba,
496 1299 627 1338 quaedcrm
639 1299 774 1338 publica,
792 1308 851 1337 pro
869 1298 933 1339 spu-

69 1346 124 1377 riis
140 1342 201 1375 effe
216 1341 435 1382 expungenda.
458 1339 511 1371 nili
525 1340 594 1378 quis
609 1339 715 1377 malit,
732 1339 842 1378 scribi,
860 1349 934 1380 qua-

68 1385 91 1418 fi
114 1393 154 1416 ex
177 1383 438 1422 interpretatione
460 1380 588 1420 alicujus
605 1403 615 1418 ,
638 1380 779 1423 Quaea'am
803 1382 936 1412 naturali

63 1427 132 1468 jure
149 1424 308 1455 ‘communia
323 1424 390 1455 lunt
405 1423 549 1459 omnium,
577 1430 646 1462 quze
664 1422 773 1454 eadem
790 1422 935 1462 publiea,

66 1467 193 1512 'quedam
207 1462 414 1502 universitatis.
439 1462 593 1493 Marciani
612 1462 724 1495 sanein
739 1464 768 1494 cl.
786 1464 805 1494 l.
826 1474 852 1495 2.
871 1473 936 1495 non

68 1510 149 1540 iunt.
166 1505 207 1538 fic
223 1505 347 1546 conJeci
362 1505 410 1536 lib.
426 1513 452 1535 1.
468 1504 660 1535 Probabilium
676 1514 700 1535 c.
717 1513 746 1545 7.
767 1503 804 1539 δ’
822 1510 859 1539 8:
883 1503 937 1537 mi'-

67 1557 202 1588 rumque
225 1546 289 1585 est,
312 1546 343 1577 ni
366 1555 403 1577 ea
428 1545 606 1584 conjettnra
627 1545 792 1585 adjuvetur
807 1547 936 1586 coniun-

69 1590 176 1621 ctione
186 1587 447 1628 Fragmentorum
465 1585 617 1618 Marciani
634 1595 702 1627 quae
716 1586 937 1620 Tribonianus

70 1638 111 1663 ex
132 1629 198 1669 ejus
219 1629 300 1659 libro
317 1628 412 1659 tertio
427 1626 660 1658 Institutionum
678 1627 782 1668 sparsit
800 1638 856 1669 per
869 1629 888 1660 l.
907 1639 936 1662 2.

72 1681 102 1711 4.
117 1674 145 1702 6.
166 1670 193 1701 b.
209 1674 231 1700 t.
250 1668 311 1700 Sed
327 1669 356 1699 in
367 1668 475 1708 primis
491 1668 522 1699 id
539 1667 708 1708 clarescet,
724 1669 744 1700 fi
756 1670 938 1709 videamus,

73 1711 177 1753 'qualia
187 1704 322 1742 Veteres
336 1710 404 1749 jure
419 1708 560 1750 gentium
571 1718 642 1740 cum
658 1712 856 1750 communia,
874 1720 940 1744 tum

73 1752 200 1796 publica
213 1751 389 1792 appellent:
403 1748 445 1782 fic
461 1751 544 1781 enim
561 1758 631 1781 cum
643 1752 772 1784 nomine
788 1753 880 1784 etiam
891 1763 940 1786 res

74 1794 264 1826 consentiet.
279 1791 390 1823 docuit
407 1792 502 1832 igitur
518 1801 568 1823 me
585 1791 700 1824 Cicero
717 1793 764 1825 lib.
779 1803 804 1826 1.
823 1793 868 1825 De
879 1793 939 1836 offi-

72 1837 252 1874 ciis'cap.16.
277 1842 294 1864 a
304 1832 474 1864 Veteribus
483 1833 663 1864 communia
673 1834 733 1866 dici
746 1836 851 1866 omnia
861 1845 939 1876 quo-

73 1884 144 1909 rum
162 1875 291 1907 innoxia
305 1873 341 1906 fit
353 1874 486 1905 utilitas:
501 1874 532 1905 id
543 1873 605 1913 est,
621 1884 755 1915 quorum
766 1876 852 1915 usus,
869 1887 941 1909 cum

100 1916 203 1948 rodest
221 1917 290 1957 uni,
308 1925 370 1948 non
383 1921 480 1946 nocet
495 1915 596 1947 alteri.
612 1925 677 1956 quo
695 1918 725 1948 in
741 1926 873 1949 numero
885 1928 942 1959 po-

90 1959 133 1990 uit
150 1957 330 1989 Marcianus
342 1957 359 1986 l.
381 1965 408 1987 2.
425 1955 454 1997 §.
469 1965 493 1987 1.
511 1956 530 1987 l.
548 1965 577 1995 4.
594 1957 613 1987 l.
624 1961 654 1988 6.
675 1958 702 1988 h.
720 1963 741 1990 t.
763 1960 853 1997 (nam
873 1969 941 1991 om-

72 2000 124 2032 nia
142 1999 192 2030 illa
206 1997 408 2038 Fragmenta,
425 2005 459 2028 ut
476 1996 544 2028 sunt
558 2007 598 2029 ex
613 1999 728 2030 eodem
746 1999 826 2031 libro
843 2001 939 2032 tertio

70 2039 325 2077 Institutionum,
342 2038 562 2078 conjungenda
574 2039 661 2079 sunt)
677 2043 803 2080 aerem,
827 2051 939 2083 aquam

73 2079 286 2124 profluentem
298 2103 307 2119 ‚
330 2084 434 2117 mare,
453 2079 559 2110 littora
575 2082 687 2120 maris,
703 2081 830 2114 flumina
842 2106 851 2122 ‚
867 2092 939 2124 por-

72 2127 135 2155 tus.
159 2122 257 2163 iisque
274 2122 355 2162 ripas
373 2120 459 2151 addit
477 2119 575 2161 Gajus
594 2121 613 2153 l.
629 2132 658 2163 5.
673 2124 700 2154 b.
717 2128 738 2156 t.
756 2123 858 2156 Prima
875 2124 940 2165 spe-

72 2164 139 2196 cies
150 2162 318 2194 Marciano
336 2162 425 2193 venit
440 2163 502 2193 aer.
518 2163 543 2193 is
562 2172 639 2194 vero
655 2164 698 2195 ita
708 2166 884 2198 communis
894 2166 939 2198 est

73 2204 237 2242 omnium,
258 2211 294 2234 ut
309 2203 402 2234 etiam
419 2211 488 2243 quae
505 2203 536 2234 in
557 2213 597 2235 eo
613 2213 711 2246 agunt
725 2205 783 2238 fint
798 2216 939 2239 commu·

71 2246 135 2279 nia.¹
161 2245 222 2276 hac
238 2244 360 2276 ratione
377 2253 417 2275 ne
433 2245 581 2285 aucupari
597 2248 726 2287 quidem
744 2248 813 2288 quis
830 2249 938 2289 prohi-

71 2287 141 2319 beri
160 2285 284 2327 potest;
302 2286 349 2324 &,
364 2284 385 2317 fi
403 2285 627 2326 prohibeatur,
646 2289 804 2329 competit
820 2290 847 2321 ei
863 2290 938 2331 inJ'u-

70 2329 186 2360 riarum
208 2327 302 2359 actim
323 2332 511 2367 quamquam
534 2327 639 2367 potest
661 2330 730 2369 quis
756 2330 937 2371 prohiberi,

72 2378 115 2401 ne
126 2369 262 2401 alienum
278 2377 386 2409 agrum
401 2368 594 2409 ingrediatur
611 2369 628 2400 l.
643 2369 785 2411 13.§.ulc.
797 2371 836 2402 D.
845 2373 878 2403 de
894 2374 939 2403 in·

68 2410 176 2453 juriis:
199 2410 273 2450 quia
297 2419 371 2450 ager
394 2407 438 2440 est
460 2410 574 2450 privati
597 2411 748 2444 dominii:
773 2420 808 2443 ut
823 2421 857 2444 ut
876 2415 940 2447 avis

73 2460 145 2492 quae
159 2452 190 2483 in
207 2461 247 2482 eo
262 2450 315 2488 fit,
340 2450 453 2482 nullius
469 2450 516 2483 iit.
689 2476 692 2485 ‚
814 2486 818 2489 ,

83 2520 86 2522 ,
114 2493 222 2524 Altera
238 2492 356 2533 species
372 2501 476 2523 rerum
493 2493 559 2530 jure
570 2494 701 2526 naturali
722 2495 940 2527 communium

70 2532 238 2565 Marciano
256 2533 299 2564 est
316 2542 396 2572 aqua
412 2532 585 2573 profluens.
621 2533 825 2576 Theophilus
844 2538 941 2568 vertit

73 2581 185 2613 aquam
203 2573 324 2614 semper
341 2574 504 2606 fluentem.
522 2574 712 2609 Prudentius
723 2585 827 2611 tamen
845 2580 872 2609 d.
884 2578 940 2609 loco

74 2615 173 2646 etiam
190 2615 297 2646 imbris
314 2615 468 2647 meminit.

83 2692 86 2694 Ὗ
113 2653 353 2696 Tertialpecies
364 2665 466 2688 rerum
477 2660 695 2690 communium
713 2659 879 2691 Marciano
896 2659 940 2691 est

72 2704 173 2728 mare.
203 2696 233 2727 in
256 2705 362 2737 eoque
379 2699 571 2735 permittitur
589 2702 760 2740 unicuique
782 2701 865 2732 inter
881 2701 941 2732 alia

72 2738 122 2779 jus
145 2735 302 2777 piscandi;
326 2737 355 2767 ἀ
378 2736 398 2768 fl
419 2739 623 2777 prohibeatur
647 2740 775 2780 piscari,
797 2742 826 2773 ei
851 2751 939 2773 com-

72 2778 157 2819 petit
174 2772 257 2808 aetio
271 2777 467 2817 injuriarum,
481 2781 611 2819 perinde
627 2790 661 2812 ut
677 2781 697 2813 fi
714 2785 783 2822 quis
799 2783 828 2814 in
842 2783 941 2823 publi·

75 2826 118 2850 co
137 2819 260 2856 lavare,
276 2823 328 2848 aut
346 2820 376 2849 in
394 2828 489 2851 cavea
499 2821 644 2860 publica»,
659 2823 710 2861 (id
726 2823 790 2862 est,
806 2825 837 2855 in
855 2825 941 2855 thea-

76 2867 149 2897 tro,
165 2860 340 2900 interprete
358 2858 462 2899 Lipfio
480 2860 526 2891 De
545 2861 763 2902 Amphitheatro
779 2875 804 2896 c.
823 2866 871 2905 2.)
889 2865 941 2896 vel

73 2902 106 2933 :in
126 2909 191 2941 quo
207 2900 269 2931 alio
285 2900 414 2939 publico
432 2901 506 2932 loco
522 2901 647 2942 sedere,
670 2914 784 2946 agere,
806 2915 941 2937 conver-

73 2942 153 2974 sari:
170 2951 233 2973 non
248 2942 400 2981 patiatur,
416 2949 469 2972 aut
483 2941 504 2973 fi
520 2943 588 2983 quis
609 2952 659 2975 me
676 2954 709 2976 re
726 2955 794 2978 mea
812 2948 857 2978 uti
876 2956 941 2978 non

71 2985 238 3024 permittat
254 2984 282 3013 d.
300 2982 310 3012 Ζ
337 2991 372 3023 13
402 2983 430 3024 §2
449 2983 500 3013 ult.
517 2984 596 3014 I).de
612 2985 703 3025 injur.
724 2987 741 3017 l.
760 2998 787 3019 2.
803 2990 831 3029 §.
852 2997 880 3024 9.
898 2987 941 3019 D.

73 3024 126 3057 Ne
135 3025 205 3065 quid
221 3025 252 3054 in
262 3023 366 3064 public.
385 3024 435 3054 loc.
459 3024 550 3055 Est&
564 3025 615 3055 ille
625 3026 773 3066 ejusjuris
791 3028 940 3060 effectus:

71 3074 108 3097 nt
127 3065 197 3106 pilae
213 3066 379 3105 molesque
398 3066 426 3095 in
445 3068 529 3096 mare
544 3065 649 3104 jactae,
673 3066 731 3098 fint
747 3069 812 3108 ejus
831 3070 882 3109 qui
896 3070 940 3109 je-

74 3108 164 3139 cerit.
192 3107 233 3137 ita
250 3105 358 3137 Celsus
369 3106 386 3136 l.
399 3116 426 3147 3.
439 3106 467 3148 §.
486 3116 511 3138 1.
524 3106 564 3137 D.
575 3108 631 3138 eod.
646 3109 691 3138 tit.
704 3112 799 3150 negat
816 3118 919 3141 tamen
931 3132 940 3149 ‚

72 3147 105 3178 id
122 3148 364 3179 concedendum
383 3148 463 3179 effe:
479 3147 499 3179 fi
516 3157 556 3179 eo
570 3149 669 3180 modo
687 3149 826 3181 deterior
841 3150 876 3182 fit
893 3151 939 3182 fu*-

72 3194 160 3219 turus
171 3189 286 3220 littoris
304 3189 441 3220 marisve
457 3188 537 3221 usus,
554 3188 692 3228 scilicet,
711 3191 782 3231 quia
800 3191 868 3223 usus
879 3202 940 3224 ma-

68 3228 168 3305 risi-fi
185 3239 256 3305 ¹¹3¹}
266 3229 303 3265 fit
319 3230 485 3272 innoxius,
502 3239 568 3268 uon
586 3230 631 3266 est
648 3234 836 3268 communis.
859 3233 936 3270 Pro-

135 3280 187 3305 om.
254 3294 262 3306 .

1813 149 1859 184 2?

979 221 1054 254 inde
1070 221 1125 254 etfi
1136 221 1326 254 exstruentis
1343 222 1379 256 fit
1392 224 1421 255 in
1439 224 1516 257 mari
1534 223 1744 264 exstruetunu
1761 224 1797 257 ut
1812 233 1856 258 ta-

979 274 1052 296 men
1069 263 1230 296 exstruere
1246 265 1359 304 liceat,
1379 267 1422 296 ait
1438 266 1636 307 Pomponius
1652 267 1671 298 l.
1688 277 1739 307 50.
1759 267 1799 298 D.
1819 270 1852 298 cie

977 307 1043 346 adq.
1067 314 1124 337 rer.
1151 307 1223 338 dom.
1250 315 1331 346 opus
1359 306 1421 339 esse
1439 309 1572 340 decreto
1591 309 1753 343 Praetoris:
1777 309 1852 350 (vel

977 347 1085 388 potius
1103 347 1277 388 Principis:
1302 355 1336 379 ut
1359 349 1469 390 legunt
1489 351 1636 391 quidam)
1655 351 1729 391 quin
1753 351 1851 383 etiam

976 397 1072 419 manu
1089 388 1325 427 prohibendum
1338 391 1389 429 qui
1409 391 1440 422 id
1455 390 1551 422 faciat
1567 402 1639 424 cum
1658 392 1850 425 caeterorurti

975 430 1196 461 incommodo.
1222 431 1331 471 utique
1353 431 1481 464 civilem
1499 433 1658 465 actionem
1676 435 1716 465 de
1733 432 1853 465 facien·
1903 461 1907 467 .

977 472 1018 502 do
1037 471 1153 502 nullam
1173 470 1300 502 habere.
1332 473 1398 504 imo
1416 471 1568 514 Ulpianus
1585 475 1718 515 probat,
1742 474 1852 506 adver-

975 511 1024 543 sus
1041 521 1111 544 eum
1125 513 1177 552 qui
1196 513 1315 544 molem
1331 513 1362 544 in
1380 523 1464 545 mare
1478 514 1571 554 jacit,
1587 516 1615 546 ei
1626 524 1675 547 cui
1692 515 1778 547 forte
1794 525 1852 547 no·

976 556 1076 584 citui-a
1091 553 1126 584 sit
1143 554 1212 584 haec
1228 563 1296 593 res,
1320 563 1509 594 competere
1527 556 1603 587 utile
1627 557 1852 596 interdictum,

978 594 1029 626 Ne
1048 595 1124 635 quid
1141 593 1195 626 fiat
1211 595 1242 626 in
1258 596 1334 627 loco
1353 597 1493 636 publico.
1527 606 1718 638 quamquam
1730 623 1738 637 ‚
1756 598 1775 629 si
1792 608 1848 629 ne-

977 645 1031 667 mo
1058 637 1206 668 damnum
1231 636 1342 675 sentit;
1367 640 1519 669 tuendum
1543 637 1605 669 esse
1622 640 1675 678 qui
1693 648 1722 670 in
1740 640 1851 671 littore

978 676 1132 716 aedificat,
1156 677 1208 708 vel
1232 679 1350 710 molem
1375 679 1407 710 in
1430 688 1515 710 mare
1535 679 1645 719 jacitl.
1665 689 1691 710 2.
1709 680 1737 721 §.
1756 685 1785 714 8.
1810 679 1851 712 D'.

977 718 1027 749 Ne
1040 719 1111 759 quid
1126 720 1157 750 in
1169 720 1277 760 public.
1293 719 1345 751 loc.
1362 720 1381 751 l.
1405 729 1430 753 1.
1449 720 1478 762 §.
1501 725 1545 755 18.
1561 720 1603 752 D.
1621 722 1654 752 de
1671 721 1754 753 Nov.
1774 726 1851 761 oper.

977 768 1066 790 nunc.

1018 799 1179 841 Exemplo
1198 803 1290 834 maris
1313 802 1494 834 communia
1518 802 1660 835 omniurn
1678 803 1746 844 J'ure
1762 811 1853 846 natur

976 841 1031 872 rali
1052 841 1219 873 Marciano
1235 842 1305 874 sunt
1321 844 1428 875 littora
1444 845 1547 875 maris.
1570 845 1680 885 utique
1696 852 1851 885 quatenus

975 882 1123 918 innoxius
1138 883 1183 914 est
1200 893 1311 915 eorum
1328 884 1409 916 usus.
1449 885 1501 917 Sic
1520 885 1677 927 Virgilius.

1212 924 1367 966 Littusque
1383 935 1517 967 rogamus

1021 965 1201 1008 Innocuam,
1222 964 1259 999 δ’
1270 965 1382 997 cunctis
1398 977 1555 1008 auramque
1571 968 1735 1011 undamque
1745 969 1852 1011 paten-

1105 1013 1171 1038 lema

978 1042 1051 1080 Hac
1069 1048 1164 1089 igitur
1179 1048 1303 1079 ratione
1319 1048 1360 1079 ait
1385 1047 1569 1083 Marcianus
1587 1052 1607 1082 l.
1623 1060 1653 1090 4.
1670 1053 1697 1083 h.
1715 1058 1737 1083 t.
1763 1052 1854 1092 quod

979 1098 1076 1121 nemo
1094 1090 1132 1120 ad
1145 1089 1230 1119 littus
1247 1090 1338 1120 maris
1351 1091 1506 1122 accedere
1522 1092 1713 1132 prohibetur
1731 1094 1856 1134 piscan-

979 1132 1008 1162 di
1027 1130 1135 1162 causa:
1160 1130 1233 1161 dum
1250 1137 1354 1162 tamen
1374 1131 1434 1169 (sic
1449 1133 1556 1174 addit)
1579 1135 1660 1165 villis
1673 1158 1682 1170 ,
1706 1135 1736 1166 &
1755 1135 1854 1166 aedifi-

978 1172 1054 1210 ciis,
1072 1172 1326 1203 &monumentis
1342 1172 1550 1205 abstineatur:
1566 1175 1764 1215 &causatur‚
1782 1177 1855 1217 quia

978 1222 1044 1244 non
1062 1211 1215 1253 suntjuris
1230 1213 1393 1253 gentium;
1410 1215 1442 1245 id
1459 1214 1503 1245 est
1515 1238 1524 1253 ‚
1541 1216 1614 1255 quia
1634 1215 1703 1247 funt
1721 1218 1854 1257 privata.

979 1254 1010 1285 &
1025 1253 1124 1285 recte:
1147 1263 1219 1286 cum
1237 1255 1321 1286 enim
1346 1255 1434 1286 littus
1459 1257 1603 1287 omnium
1619 1265 1792 1289 commune
1815 1258 1853 1290 iit

976 1295 1044 1336 jure
1054 1296 1216 1335 gentium3
1233 1295 1432 1337 consequens
1443 1297 1748 1337 est,aedificatione‚
1766 1300 1856 1331 velut

978 1337 1215 1377 occupatione,
1231 1337 1298 1368 fieri
1318 1337 1502 1370 aedificantis
1514 1339 1532 1369 l.
1549 1347 1593 1377 14.
1606 1338 1647 1371 D.
1665 1341 1698 1370 de
1715 1342 1780 1382 adq.
1798 1343 1855 1372 rer.

979 1379 1051 1409 dovr.
1098 1379 1203 1417 Atque
1219 1377 1261 1409 ita
1278 1377 1339 1410 est:
1364 1379 1439 1410 licet
1456 1380 1628 1420 unicuique
1646 1381 1683 1412 ad
1703 1382 1791 1414 littus
1805 1391 1858 1413 ac-

979 1420 1095 1451 cedere
1119 1419 1258 1459 piscandi
1274 1419 1381 1451 causa:
1408 1421 1483 1452 licet
1503 1422 1599 1452 etiam
1617 1423 1735 1461 cuique
1756 1424 1788 1455 in
1806 1423 1857 1454 lit-

980 1468 1051 1492 tore
1067 1460 1167 1492 casam
1184 1468 1324 1500 ponere,
1340 1471 1401 1502 qua
1418 1461 1448 1492 se
1460 1463 1594 1503 recipiat
1610 1463 1628 1493 l.
1644 1473 1674 1503 5.
1694 1463 1722 1505 §.
1743 1473 1768 1495 1.
1786 1464 1811 1495 h.
1831 1467 1855 1497 t.

980 1499 1114 1541 addam,
1136 1501 1295 1533 aedificare
1318 1503 1452 1542 perinde
1477 1511 1512 1534 ut
1534 1505 1565 1535 in
1590 1507 1687 1544 mari;
1711 1506 1741 1537 ἂ
1765 1502 1857 1538 littus

979 1543 1067 1575 suum
1077 1543 1183 1575 facere
1194 1542 1417 1575 aedificatione.
1433 1545 1563 1584 utique,
1580 1545 1634 1576 nisi
1650 1546 1792 1577 deterior
1809 1547 1860 1578 fu«-

980 1592 1069 1616 turus
1085 1584 1121 1616 fic
1139 1585 1256 1616 littoris
1273 1585 1409 1616 marisve
1425 1585 1494 1617 usus
1517 1587 1545 1617 d.
1563 1585 1581 1616 l.
1602 1595 1632 1625 3.
1650 1586 1679 1627 §.
1700 1596 1725 1618 1.
1750 1587 1787 1618 I).
1806 1588 1857 1619 Ne

980 1627 1050 1668 quid
1071 1629 1102 1657 in
1122 1626 1227 1666 public.
1253 1627 1302 1657 loc.
1326 1626 1470 1657 Scaevoia
1493 1627 1511 1657 l.
1536 1637 1563 1665 4.
1589 1627 1629 1657 D.
1653 1629 1712 1660 eod.
1731 1630 1774 1659 cit.
1792 1629 1857 1668 ait,

982 1668 1035 1699 nili
1047 1668 1114 1699 usus
1125 1667 1271 1706 publicus
1285 1668 1466 1708 impediret.
1483 1668 1583 1707 adeo,
1601 1668 1740 1700 utliceat
1756 1670 1785 1700 in
1805 1670 1857 1700 lit-

978 1714 1054 1740 ·tore
1070 1708 1245 1747 aedfficare,
1263 1716 1326 1740 tam
1344 1708 1435 1740 estin
1453 1713 1512 1748 eo,
1529 1718 1622 1748 quam
1641 1710 1670 1741 in
1690 1711 1787 1749 mari,
1803 1711 1857 1742 ad-

983 1750 1156 1782 hibendum
1169 1750 1320 1790 Principis
1331 1751 1515 1783 decretum:
1532 1751 1573 1782 fic
1589 1751 1672 1782 enim
1684 1751 1858 1793 legendum

982 1792 1012 1823 in
1030 1793 1057 1822 cl.
1076 1792 1094 1822 l.
1110 1801 1160 1832 50.
1180 1791 1220 1822 D.
1237 1793 1270 1822 de
1285 1793 1349 1833 adq.
1367 1801 1421 1823 rer.
1439 1793 1510 1823 dom.
1536 1801 1599 1823 non
1626 1792 1775 1825 Praetoris
1802 1794 1858 1826 de-

983 1842 1127 1872 cretum3
1147 1839 1180 1864 ut
1195 1833 1289 1873 paulo
1306 1841 1379 1865 ante
1396 1835 1515 1865 monui.
1541 1833 1576 1865 Id
1592 1843 1669 1865 vero
1687 1833 1707 1865 fi
1724 1834 1786 1873 est3
1810 1836 1858 1876 inf

984 1874 1175 1915 telligimus,
1200 1873 1325 1906 Celsum
1343 1875 1361 1905 l.
1378 1884 1406 1915 3.
1427 1875 1464 1905 D.
1488 1875 1538 1906 Ne
1553 1876 1625 1916 quid
1640 1877 1671 1906 in
1683 1877 1797 1915 publico
1815 1877 1856 1908 lo:-

983 1926 1032 1954 co,
1056 1925 1129 1946 cum
1153 1917 1222 1954 ait,
1246 1917 1353 1947 littora
1378 1919 1408 1947 in
1433 1924 1502 1956 quae
1525 1916 1666 1956 Populus
1690 1916 1854 1949 Romanus

981 1958 1148 1997 imperium
1173 1957 1271 1988 habet
1287 1981 1295 1995 ‚
1319 1957 1431 1998 Populi
1457 1957 1592 1989 Romani
1618 1957 1681 1989 esse
1696 1982 1707 1997 ,
1731 1966 1859 1992 tantum

981 1998 1136 2038 respicere
1159 1999 1198 2030 ad
1220 1999 1350 2030 tutelam
1377 1999 1496 2038 publici
1514 2007 1610 2039 atque
1626 2000 1748 2031 innoxii
1765 2000 1858 2040 usus3

981 2040 1071 2081 (quae
1089 2040 1186 2071 tutela
1204 2040 1247 2071 est
1263 2041 1386 2081 imperii
1406 2039 1518 2079 Populi
1536 2040 1692 2081 Romani)
1716 2050 1779 2072 non
1797 2043 1858 2073 eti·

982 2091 1032 2113 am
1048 2082 1086 2113 ad
1104 2081 1168 2121 ejus
1182 2082 1270 2112 velut
1289 2083 1517 2122 patrimonium
1535 2082 1553 2112 l.
1564 2091 1610 2120 14.
1620 2081 1660 2114 D.
1676 2083 1709 2113 de
1723 2084 1787 2125 adq.
1799 2092 1859 2116 rer.

982 2124 1053 2154 dom.
1090 2121 1251 2154 Caeterurn
1275 2122 1330 2154 etsi
1355 2123 1424 2163 quis
1443 2122 1656 2154 aedificatione
1673 2122 1759 2155 suum
1778 2123 1858 2156 facit

982 2164 1088 2196 littus:
1103 2163 1147 2195 est
1163 2172 1268 2194 tamen
1285 2164 1353 2195 haec
1365 2165 1481 2196 littoris
1493 2165 1593 2203 rati03
1611 2173 1666 2203 ut,
1681 2164 1702 2197 fi
1718 2166 1860 2199 dirutum

981 2204 1083 2238 rursus
1107 2212 1160 2235 auc
1180 2205 1363 2237 derelictum
1382 2204 1418 2237 fit
1435 2205 1624 2244 aedificium,
1648 2207 1707 2247 juri
1725 2207 1874 2246 pristino·

981 2246 1161 2278 restitutum
1179 2247 1393 2287 intelligatur3
1409 2247 1438 2278 ὅζ
1454 2248 1528 2279 ideo
1545 2247 1648 2279 rursus
1667 2248 1859 2288 occupantis

981 2286 1035 2319 fiat
1045 2288 1063 2318 l.
1073 2297 1123 2327 45.
1139 2286 1177 2318 D.
1189 2288 1326 2327 deusurp.
1338 2287 1500 2330 &usucap
1523 2287 1604 2320 Haec
1622 2289 1662 2320 de
1680 2289 1857 2323 littoribus.

1025 2329 1206 2368 Sequuntur
1222 2328 1349 2361 flumina
1364 2329 1384 2361 l.
1400 2339 1429 2369 4.
1441 2329 1469 2371 §.
1484 2339 1510 2362 1.
1527 2330 1553 2361 h.
1572 2336 1592 2361 t.
1611 2339 1701 2368 narn,
1717 2339 1752 2361 ut
1770 2330 1858 2369 dixi,

982 2370 1205 2411 conjungenda
1221 2380 1285 2402 uno
1296 2370 1404 2410 spiritu
1421 2381 1456 2402 ea
1473 2372 1524 2402 lex
1540 2371 1584 2402 est
1602 2380 1673 2402 cum
1690 2372 1718 2402 d.
1735 2371 1755 2403 l.
1767 2382 1794 2403 ρ.
1813 2373 1859 2404 ait

984 2420 1062 2443 vero
1072 2411 1273 2451 Marcianus,
1291 2411 1544 2452 Seclflumz'na(in
1563 2413 1751 2452 quibusdam
1768 2413 1857 2451 libris

983 2453 1046 2491 est,
1061 2454 1114 2494 secl
1136 2452 1172 2487 ὅ)
1191 2452 1340 2494 flumina)
1360 2461 1431 2494 pene
1454 2455 1548 2485 omnia
1572 2453 1608 2487 &³
1623 2461 1725 2495 porcus
1737 2455 1857 2494 publica

980 2496 1060 2533 sunt.
1085 2494 1196 2526 Sensus
1214 2495 1389 2533 Marciani,
1413 2495 1501 2535 quod
1517 2494 1595 2530 ficut
1612 2495 1705 2526 maria
1723 2495 1753 2527 &
1768 2497 1858 2528 litto-

983 2545 1014 2567 ra
1027 2559 1036 2575 ,
1057 2537 1099 2566 ita
1115 2535 1243 2567 flumina
1261 2536 1290 2567 &
1308 2544 1437 2576 portus,
1458 2534 1526 2567 sunt
1544 2536 1670 2576 publica
1686 2536 1748 2568 five
1764 2547 1856 2570 com-

983 2578 1088 2609 munia
1102 2578 1171 2616 J'ure
1186 2579 1339 2617 gentium.
1359 2586 1425 2608 uon
1443 2579 1550 2609 tameh
1569 2577 1633 2609 hoc
1649 2578 1688 2609 de
1705 2579 1857 2611 omnibus

982 2618 1162 2650 fluminibus
1180 2619 1276 2649 sentit
1295 2618 1496 2655 Marcianus,
1520 2618 1572 2650 sed
1590 2628 1675 2659 pene
1692 2621 1855 2653 omnibus.

984 2659 1139 2700 Ulpianus
1158 2659 1178 2690 l.
1201 2669 1225 2690 1.
1244 2659 1273 2700 ὃ.
1291 2669 1319 2699 3.
1343 2659 1383 2690 D.
1409 2660 1442 2690 de
1452 2658 1626 2700 fluminibus
1643 2662 1792 2701 perennia
1812 2663 1856 2694 di-

983 2700 1111 2742 stinguit
1127 2710 1143 2731 a
1161 2701 1301 2731 caeteris:
1326 2700 1474 2739 testatus,
1492 2702 1543 2734 illa
1560 2702 1687 2742 publica
1704 2702 1784 2741 effe,
1802 2703 1857 2735 ista

983 2752 1048 2773 non
1076 2741 1156 2779 esse,
1181 2741 1316 2772 Caffiurn
1341 2742 1550 2782 probabiliter
1574 2743 1738 2776 definiiss‘e.
1762 2745 1855 2785 igitur

983 2783 1113 2814 flumina
1131 2792 1195 2814 non
1213 2782 1337 2822 minus,
1353 2793 1447 2824 quam
1463 2785 1559 2816 maria
1577 2785 1606 2816 &
1621 2785 1748 2822 littora,
1766 2793 1854 2823 pate-

983 2833 1018 2855 re
1036 2823 1204 2863 omnibus,
1229 2824 1328 2855 docet
1345 2824 1532 2865 Justinianus
1550 2826 1577 2868 §.
1598 2836 1624 2857 2.
1646 2825 1718 2864 Insl.
1736 2826 1763 2855 h.
1783 2831 1802 2854 t.
1822 2824 1854 2856 (ἵε

984 2874 1048 2896 non
1065 2866 1132 2903 jure
1148 2865 1234 2896 civili
1251 2865 1394 2906 publica,
1416 2867 1468 2898 sed
1483 2867 1551 2908 jure
1569 2869 1709 2908 gentium
1726 2865 1853 2905 publica

984 2906 1156 2946 appellari,
1178 2906 1277 2938 claret
1302 2917 1342 2939 ex
1366 2907 1393 2950 §.
1421 2917 1450 2947 4.
1476 2911 1651 2949 lequente,
1675 2909 1703 2938 δε
1729 2907 1853 2937 caeteris

985 2956 1055 2987 quae
1073 2948 1103 2978 in
1121 2947 1310 2979 antecessum
1328 2949 1389 2989 J‘am
1407 2950 1530 2982 tradidi.
1562 2949 1623 2982 ‚Est
1640 2949 1733 2988 igitur
1748 2947 1777 2992 in
1798 2946 1856 2978 flu·

985 2988 1121 3020 minibus
1148 2989 1231 3020 idem
1248 2990 1323 3030 J'uris
1346 2990 1480 3023 effeetus
1499 2991 1549 3028 qui
1567 2989 1611 3021 est
1629 2990 1658 3019 in
1678 2996 1754 3033 mai-1
1773 2987 1802 3018 ὅ(
1819 2989 1854 3021 in

985 3029 1156 3061 littoribus.
1178 3040 1249 3064 nam
1274 3032 1304 3063 ἃ
1327 3033 1357 3063 in
1384 3032 1566 3063 fluminibus
1593 3029 1635 3059 est
1655 3029 1786 3059 cuilibet
1802 3030 1852 3069 jus

985 3069 1177 3103 aedificandi:
1199 3072 1250 3112 δε,
1272 3073 1293 3104 fi
1314 3074 1472 3105 credimus
1498 3071 1670 3103 Marciano
1691 3069 1709 3100 l.
1734 3073 1763 3101 6.
1782 3070 1809 3102 h.
1827 3076 1850 3102 t.

985 3112 1074 3152 (quae
1090 3113 1310 3155 coniungenda
1326 3124 1398 3146 cum
1416 3116 1442 3145 d.
1460 3115 1480 3144 l.
1500 3122 1527 3142 2.
1545 3111 1572 3151 §.
1595 3119 1606 3141 1
1619 3134 1628 3149 ,
1653 3109 1730 3157 ficut
1748 3110 1792 3143 est
1809 3117 1852 3144 ei<

985 3154 1098 3185 eodem
1116 3154 1218 3196 libro)
1242 3155 1317 3194 soli,
1343 3157 1374 3186 id
1392 3155 1455 3194 est,
1475 3153 1552 3183 alvei
1566 3175 1574 3187 ,
1597 3152 1717 3183 domim
1737 3153 1853 3184 consti.

982 3201 1111 3227 tuuntur
1129 3196 1181 3236 qui
1201 3197 1243 3227 ibi
1261 3196 1435 3228 aedificant:
1459 3195 1533 3225 dum
1551 3200 1655 3225 tamen
1672 3195 1727 3234 (ut
1743 3192 1853 3235 Ulpia-

979 3245 1038 3272 nus
1055 3244 1215 3312 tegperat
1229 3238 1309 3281 l.24.
1322 3237 1366 3273 D.
1380 3238 1412 3271 de
1427 3237 1528 3273 clamne
1544 3234 1669 3278 infesto)
1685 3235 1716 3272 in
1733 3236 1853 3309 misam}

1137 3288 1157 3315 2
1769 3304 1780 3309 ..
1793 3285 1828 3309 ,lc
