2036 3495
533 103 747 159 mon-x
792 100 1037 145 RERUM
1086 98 1124 137 ἀ
1176 98 1581 136 VERBORUM.

205 208 286 233 tatur.
308 204 372 239 460.
395 201 420 231 fit
435 202 463 229 ln
478 199 596 230 solutum
606 194 694 224 datio.
709 195 744 224 ib.
770 181 900 224 woburnt
913 189 976 228 qui.
1295 193 1348 224 ηε
1377 190 1475 218 Partus
1488 188 1593 218 ancillae
1608 187 1676 218 fitne
1696 186 1837 218 interdum
1854 188 1882 217 in
1898 188 1952 217 fru-

205 243 305 279 quibus
328 243 354 269 in
370 240 473 270 casibus
498 235 638 265 distractio
662 233 694 263 sit
714 233 746 261 li·
772 230 899 264 Nomina
912 230 1017 258 incerta
1032 234 1093 264 quae
1112 227 1171 257 fint.
1294 231 1348 262 ²63
1413 228 1466 256 stu.
1902 234 1954 259 140

202 283 268 310 cita.
290 280 351 308 ibid.
379 276 445 314 qnid
461 275 481 305 fi
494 282 530 302 ες
545 273 668 302 alienum
686 277 744 300 tan·
772 269 890 298 Novum
902 268 945 302 ius
959 266 1026 303 quid
1043 266 1083 295 fit.
1313 272 1349 299 39
1379 266 1477 294 Partus
1497 269 1569 300 quot
1593 264 1722 293 nascituri
1742 264 1894 296 statuantur
1915 272 1956 291 lu-

207 325 266 347 tum
284 318 329 350 rit.
350 323 381 345 ut
402 321 438 342 ex
460 313 543 340 rebus
558 311 664 340 caeteris
685 309 744 339 ndn
771 308 865 337 Noxae
878 303 1067 343 quotuplices.
1189 329 1195 333 Α
1296 307 1350 344 355
1418 300 1536 334 tentum,
1902 303 1955 335 143

202 356 289 395 poffit
307 351 423 384 exsolvi.
446 353 510 383 461.
548 348 616 386 quid
631 348 659 376 in
678 347 745 376 Pro-
770 346 815 375 De
829 343 977 373 Noxalibus
998 342 1146 372 unionibus.
1173 344 1233 372 181.
1273 340 1301 370 in
1324 344 1352 368 n·
1380 341 1476 370 Partus
1490 339 1624 370 custodia.
1900 341 1954 374 ,με

807 381 922 412 ,1ἰί5ἰιω.
951 380 1069 417 amplius
1101 381 1194 409 locum
1226 387 1284 407 non
1305 377 1352 406 ha·
1381 379 1461 406 Pater
1476 378 1538 415 quis
1554 378 1592 406 sit.
1816 408 1818 411 ,
1906 385 1957 407 ,20

808 421 888 449 berit.
919 418 983 448 ibid.
1012 418 1041 446 in
1071 417 1154 446 servis
1182 418 1275 446 locum
1307 417 1353 443 ha·
1380 413 1471 445 Patria
1485 416 1615 452 potestas.
1638 419 1680 447 18.
1698 416 1752 453 seq.
1778 416 1881 453 quibus
1895 423 1956 442 mo-

808 459 899 492 bent3
927 457 946 485 fi
968 455 1157 492 deliquerint,
1179 463 1241 484 cum
1263 453 1354 481 domi·
1418 453 1461 492 ciis
1483 462 1516 481 ea
1537 454 1702 489 acquiratur.
1724 462 1770 483 20.
1806 452 1957 490 quomodo

810 503 863 526 nus
889 494 1041 532 prohibere
1074 501 1133 522 non
1161 492 1257 529 posset.
1289 491 1352 520 ibid.
1389 515 1392 518 .
1421 490 1552 519 solvatur.
1922 493 1958 518 26

808 534 890 562 'noxia
910 530 988 570 quid.
1009 530 1074 559 ibid.
1116 531 1246 559 adversus
1269 537 1352 565 quem
1380 528 1470 560 Patria
1482 527 1604 565 potestas
1619 528 1646 556 in
1664 528 1874 557 exheredando.
1905 535 1958 558 122

809 571 921 600 *noxalis
937 569 1008 598 astio
1028 568 1118 597 detur.
1131 569 1194 597 ibid.
1215 567 1260 596 cui
1277 575 1354 599 com-
1381 566 1544 594 Patresfam.
1570 567 1619 602 qui
1639 574 1697 601 non
1721 568 1843 596 habeant
1864 566 1958 602 perso·

811 614 899 646 petat.
924 607 987 636 ibid.
1028 606 1062 634 ad
1082 607 1149 643 quid
1177 607 1268 634 detur.
1289 605 1352 633 ibid.
1418 612 1483 632 nam
1504 603 1590 632 standi
1609 605 1635 632 in
1648 604 1773 639 judicio.
1795 611 1826 632 ut
1840 605 1956 633 aditores.

811 646 918 675 dedere
944 646 1053 674 servum
1076 653 1155 673 noxae
1179 645 1246 680 quid
1270 643 1309 671 sit.
1331 643 1352 670 i·
1383 667 1387 670 ,
1419 643 1554 676 117.qui,
1576 648 1606 670 ut
1618 643 1668 670 rei.
1893 641 1957 671 ibid.

808 685 864 712 bid.
887 684 942 719 seq.
970 683 1055 711 Bonae
1069 681 1134 710 fidei
1155 679 1286 717 possessor
1301 680 1351 708 ser·
1381 678 1459 707 Pauli
1469 679 1541 708 liber.
1561 686 1618 706 non
1632 680 1662 707 de
1667 676 1899 717 septemviralibus.
1912 680 1959 708 sed

812 723 842 750 vi
858 720 954 750 noxali
967 720 1074 754 judicio
1090 718 1236 748 conveniri
1252 716 1354 755 potest.
1419 717 1450 745 de
1462 717 1693 745 centumviralibus
1699 719 1810 755 judiciis
1825 719 1886 747 suit.
1907 725 1959 753 123

207 394 308 423 vinciis
332 387 494 420 servandum
514 386 555 418 stt·
575 385 639 416 ibid.
685 384 746 414 haec

205 430 334 467 cognitio
353 425 534 463 Magistratus
550 433 603 463 pro
623 423 747 453 tribuna·

206 470 228 499 lt
242 468 302 496 fieri
317 466 410 495 debet.
430 463 494 493 ibid.
521 463 591 500 quid
604 462 699 492 ventat
715 460 744 489 in

207 504 401 542 cognitionem
425 502 510 530 illam.
537 501 601 531 ibid.
640 497 707 537 quid
727 497 745 527 Γι

205 543 322 574 Praetori
357 540 442 569 fuerit
481 540 640 574 obreptum.
680 535 744 564 ibid.

206 581 274 618 quid
289 579 309 609 fi
329 579 420 608 socius
441 577 476 606 ad
498 577 663 606 divisionem
680 582 746 616 pro-

207 624 300 647 vocet.
315 617 378 646 ibid.
391 616 445 652 seq.
454 615 632 644 alienationis
648 617 749 643 contra

171 686 175 690 ,
207 656 311 685 SCtum
326 656 402 685 factae
420 653 547 684 effeetus.

169 695 268 725 Miffio
288 703 305 722 a
323 693 432 722 militia.

169 733 270 763 Miffio
289 730 457 764 mulieris-in
467 727 662 766 poffeffionem
682 732 748 754 ven-

692 653 747 686 462

640 692 684 723 58.
694 688 749 723 seq.

207 771 257 799 “is
273 771 398 798 nomin-e·
691 768 747 798 419
816 763 879 790 182·
918 757 994 797 Quid
1014 757 1114 797 streus
1129 756 1238 786 servum
1261 758 1289 785 in
1310 755 1356 783 sua
1382 755 1411 783 Si
1441 755 1583 792 'quadrupes
1607 759 1754 792 pauperiem
1770 756 1864 794 feczffie
1892 757 1960 784 dica·

168 809 389 837 Monumentum
406 803 483 839 quid.
690 804 746 830 206
812 796 950 832 potestate
970 794 1025 823 ess‘e
1041 794 1133 833 neget.
1291 793 1354 823 ibid.
1420 800 1473 822 tur.
1497 796 1557 827 176.
1586 794 1710 829 respectu
1730 795 1849 823 ferarum
1864 795 1964 822 bestia-

167 846 290 878 Morbus
311 844 379 880 quid
400 841 441 869 sm
690 846 746 874 354
774 835 863 863 Noxia
878 833 964 875 quid..
986 872 987 875 Ἰ
1303 839 1355 866 177
1420 839 1480 859 rum
1503 831 1561 859 haec
1581 832 1652 859 aetio
1676 831 1768 859 locum
1791 840 1849 860 non
1865 832 1961 860 habet.

167 885 276 915 Mulier
318 879 436 910 includit
474 879 558 909 etiam
596 877 745 915 vifgfnffln,
775 873 966 902 Nummulatn
977 872 1036 907 qui.
1319 877 1353 905 53
1420 869 1481 898 ibid.
1505 869 1652 905 pauperies
1674 869 1741 905 quid
1760 868 1800 897 fir.
1822 870 1884 897 ibid.
1925 869 1960 898 ad

693 922 748 949 319
775 912 911 948 Nuptiae,
947 908 1094 945 quomodo
1123 908 1238 945 proprie
1262 907 1353 936 distin·
1422 907 1489 944 quid
1511 907 1592 934 detur
1606 907 1664 935 haec
1680 907 1758 935 leno.
1783 914 1842 942 177.
1863 906 1963 936 cuiae.

813 955 933 986 guantur
950 955 964 974 a
982 947 1172 976 matrimonio.
1189 954 1251 980 379.
1287 945 1354 981 quid
1381 971 1385 979 ,
1422 951 1473 973 tur.
1495 945 1557 973 ibid.
1579 951 1677 973 contra
1692 952 1785 981 quem.
1899 944 1963 973 ibid.

815 987 867 1020 fint
887 985 998 1021 nuptiae.
1028 985 1090 1013 ibid.
1125 984 1286 1022 polygamia
1315 982 1355 1011 est
1383 982 1962 1019 Peculiumundedistum.269.quidfit.ib.

816 1024 925 1052 illicita.
949 1021 1013 1051 ibid.
1053 1022 1201 1052 consensus
1227 1021 1263 1049 de
1287 1029 1354 1049 con·
1420 1020 1488 1057 quid
1505 1020 1532 1048 in
1546 1021 1658 1057 peculio
1672 1019 1726 1048 esse
1744 1022 1880 1049 videatur.
1896 1021 1961 1049 ibid.

696 1073 751 1094 120
813 1061 956 1096 junenone
974 1060 1035 1088 sunt
1055 1060 1173 1096 nuptiae,
1194 1059 1354 1094 conjunekio
1422 1058 1578 1095 quotuplex
1595 1058 1634 1086 sit.
1656 1058 1718 1086 ibid.
1746 1059 1848 1087 actioni
1863 1062 1897 1087 de
1912 1068 1961 1095 pe-

169 1111 352 1142 Munimenta
411 1106 621 1144 sepulchrorum
678 1112 748 1141 quae.
815 1099 855 1127 est
875 1107 943 1134 ergo
963 1097 1078 1127 effcuus
1101 1098 1270 1133 nuptiarum.
1291 1096 1356 1125 ibid.
1423 1095 1499 1129 culio
1523 1097 1649 1132 quando¹
1663 1097 1742 1125 locus
1763 1096 1803 1125 fit.
1825 1103 1890 1131 270.
1927 1105 1963 1126 an

694 1143 747 1170 208
814 1136 976 1170 eonjuvlfb‘o
991 1143 1077 1171 porro
1096 1135 1253 1163 animorum
1276 1135 1356 1163 intel·
1421 1133 1448 1162 ἃ
1470 1134 1488 1162 st
1510 1134 1743 1169 negotiumcum
1771 1134 1847 1163 filiaf.
1868 1135 1899 1163 fit
1917 1143 1965 1171 ge-

171 1159 279 1218 fflunus
306 1183 375 1222 quid
407 1191 423 1212 a
449 1182 605 1213 donatione
625 1179 748 1209 differat.
815 1175 917 1210 ligitur.
935 1173 998 1201 ibid.
1020 1173 1122 1209 nuptiae
1143 1173 1244 1209 quibus
1258 1173 1356 1200 ritibus
1423 1170 1503 1212 sium.
1523 1171 1586 1200 ibid.
1615 1180 1648 1200 an
1665 1171 1769 1209 &cum
1786 1172 1876 1201 servo.
1897 1173 1964 1201 ibid.

693 1225 745 1252 401
814 1213 939 1248 legitime
968 1211 1081 1239 fiebant.
1108 1212 1173 1244 380.
1215 1211 1358 1239 matrimo-
1424 1210 1566 1247 obligatur
1593 1210 1643 1238 hac
1668 1210 1776 1245 afflone
1803 1219 1858 1240 tam
1884 1219 1965 1245 mas,

170 1264 304 1295 Mutuum
332 1260 410 1299 quid.
434 1257 498 1289 2i2.
538 1266 572 1286 an
601 1255 749 1285 conveniri
814 1252 891 1279 nium
905 1250 967 1284 jure
982 1250 1106 1283 gentium
1123 1256 1182 1283 quo
1199 1247 1286 1276 modo
1300 1248 1358 1275 fue·
1423 1255 1508 1285 quam
1533 1247 1656 1280 femina,
1685 1248 1768 1276 etiam
1788 1250 1922 1285 pupillus.
1944 1249 1967 1275 i-

207 1299 309 1338 poffit,
335 1304 366 1328 ut
387 1298 449 1334 plus
468 1295 642 1325 restituatur.
663 1301 748 1328 quam
815 1288 851 1317 rit
873 1287 1058 1315 contraeunt
1088 1286 1151 1314 ibid.
1191 1286 1259 1325 Quo
1281 1284 1358 1313 sensu

208 1338 249 1367 est
267 1337 371 1366 datum.
394 1336 456 1364 ibid.
477 1334 536 1362 fleka
550 1331 663 1360 traditio
680 1329 749 1358 suffi-
815 1326 919 1362 ⁰⁰91?ae
950 1323 1095 1353 ifldiVldUa
1115 1323 1276 1358 Εθῦἱϋῦἕὶῑῡ
1303 1322 1357 1356 effe

168 959 285 990 Mulier.
306 956 373 986 vide
393 955 510 984 Feminoe.

168 996 385 1031 Municipalium
447 991 660 1028 Magistratuum
705 990 750 1024 Ju-

203 1034 328 1065 risdifflo
368 1039 448 1061 certo
488 1031 555 1060 loco
588 1028 749 1059 includitur.

1423 1285 1474 1313 bid.
1515 1293 1551 1322 ex
1573 1294 1631 1323 quo
1660 1286 1779 1321 negorio
1806 1288 1886 1315 detur
1907 1288 1966 1315 haec

1423 1323 1504 1357 attio.
1526 1324 1582 1351 ibid
1630 1324 1676 1351 cui
1699 1324 1779 1351 detur
1803 1325 1860 1353 haec
1882 1325 1964 1353 astiti.

207 1375 254 1404 cit.
273 1377 349 1409 ‘2¹3·
395 1373 552 1401 dominium
575 1368 749 1398 transfertur.

204 1413 273 1443 ibid.
300 1412 417 1440 effeetus
433 1410 563 1438 doftrinae
584 1406 665 1434 illius.
687 1405 748 1433 ibid.

207 1450 404 1480 consumtione
427 1453 569 1477 mutuum,
598 1452 656 1472 non
673 1444 748 1472 recte

207 1488 401 1522 eontrastum3
413 1494 469 1513 non
487 1480 677 1515 convalescit,
693 1488 748 1509 nec

207 1524 350 1556 condictio
371 1532 432 1560 quae
455 1521 575 1550 nascitur
589 1540 596 1552 ‚
625 1518 665 1546 est
686 1526 747 1554 quae

207 1572 243 1593 ex
271 1562 369 1591 mutuo
409 1558 556 1596 competit.
588 1556 651 1586 ibid.
700 1555 746 1584 sed

208 1599 350 1630 condictio
365 1598 420 1627 sine
436 1597 525 1626 causa.
545 1595 609 1624 ibid.
631 1599 750 1622 tantum-

207 1638 272 1667 dem
295 1638 323 1666 in
346 1642 444 1665 mutuo
473 1634 512 1662 est
539 1633 750 1662 restituendum.

205 1675 269 1706 ibid.
289 1674 345 1711 seq.
367 1673 494 1703 Edictum
510 1671 545 1700 de
568 1677 750 1704 mutuo-214.

205 1715 322 1744 Certum
344 1711 422 1749 quid.
450 1710 514 1739 ibid.
554 1708 622 1738 certi
652 1706 750 1735 condi·

203 1752 303 1783 &ionis
323 1751 406 1787 origo
428 1748 454 1777 &
484 1746 654 1786 progressus.
686 1744 749 1774 ibid.

207 1789 350 1822 condistio
387 1787 456 1816 certi
484 1793 519 1814 ex
550 1791 659 1813 mutuo.
684 1791 748 1818 2¹5·

207 1829 253 1859 cui
268 1827 358 1856 detur.
379 1825 442 1854 ibid.
460 1823 514 1860 seq.
537 1829 633 1851 contra
652 1829 748 1857 quem.

206 1869 273 1898 2¹6.
302 1863 402 1901 judicis
415 1861 540 1894 officium
554 1861 582 1889 in
599 1860 651 1890 hac
665 1858 749 1887 acuo-

170 1904 177 1911 ”
204 1912 254 1937 nes
686 1896 749 1927 ibid.

441 1965 482 2006 ir.

169 2053 358 2126 Nat->allium
381 2051 527 2091 professio.
630 2088 637 2095 ¹
716 2044 753 2085 §4

297 2099 422 2122 ationum
464 2089 572 2118 diversa
628 2087 751 2118 indoles.

170 2171 324 2202 Nauticum
338 2168 438 2198 foenus.
697 2133 751 2198 Βξξ

172 2210 292 2242 Naum,
320 2213 482 2243 caupones,
507 2201 664 2237 stabularii,

212 2246 395 2277 exercitores.
415 2240 536 2280 112.seq.
559 2239 576 2267 fi
598 2240 702 2268 salvum
712 2239 753 2266 so-

210 2294 241 2323 re
253 2282 321 2320 quid
338 2282 504 2317 receperint.
529 2285 589 2312 113.
614 2277 662 2306 nisi
679 2276 755 2306 resti-

209 2328 306 2353 tuent,
328 2320 438 2349 afflone
458 2319 485 2346 in
501 2317 599 2346 faetum
615 2321 754 2343 tenentur.

213 2359 269 2388 ibid
298 2358 332 2386 ad
349 2356 485 2386 interesse.
510 2354 572 2383 ibid.
601 2353 627 2381 ἃ
643 2353 675 2380 ad
689 2361 755 2389 prae-

211 2397 333 2426 standam
349 2396 457 2430 culpam
473 2401 596 2421 omnem.
617 2391 681 2419 ibid.
720 2390 756 2418 Ii-

213 2434 275 2463 dem
297 2440 428 2462 tenentur
444 2431 469 2460 &
486 2431 539 2459 alia
562 2431 589 2457 in
605 2429 704 2458 fae‘tum
726 2436 754 2455 a-

211 2472 303 2501 aione
319 2470 443 2507 poenali,
465 2468 539 2505 quasi
556 2476 591 2496 ex
606 2467 708 2495 delicto
725 2466 754 2494 in

213 2508 328 2544 duplum
341 2508 376 2537 de
390 2508 492 2536 damno
508 2506 606 2541 'injuria
626 2505 709 2538 dato,
719 2503 754 2531 ab

214 2546 336 2583 ipsorum
358 2545 496 2574 ministris.
520 2547 581 2579 114.
621 2544 648 2572 in
671 2542 753 2575 navi,

213 2589 357 2620 'cat-pona.
377 2584 422 2612 vel
439 2582 557 2612 stabulo.
579 2581 643 2610 ibid.
665 2587 747 2617 quan-

214 2622 252 2650 do
268 2621 362 2650 cesset.
685 2617 748 2645 ibid.

176 2660 368 2696 Negotiorum
404 2657 493 2691 gestor
521 2656 594 2693 quie.
624 2663 668 2691 74.
695 2655 752 2690 seq.

724 2207 755 2230 nt

819 1362 956 1391 dicantur.
980 1361 1042 1390 ibid.
1071 1363 1145 1389 Inter
1161 1369 1233 1396 quos
1256 1362 1358 1396 nuptiae

817 1400 1030 1435 contrahantur.
1052 1402 1114 1434 380.
1124 1397 1179 1435 seq.
1194 1399 1265 1426 inter
1280 1398 1357 1426 cives

814 1439 972 1467 Romanos.
995 1437 1056 1467 ibid.
1080 1438 1134 1472 seq.
1150 1438 1184 1464 cle
1199 1442 1279 1463 aetate
1292 1443 1359 1463 con-

815 1476 994 1504 trahentium.
1018 1477 1081 1508 381.
1114 1473 1149 1502 de
1163 1472 1296 1501 consensu
1311 1480 1359 1499 eo-

813 1522 874 1543 rum
895 1514 943 1550 qui
967 1521 1017 1540 eos
1039 1513 1065 1540 in
1091 1511 1135 1539 sua
1156 1512 1263 1539 habent
1277 1515 1357 1546 pote-

813 1551 891 1580 state.
912 1551 975 1579 ibid.
1004 1558 1038 1578 ex
1059 1549 1119 1586 post
1141 1548 1213 1577 faeto
1236 1548 1258 1575 is
1280 1555 1357 1580 acce—

816 1589 885 1617 dens
911 1588 999 1617 efficit
1036 1587 1145 1623 nuptias
1167 1592 1243 1615 retro
1266 1583 1357 1621 legiti-

815 1635 883 1655 maS.
902 1625 966 1655 ibid.
1008 1624 1064 1653 filia
1077 1625 1249 1660 emancipata
1265 1629 1358 1651 minor

817 1665 942 1697 nubens,
969 1671 1089 1700 quorum
1113 1660 1247 1690 consensu
1268 1665 1357 1697 egeat.

816 1703 877 1731 ibid.
899 1704 962 1737 38²·
997 1700 1138 1729 interdum
1152 1707 1231 1736 pater
1246 1697 1280 1726 ad
1294 1705 1361 1727 con-

814 1739 989 1777 sentiendum
1013 1737 1078 1774 cogi
1096 1737 1196 1774 potest.
1217 1735 1281 1771 ibid.
1322 1736 1362 1763 in-

818 1777 929 1807 terdum
954 1785 1005 1805 nec
1029 1775 1088 1809 ejus
1109 1775 1257 1804 consensus
1272 1774 1363 1810 requi-

819 1816 897 1845 ritur.
930 1813 993 1844 ibid.
1045 1812 1171 1849 Ipsorum
1196 1811 1363 1843 contrahen-

817 1854 885 1882 tium
907 1861 961 1881 con
971 1851 1072 1879 sensus.
1090 1851 1151 1879 ibid.
1196 1851 1231 1879 de
1258 1857 1364 1885 errore.

815 1892 880 1920 ibid.
902 1890 956 1928 seq.
974 1889 1008 1918 de
1023 1891 1171 1924 metu.383
1193 1888 1365 1917 defiliaesam.

815 1930 948 1967 nubentis
972 1926 1118 1962 consensu.
1146 1927 1207 1956 ibid.
1250 1927 1294 1954 De
1316 1924 1363 1953 cd·

817 1968 962 2004 gnatione.
983 1964 1048 1994 ibid.
1066 1965 1141 2002 seqq.
1176 1966 1222 1994 De
1237 1963 1361 1993 adfinita-

818 2012 856 2034 te.
885 2008 954 2039 386.
980 2006 1043 2038 387.
1084 2003 1153 2030 Alite
1174 2002 1242 2038 Juris
1265 2001 1358 2031 civilis

818 2042 1035 2079 prohibitiones,
1053 2040 1117 2069 ibid.
1139 2048 1164 2068 e.
1179 2050 1206 2078 g.
1230 2041 1304 2074 inter
1321 2039 1361 2068 se-

818 2089 944 2110 natorem
960 2078 987 2107 ὄι
1009 2078 1177 2107 libertinam.
1192 2078 1255 2108 ibid.
1277 2077 1358 2106 nimis

818 2119 905 2147 senes.
925 2117 988 2146 ibid.
1032 2122 1158 2145 tutorem
1174 2117 1199 2145 &
1218 2115 1360 2152 quondam

819 2157 961 2194 pupillam.
984 2153 1047 2184 ibid.
1069 2154 1143 2192 seqq.
1168 2162 1233 2183 eum
1253 2155 1302 2189 qui
1317 2152 1364 2182 of-

820 2194 914 2222 ficium
938 2194 965 2221 in
988 2193 1139 2229 provincia
1158 2192 1284 2221 habet&
1305 2200 1361 2221 mu-

825 2232 922 2260 lierem
939 2231 1152 2266 provincialem.
1172 2232 1236 2265 389.
1255 2231 1364 2267 nuptia·

821 2277 882 2297 rum
910 2268 1036 2297 effeetus.
1069 2269 1130 2297 ibid.
1179 2267 1247 2305 quid
1269 2267 1287 2296 fi
1318 2267 1364 2295 ad-

823 2307 918 2335 versus
933 2312 1070 2342 praetepta
1094 2314 1185 2343 ‚egum
1205 2306 1256 2335 fint
1279 2305 1362 2334 faetae.

822 2352 885 2380 390.
930 2345 1046 2381 Nuptiae
1080 2344 1230 2382 quomodo
1256 2344 1363 2373 solvan-

822 2389 877 2412 tur.
1308 2388 1362 2418 407

1056 2458 1093 2488 Ο.

783 2531 971 2599 Obligatio
994 2534 1075 2564 alteri
1089 2543 1139 2573 per
1152 2534 1270 2564 alterum
1294 2533 1361 2562 libe-

888 2582 949 2602 rum
964 2574 1109 2602 hominem
1125 2574 1289 2609 regulariter
1303 2579 1362 2600 non

819 2612 1061 2649 acquiritur.411.
1103 2619 1137 2640 an
1157 2620 1208 2648 per
1230 2617 1362 2675 tutorlendi·

1292 2657 1302 2676 ι
1320 2656 1329 2674 i
1349 2667 1356 2674 .

216 2696 344 2731 exempla
371 2694 446 2722 varia
475 2695 538 2723 ibid.
560 2698 604 2729 76.
644 2693 752 2721 animus
780 2685 926 2723 Obrepere
945 2686 1022 2722 quid.
1304 2679 1357 2718 461¹

215 2734 322 2769 negotii
347 2740 398 2767 ΡΥΟ
413 2731 469 2758 alte
486 2740 504 2759 0
526 2731 640 2767 gerendi
662 2730 752 2766 requi-

215 2771 294 2801 ri'tur.
315 2770 378 2800 ibid.
400 2777 433 2797 an
449 2768 554 2796 afflone
574 2769 753 2804 negotiorum

781 2724 985 2760 obtemperare
1010 2724 1054 2758 jus
1073 2718 1179 2751 dicenti
1193 2723 1255 2759 quis
1277 2728 1361 2756 nege-

820 2769 872 2790 tur.
896 2762 961 2789 Vlde
975 2761 1003 2789 Si
1022 2761 1088 2798 quis.

216 2810 358 2846 gestorum
382 2809 404 2835 is
431 2807 512 2833 etiam
541 2812 683 2839 teneatur.
705 2806 753 2842 qui
781 2800 824 2831 De
841 2797 936 2835 Officio
955 2800 1014 2837 ejus
1028 2800 1073 2827 cui
1086 2796 1256 2836 estmandata
1269 2796 1362 2837 Jurts·

219 2856 253 2875 ex
276 2845 435 2875 necestitate
461 2842 547 2878 geffit.
573 2845 635 2873 ibid.
676 2845 754 2878 cujus
820 2839 905 2867 dictio.
1326 2842 1361 2870 37

215 2885 409 2921 intelligantur
425 2882 550 2915 negotia.
569 2881 622 2907 ibid
646 2890 679 2917 77
710 2890 756 2917 ge-
784 2876 827 2905 De
842 2875 1087 2915 Operisservorum.
1308 2877 1361 2908 163

217 2922 288 2951 stum
309 2921 376 2956 quid
401 2919 516 2947 dicatur.
543 2917 606 2945 ibid.
646 2925 755 2946 tenetur
783 2915 890 2950 Optare
905 2921 985 2944 notat
997 2914 1109 2951 eligere.
1325 2918 1363 2940 22

217 2959 357 2990 intrrdum
391 2956 453 2993 quis
483 2955 508 2983 &
537 2955 572 2983 de
591 2962 648 2982 non
669 2956 754 2988 gesto.
784 2953 966 2991 Origojurir.
1343 2956 1362 2982 9

217 2998 278 3027 ibid.
303 2994 483 3032 negotiorum
501 2993 638 3027 gestorum
656 2992 756 3020 directa

219 3036 291 3065 aetio
304 3035 349 3063 cui
365 3033 452 3061 detur.
475 3031 536 3059 ibid.
558 3036 654 3059 contra
663 3037 756 3065 quem.

215 3074 280 3105 ibid.
302 3073 336 3101 ad
351 3070 427 3108 quid.
442 3069 506 3098 ibid.
528 3068 582 3105 seq.
605 3075 686 3104 quam
702 3066 758 3094 cul·
801 3089 807 3097 ,

220 3120 283 3149 μισ]
315 3109 430 3146 praestet.
461 3109 505 3141 78.
544 3107 577 3134 ad
604 3113 673 3141 quas
700 3103 758 3133 usu-

219 3158 264 3179 ras
287 3152 424 3176 teneatur.
441 3145 505 3174 ibid.
526 3143 667 3172 contraria
687 3142 757 3170 aetio

1057 3027 1090 3057 P.

787 3100 939 3173 Paetum.
977 3111 1022 3140 54.
1068 3102 1172 3134 dotale.
1219 3092 1285 3131 vide
1309 3090 1361 3131 Do-

879 3144 937 3171 tale.

221 3187 282 3221 cui.
302 3190 401 3215 contra
413 3192 497 3221 quem
510 3202 520 3219 ‚
539 3182 573 3212 ad
587 3179 656 3220 quid
665 3179 755 3208 detnr.
784 3178 914 3208 Pariendi
930 3180 1085 3216 legitimum
1100 3185 1219 3217 tempus.
1327 3186 1361 3208 2¹

628 3217 691 3248 ibid.
700 3218 756 3257 seq.
782 3215 879 3248 Partes
895 3224 986 3247 rerum
1000 3217 1190 3256 quotuplices.
1231 3214 1361 3255 365.seq.

1673 1491 1687 1503 Ι*

1385 1509 1528 1538 Peculium
1544 1507 1681 1537 vindicari
1698 1505 1805 1544 nequit.

1385 1547 1437 1575 Per
1450 1547 1508 1581 ejus
1523 1547 1565 1575 vis
1589 1549 1616 1576 in
1633 1547 1850 1584 compositione.
1910 1552 1964 1583 198

1385 1585 1509 1621 Pergulae
1523 1585 1606 1620 quae?
1913 1594 1964 1615 121

1385 1622 1545 1652 Periculum
1577 1623 1618 1651 rei
1646 1622 1682 1651 ad
1704 1631 1790 1660 quem
1814 1624 1968 1661 pertineat.

1424 1367 1486 1393 271.
1510 1368 1608 1397 contra
1631 1369 1726 1398 quern.
1747 1361 1809 1390 ibid.
1831 1364 1864 1391 ad
1886 1362 1964 1398 quid.

1422 1398 1486 1426 ibid.
1507 1398 1622 1434 quando
1641 1399 1713 1425 affio
1733 1399 1769 1426 de
1791 1401 1903 1434 peculio
1919 1406 1966 1429 an-

1424 1436 1495 1463 nalis
1509 1435 1549 1464 sit.
1563 1432 1627 1464 ibid.
1647 1436 1673 1463 ὄι
1689 1433 1786 1464 contra
1799 1445 1884 1473 quem
1899 1445 1967 1467 tune

1425 1471 1517 1501 detur.
1909 1483 1965 1510 272

1910 1520 1967 1547 ¹50

1914 1669 1966 1697 153

1388 1693 1548 1729 Perii-‚ulum
1562 1699 1604 1729 rei
1619 1699 1748 1730 vendite.
1779 1699 1845 1729 vide
1864 1700 1894 1729 in
1909 1701 1968 1729 Em-

1426 1738 1472 1766 tio.

1389 1775 1564 1805 Permutatio
1577 1770 1647 1813 que.
1914 1782 1968 1813 331

1390 1812 1572 1843 Personarum
1594 1814 1757 1845 divisiones.
1791 1815 1858 1845 vide
1875 1811 1969 1844 Homi-

1429 1860 1483 1880 nes.

1391 1886 1489 1919 Peritio
1504 1882 1663 1926 hereditatis.
1688 1899 1748 1927 137.
1789 1891 1826 1920 est
1848 1892 1919 1921 actio
1938 1893 1970 1922 in

1429 1937 1499 1964 rem.
1519 1930 1584 1958 ibid.
1601 1963 1603 1967 .
1621 1931 1748 1959 etiarnin
1764 1930 1908 1966 personam
1931 1929 1971 1959 fa-

1428 1967 1470 2000 ita
1492 1963 1656 1996 aue‘toritate
1675 1967 1827 2004 JCtorum,
1869 1969 1896 1996 in
1916 1968 1970 1997 Fo-

1427 2005 1450 2034 ri
1496 2005 1685 2041 disputatione
1723 2008 1971 2042 interpretantium

1427 2042 1530 2072 SCtum
1548 2052 1585 2071 eo
1605 2044 1734 2080 spefiians.
1757 2044 1820 2072 ibid.
1859 2044 1926 2081 quid
1943 2053 1972 2072 a-

1426 2081 1517 2109 ctione
1545 2082 1590 2110 illa
1611 2089 1729 2117 petatur.
1754 2082 1817 2111 ibid.
1857 2090 1970 2119 compe-

1427 2121 1461 2148 tit
1476 2128 1508 2147 ea
1523 2119 1562 2147 illi
1577 2120 1625 2155 qui
1645 2120 1826 2149 hereditatem
1845 2120 1917 2149 suam
1933 2121 1973 2149 di·

1429 2165 1494 2185 cere
1513 2158 1615 2195 potest.
1636 2161 1696 2194 138.
1718 2165 1816 2188 contra
1837 2166 1919 2194 quem
1936 2166 1971 2185 ea

1429 2196 1518 2223 detur.
1534 2196 1597 2231 ibid.
1623 2197 1688 2234 seq..
1715 2206 1772 2226 non
1803 2196 1915 2231 sufficit,
1937 2201 1969 2224 ut

1430 2233 1492 2269 quis
1511 2235 1595 2268 J'aetet
1621 2233 1647 2262 ἃ
1668 2234 1768 2264 clamet
1788 2234 1815 2264 se
1837 2233 1970 2263 heredem

1429 2270 1499 2313 effe.
1537 2278 1566 2300 ut
1594 2279 1692 2301 contra
1719 2281 1782 2301 cum
1805 2273 1887 2301 detur
1909 2272 1968 2300 haec

1430 2308 1513 2336 ac'ho.
1536 2312 1597 2344 138.
1626 2311 1706 2340 datur
1722 2312 1781 2340 haec
1801 2311 1872 2339 aetio
1887 2311 1968 2338 etiam

1429 2354 1528 2375 contra
1543 2349 1730 2378 detentorem.
1747 2348 1808 2378 ibid.
1830 2357 1888 2377 non
1903 2353 1969 2374 con-

1430 2391 1472 2412 tra
1492 2393 1556 2414 eum
1576 2386 1624 2422 qui
1646 2387 1728 2416 titulo
1746 2387 1872 2422 singulari
1886 2383 1968 2420 posti-

1430 2421 1486 2450 det.
1508 2431 1569 2458 139.
1595 2423 1676 2459 *ideo
1702 2434 1766 2454 reus
1789 2424 1834 2453 hic
1855 2421 1967 2451 titulum

1429 2460 1483 2494 suae
1502 2460 1675 2498 poffeffionis
1700 2463 1783 2491 edere
1805 2466 1923 2488 tenetur.
1945 2459 1969 2486 i·

1428 2498 1480 2527 bid.
1505 2500 1583 2528 datur
1599 2508 1697 2530 contra
1711 2501 1850 2528 bonorum
1866 2496 1971 2534 posses·

1430 2536 1531 2566 sorem.
1544 2538 1608 2567 ibid.
1637 2543 1733 2565 contra
1748 2534 1968 2565 fideicommissa-

1428 2575 1511 2604 rium.
1524 2576 1585 2604 ibid.
1607 2581 1704 2605 contra
1723 2582 1805 2606 eum,
1824 2573 1868 2600 cui
1886 2573 1969 2601 utin·

1428 2611 1515 2647 digno
1535 2612 1613 2646 fiscus
1644 2611 1828 2648 hereditatem
1849 2610 1969 2639 abstulit.

1427 2650 1489 2683 ibid.
1532 2657 1564 2677 an
1588 2656 1686 2676 contra
1702 2656 1840 2677 ‹en-torem
1857 2646 1968 2676 heredi-

1428 2686 1514 2715 tatis?
1534 2686 1597 2714 ibid.
1629 2693 1728 2715 contra
1749 2695 1812 2715 eum
1830 2687 1878 2722 qui
1893 2685 1919 2713 se
1937 2684 1968 2720 ii-

1430 2725 1451 2753 ti
1473 2725 1586 2753 obtulit.
1606 2725 1669 2752 ibid.
1709 2730 1810 2752 contra
1832 2732 1895 2752 eum
1918 2722 1968 2758 qni

1428 2760 1497 2791 dolo
1515 2762 1593 2798 desiit
1613 2761 1759 2799 possidere.
1780 2761 1837 2790 ibid
1865 2760 1902 2790 est
1911 2760 1971 2789 baec
2027 2758 2029 2791 i

1428 2799 1498 2828 aEkio
1527 2807 1563 2828 ex
1584 2801 1675 2829 editio
1697 2801 1827 2829 Praetoris
1847 2800 1873 2828 in
1892 2806 1967 2827 rem:
2027 2805 2028 2816 ¹

1428 2844 1457 2866 at
1473 2846 1507 2866 ex
1522 2838 1586 2866 Fori
1607 2837 1744 2876 disputati-1
1759 2846 1795 2874 ne
1816 2833 1967 2866 secundum

1428 2882 1551 2909 mentem
1571 2875 1635 2905 SCti
1657 2877 1741 2905 etiam
1762 2878 1788 2904 in
1821 2874 1968 2912 personam

1428 2913 1496 2942 facta
1511 2914 1558 2942 est.
1577 2921 1639 2949 139.
1650 2914 1701 2951 seq.
1737 2912 1830 2950 atque,
1845 2912 1912 2945 inde,
1928 2910 1968 2940 est

1428 2951 1543 2980 tandem
1578 2952 1660 2980 bonae
1692 2951 1757 2980 fidei
1780 2949 1868 2983 saeta.
1904 2957 1967 2985 140.

1427 2989 1498 3028 Qua:
1528 2997 1555 3018 ln
1588 2989 1642 3019 hoc
1668 2989 1802 3025 judicium
1827 2985 1970 3017 veniant?

1427 3028 1490 3057 ibid.
1506 3027 1559 3064 seq.
1601 3037 1633 3056 an
1654 3026 1783 3063 poffideri
1801 3034 1893 3063 coepia
1907 3021 1970 3062 post

1429 3065 1507 3094 litem
1529 3065 1735 3100 contestatam?
1762 3072 1827 3100 141.v
1863 3062 1970 3092 sctum

1428 3105 1501 3132 circa
1517 3102 1705 3140 praestationes
1719 3101 1886 3138 personales,
1905 3098 1970 3128 ibid.

1430 3141 1485 3178 seq.
1509 3140 1751 3177 expofitum.142.
1774 3139 1846 3174 seqq.
1883 3136 1969 3165 Casus

1428 3187 1488 3215 quo
1517 3186 1560 3205 res
1591 3185 1655 3208 ante
1682 3179 1757 3206 litem
1786 3175 1969 3205 contestatam

1426 3216 1591 3255 perierunt,
1609 3225 1626 3246 a
1639 3216 1719 3249 inalae
1733 3214 1799 3245 fidei
1815 3212 1971 3286 ροίϊείξεὲτὶ
