2036 3495
163 121 244 159 234
602 104 1046 143 Gnninan

169 200 215 232 est
235 197 343 231 falsum
362 194 412 229 vei
429 194 636 228 inofficiosum
659 192 710 225 vel
728 200 865 232 ruptum.
887 199 1037 234 apparet,

169 242 310 273 indebita
328 239 389 270 ess'e
406 241 525 278 legata:
550 237 740 267 testamento
756 244 821 275 quo
836 234 894 266 {int
911 236 1037 273 relicta,

168 283 258 314 nullo
281 282 319 310 ab
344 281 434 310 initio
454 279 503 308 vel
529 287 568 307 ex
597 276 776 317 postfast03
799 277 939 316 ideoque
957 276 1039 317 opti-

170 332 225 355 mo
248 324 313 358 iure
336 318 447 359 repeti.
477 326 581 349 utrum
606 318 645 348 ab
670 320 787 349 liei-ede
811 317 977 357 instituto,
1000 327 1039 349 an

171 358 341 404 legitimo?
365 359 450 400 prior
476 359 588 398 solvit,
613 358 664 390 sed
688 368 752 390 non
778 358 822 389 est
848 359 958 398 heres3
983 369 1039 399 po-

170 404 281 435 sterior
297 401 341 432 est
360 402 470 439 heres,
494 399 547 431 sed
571 410 636 432 non
661 399 764 431 solvit.
786 399 912 431 interim
931 401 1042 431 condi-

172 445 235 476 ctio
260 443 392 474 indebiti
416 442 461 473 est
486 441 568 473 affio
599 441 792 482 personalis,
817 450 937 472 tantum
961 441 1042 472 obti-

170 494 249 517 nens
270 486 351 515 inter
374 493 430 515 eos
454 484 537 515 inter
562 492 642 523 quos
658 483 703 514 est
722 491 791 514 nata
810 482 892 522 quasi
911 492 949 513 ex
967 492 1043 513 con-

171 526 280 557 [Γαΐω.
304 525 440 565 proinde
469 533 534 555 non
559 525 718 564 competit
744 524 852 554 heredi
879 524 1041 564 legitimo,

171 566 225 598 sed
242 566 376 604 scripto:
400 565 555 604 maxime,
579 566 598 597 si
622 569 661 596 de
684 566 738 596 suo
764 564 858 595 solvit
884 565 997 605 legata.
1021 566 1042 595 i-

170 618 226 640 nio
245 608 273 639 ἃ
291 607 310 639 si
329 608 368 638 de
386 607 564 638 hereditate
581 605 767 646 deditzquia
784 606 970 636 hereditatis
989 615 1040 646 pe·

169 649 286 680 titione
312 657 441 679 tenetur
465 649 503 679 ad
527 647 758 678 restitutionem
782 655 942 686 tamquam
967 647 1042 686 J'uris

170 690 337 722 successor.
369 698 559 729 quamquam
587 689 651 719 hoc
675 689 745 718 casu
771 687 914 719 interest:
939 696 1043 719 utrum

172 741 209 763 ea
225 731 356 762 solverit
374 733 458 761 bona
474 730 558 768 fide3
576 730 743 761 arbitratus
755 752 764 768 ‚
783 729 812 759 se
831 730 983 760 heredem
1000 739 1046 761 es-

170 775 203 805 se
227 783 267 804 ex
293 772 502 803 testamento:
525 780 563 802 an
582 772 661 801 mala
680 770 753 801 fide.
779 780 848 801 nam
871 769 891 801 si
912 771 996 801 bona
1014 769 1048 801 fi·

172 816 213 846 de
230 814 360 845 solverit
376 820 449 843 ante
467 821 586 845 motam
609 811 877 850 controversiam3
899 811 989 852 (post
1003 811 1048 842 est

170 855 323 896 poss'ess‘or
347 854 435 886 malae
459 853 553 895 fidei)
583 862 708 884 tenetur
734 854 860 893 quidem
888 853 1043 893 petitione

172 895 357 928 hereditatis
374 894 539 926 restituere
558 895 660 935 legata
676 904 715 925 ex
732 894 910 925 hereditate
926 894 1042 933 soluta-‚-

172 939 202 969 &
218 939 290 970 ideo
308 935 412 977 potest
429 945 484 974 ea,
507 935 527 967 fi
544 936 640 973 velit,
658 944 804 976 repetere
824 935 941 967 direfta
959 937 1043 967 inde·

173 980 230 1010 biti
248 978 472 1014 condictione:
498 976 549 1008 sed
566 976 584 1008 si
604 978 708 1014 malit,
734 977 777 1008 uti
797 978 997 1016 retentione,
1014 977 1044 1007 ὅ(

173 1020 325 1052 directam
347 1019 506 1050 actionem
532 1019 647 1049 cedere
668 1019 776 1048 heredi
797 1019 961 1058 legitim03
983 1027 1045 1048 nec

172 1062 237 1093 hoe
263 1062 291 1092 ei
314 1061 484 1091 invidetur.
507 1058 645 1099 scilicet,
670 1060 741 1099 quia
767 1059 860 1090 bonae
882 1059 954 1090 fidei
975 1068 1044 1098 pos-

172 1103 268 1134 sess'or
287 1112 326 1133 ex
344 1100 696 1138 Senatusconsulto,de
713 1100 897 1131 hereditatis
916 1101 1045 1140 petitio·

172 1154 214 1175 ne
236 1143 341 1181 faCtn,
373 1152 436 1174 non
464 1143 561 1180 ulti-a,
595 1150 688 1181 quam
715 1141 759 1173 est
784 1141 977 1179 locupletior
1001 1140 1046 1172 fa-

174 1186 261 1223 Qus,
286 1184 469 1216 hereditatis
486 1183 646 1223 petitione
672 1191 807 1214 tenetur.
850 1182 926 1214 Non
951 1183 1047 1223 igitur

172 1227 290 1258 invitus
316 1225 377 1266 ipsa
401 1224 542 1257 restituet
563 1224 666 1265 legata
690 1234 745 1265 pei·
776 1233 917 1255 errorem
946 1224 1047 1255 soluta

172 1268 260 1299 bona
275 1267 338 1299 fide
357 1275 429 1297 ante
445 1274 564 1297 motam
583 1264 850 1297 controversiam:
875 1265 924 1296 sed
942 1264 1047 1304 potest

174 1308 330 1349 defungi,
362 1307 441 1338 celsa
466 1307 575 1338 heredi
612 1307 755 1348 legitimo
778 1306 910 1338 indebiti
935 1307 1047 1338 condi·

176 1349 300 1382 dione:
324 1350 415 1388 isque
433 1358 469 1379 ea
485 1349 602 1379 deinde
618 1349 801 1387 experietur
828 1347 974 1378 adversus
991 1357 1048 1378 eos

177 1391 284 1432 quiea
301 1397 506 1429 acceperunt.
531 1398 591 1420 nec
613 1398 718 1420 tamen
743 1394 844 1421 minus
860 1388 922 1420 fine
941 1389 1048 1420 ceffio-

173 1441 215 1464 ne
234 1432 286 1463 hic
304 1440 411 1462 utetur
433 1429 567 1461 indebiti
591 1431 796 1461 conaitrione
810 1454 820 1468 ,
843 1440 905 1461 non
932 1431 1049 1461 dii-etta

174 1483 217 1505 ex
247 1473 362 1513 regulis
386 1472 488 1511 juris:
523 1471 657 1511 (quibus
687 1472 830 1510 alligatus
863 1472 1049 1512 intelligitur

173 1514 315 1553 Praetor)
339 1513 390 1543 sed
414 1511 482 1543 utili
508 1512 526 1542 l.
548 1515 592 1542 16.
609 1511 637 1552 §.
656 1512 710 1542 ult.
736 1513 754 1542 l.
777 1522 820 1553 17·
847 1514 892 1543 D.
912 1515 944 1543 cie
964 1514 1048 1554 petit.

171 1556 262 1586 hereti.
284 1554 433 1584 suadente
462 1553 630 1592 aequitate,
655 1554 699 1584 ob
718 1553 922 1594 improvisum
945 1553 1048 1585 casum

172 1596 191 1628 l.
209 1599 255 1637 36.
276 1596 303 1637 §.
326 1604 349 1626 1.
371 1595 417 1625 D.
436 1595 468 1624 de
491 1591 598 1634 testam.
623 1595 707 1625 milit.
733 1595 795 1626 sive
813 1595 856 1626 ob
881 1604 997 1626 novam
1017 1595 1047 1626 &

172 1636 375 1677 improvisam
393 1635 534 1673 causam,
558 1636 757 1676 benignitate
787 1636 938 1675 Rescripti
963 1636 1047 1668 Prin-

173 1677 251 1719 cipis
268 1678 388 1718 legibus
406 1676 509 1708 soluti.
535 1675 652 1708 Verum
677 1678 707 1708 id
725 1678 810 1708 circa
835 1677 1048 1708 inofficiosum

174 1720 204 1751 &
229 1718 339 1751 falsum
364 1717 586 1750 testamentum
604 1741 614 1756 ,
645 1726 699 1749 aut
722 1719 793 1759 quia
817 1718 887 1759 post
913 1720 1047 1750 multum

173 1759 329 1801 temporis
346 1759 509 1791 emerserit
523 1769 565 1790 aes
582 1759 717 1791 alienum
729 1784 738 1798 ,
762 1760 883 1792 aliosve
902 1759 1048 1792 subortos

171 1803 280 1840 casus,
304 1802 432 1843 egregie
455 1799 638 1832 observavit
661 1800 815 1841 Ulpianus
836 1803 865 1832 d.
890 1801 908 1832 l.
926 1811 952 1832 2.
970 1802 999 1843 §.
1020 1810 1045 1833 1.

173 1844 204 1877 &
220 1844 408 1885 Papinianus
425 1842 445 1874 1.
462 1852 492 1883 3.
511 1843 540 1874 b.
559 1848 579 1875 t.
603 1851 664 1874 nec
687 1851 808 1874 temere
834 1842 1005 1883 subiectum
1029 1844 1046 1873 l.

172 1895 203 1926 4.
227 1895 292 1917 non
317 1884 380 1916 esse
406 1892 545 1923 novum,
570 1890 605 1915 ut
629 1885 717 1925 quod
741 1883 819 1916 alius
836 1883 950 1924 solvit,
974 1883 1051 1916 alius

175 1934 314 1967 repetat.

219 1968 363 2008 Sequens
385 1968 475 1999 locus
500 1966 563 2005 est,
597 1964 744 1998 adversus
767 1975 862 2007 quem
887 1974 1052 2006 competat

175 2009 311 2042 indebiti
338 2009 515 2040 condictio.
560 2006 761 2039 Modestinus
787 2008 805 2039 l.
830 2018 882 2048 49.
910 2008 952 2039 D.
978 2009 1004 2039 h.
1030 2015 1051 2040 t.

174 2060 247 2092 quae
266 2050 312 2083 est
332 2060 372 2082 ex
389 2051 445 2081 lib.
460 2060 490 2091 3.
517 2049 726 2091 Regularum,
748 2048 829 2080 hanc
853 2048 944 2090 ponit
962 2059 1051 2090 regu·

173 2093 255 2127 lam:
281 2092 341 2123 His
357 2092 419 2126 lblz's
433 2093 556 2131 pecunia
570 2092 732 2122 condicitur
748 2092 850 2131 quibus
865 2100 975 2132 quoquo
993 2101 1050 2122 mo-

174 2136 209 2167 (lo
222 2134 317 2172 soluta
336 2131 394 2173 eft.-
418 2143 475 2163 non
491 2134 594 2174 quibus
609 2131 733 2173 proficit.
759 2132 811 2163 Sic
829 2131 1050 2171 Modestiiius;

174 2176 325 2208 evidente
348 2175 489 2206 ratione:
515 2175 586 2214 quia
613 2173 745 2204 indebiti
770 2174 932 2205 condictio
958 2173 1052 2204 nasci·

174 2223 225 2249 tui·
243 2215 325 2257 quasi
345 2225 384 2246 ex
411 2216 545 2256 negotio
567 2215 655 2256 gesto
682 2215 701 2245 l.
721 2225 769 2255 33.
789 2217 816 2246 d.
836 2221 855 2245 t.
880 2214 943 2246 sive
969 2214 1051 2255 quasi

175 2267 215 2290 ex
233 2257 398 2290 contractu
415 2257 434 2298 §
456 2262 484 2288 6.
500 2254 569 2297 Inft.
588 2258 620 2286 cle
636 2256 722 2296 oblz'g.
741 2266 805 2296 quae
822 2256 902 2297 quas]
916 2266 952 2287 ex
961 2263 1051 2287 contr.

174 2299 251 2337 nasc.
275 2299 411 2330 lndebiti
427 2299 511 2329 enim
528 2297 683 2330 tolutione
701 2297 782 2337 quafi
797 2297 919 2338 gestum
937 2297 980 2328 est
998 2307 1051 2328 ne-

175 2342 300 2380 gotium
325 2342 407 2371 inter
433 2339 609 2371 solventem
634 2340 663 2370 &
686 2341 900 2377 accipientem
929 2339 1049 2370 indebi-

177 2389 256 2414 tum.
283 2384 374 2413 datur
398 2382 493 2423 igitur
517 2390 557 2412 ex
583 2388 692 2412 natura
720 2381 944 2421 obligationis,
969 2380 1050 2420 quasi

177 2431 218 2455 ex
235 2423 367 2463 negotio
385 2422 493 2463 gesto,
518 2421 582 2453 five
603 2422 686 2462 quasi
705 2431 745 2453 ex
762 2421 927 2453 contraCtu
951 2430 1051 2460 natae,

176 2466 322 2496 adversus
339 2474 396 2495 eos
416 2464 498 2495 solos
516 2464 631 2503 quibus
647 2472 781 2505 quoquo
798 2464 898 2495 modo
915 2463 1052 2494 solutum

177 2505 240 2543 est,
264 2516 327 2537 non
345 2506 459 2543 quibus
478 2504 617 2546 proficit.

218 2546 293 2578 Hoc
310 2547 383 2577 loco
407 2557 471 2578 non
496 2547 591 2578 debui
621 2545 786 2584 oblivisci,
806 2547 844 2577 ad
862 2545 938 2586 quid
959 2545 1052 2577 detur

173 2587 307 2620 indebiti
330 2588 503 2621 condictio.
541 2587 738 2628 Pomponius
755 2588 773 2618 l.
790 2597 817 2627 7.
835 2589 861 2618 h.
880 2594 900 2618 t.
916 2586 957 2618 fic
976 2587 1052 2619 defi-

174 2629 242 2662 nit:
268 2628 353 2673 Qiiod
377 2630 532 2660 indebitum
555 2636 606 2669 per
629 2638 750 2659 errorem
770 2630 916 2668 solvitur,
941 2634 993 2660 aut
1009 2630 1051 2669 ip-

167 2672 258 2712 sum,
284 2675 336 2700 aut
361 2673 539 2701 tantumdem
567 2672 717 2710 repetitur.
741 2669 938 2709 Pomponius
962 2670 1049 2708 vult,

177 2711 279 2752 ipsum
298 2709 433 2741 solutum
452 2713 573 2751 repeti,
598 2711 618 2743 si
633 2720 749 2750 corpus
774 2711 890 2743 fuerit:
915 2718 1050 2742 tantum-

178 2754 271 2790 dem,
293 2750 501 2796 fiquantitas.
527 2754 555 2784 &
581 2753 625 2784 est
649 2754 750 2792 ratio,
774 2753 861 2794 quod
886 2753 963 2785 illud
979 2753 1049 2784 fun·

179 2794 319 2827 ctionem
337 2800 453 2832 accipit
471 2793 502 2823 in
528 2794 647 2833 specie:
672 2793 727 2825 ista
753 2794 782 2826 in
798 2804 924 2835 genere.
949 2793 1050 2825 Caete·

177 2845 247 2868 rum
271 2835 324 2866 ubi
349 2834 546 2865 tantumdem
571 2836 647 2866 dicit
664 2835 879 2876 Pomponius,
904 2837 1050 2867 eamdem

179 2876 310 2918 quidem
334 2875 480 2915 indigitat
504 2877 738 2913 quantitatem:
777 2877 828 2909 sed
854 2877 897 2909 ob
921 2877 952 2908 id
985 2886 1051 2909 non

176 2919 268 2956 vult,
299 2917 478 2948 bonitatem
502 2916 639 2961 neg-ligi:
664 2926 703 2948 ne
726 2919 966 2951 :estimationem
982 2919 1052 2959 qui·

178 2960 253 2992 dem
264 2982 276 3000 ,
299 2958 321 2992 fi
347 2966 415 2990 non
431 2955 539 2999 potest
561 2957 647 2989 idem
665 2958 716 2990 vel
734 2960 934 2995 tantumdem
949 2960 1052 2994 reddi.

1076 115 1264 143 oon-r
1320 107 1536 142 Cottas.

1080 190 1127 225 Ita
1144 203 1231 227 certe
1247 196 1360 229 Paulus
1377 197 1395 228 l.
1412 202 1462 239 65.
1481 197 1508 238 §.
1523 200 1552 229 6.
1571 194 1598 229 b.
1619 203 1640 229 t.
1663 198 1701 230 In
1710 198 1881 238 frumento,
1904 200 1965 233 itin

1082 238 1169 276 quit,
1191 239 1415 278 indebitosoluto
1441 239 1477 272 ὃ)
1500 241 1610 269 bonitas
1634 237 1692 280 est,
1718 239 1754 274 ἃ
1781 239 1803 275 E
1827 242 1951 281 consum-

1075 276 1133 318 pfit
1143 279 1328 322 frumentum
1340 304 1348 314 ,
1367 288 1494 321 premam
1510 287 1621 320 repelet.
1640 281 1739 312 Venit
1756 283 1846 323 igitur
1863 284 1893 314 iti
1910 280 1965 314 in?

1084 319 1181 350 debiti
1200 321 1438 353 condictionem
1459 324 1541 352 idem
1567 322 1615 353 vel
1637 326 1845 354 tantumdem.
1864 324 1893 354 ὃς
1917 333 1965 361 ωε,

1086 369 1126 390 ex
1144 360 1232 392 bono
1252 362 1280 392 ὅ(
1297 371 1388 402 aequo
1405 362 1603 399 introducta,
1621 365 1708 403 quod
1725 365 1851 396 alterius
1869 368 1952 405 apud

1085 402 1216 433 alterum
1236 402 1299 433 fine
1317 403 1407 434 causa
1427 404 1695 442 deprehenditur,
1708 414 1861 436 revocare
1878 415 1955 437 con-

1085 441 1185 472 suevit
1210 443 1229 473 l.
1254 447 1303 474 66.
1327 446 1355 474 d.
1381 451 1403 477 t.
1428 445 1468 476 sic
1490 447 1563 485 quid
1590 447 1700 477 mirum
1721 446 1786 484 est,
1810 455 1954 487 repetere

1085 493 1149 514 non
1174 484 1273 514 modo
1298 484 1453 525 solutum,
1485 487 1536 518 sed
1560 496 1713 526 praeteica
1745 487 1898 527 quidquid
1925 489 1954 520 ei

1085 525 1270 555 naturaliter
1291 528 1436 558 accedit:
1467 537 1507 558 eo
1533 529 1619 568 quod
1646 530 1711 568 ejus
1735 527 1839 559 fuisset
1858 552 1866 566 ,
1899 528 1956 561 etsi

1086 575 1151 596 non
1169 564 1245 595 esset
1263 565 1408 612 solutum.
1434 578 1473 598 eo
1492 568 1521 599 in
1540 579 1673 601 nurnero
1694 569 1802 601 Paulus
1821 570 1839 600 l.
1857 574 1906 608 65.
1923 570 1953 611 ἓ.

1085 617 1114 647 5.
1133 608 1160 636 A.
1184 612 1205 637 t.
1225 615 1316 651 ponit
1333 616 1437 647 partus
1454 610 1482 640 δὲ
1499 609 1635 642 fruetus:
1659 611 1688 641 ἃ
1706 611 1768 642 inl.
1792 621 1837 650 15.
1855 612 1955 650 addit,

1088 648 1176 687 quod
1190 648 1351 678 alluvione
1369 651 1508 682 acceffit:
1525 650 1566 681 sic
1584 652 1699 683 ibidem
1718 652 1881 692 praefatus:
1907 652 1959 683 Ιη-

1088 689 1174 719 debitz'
1197 688 1289 728 fiilutz'
1317 689 1454 720 condistio
1479 694 1624 723 naturalis
1649 692 1697 733 est.
1722 693 1758 727 ἐπ’)
1782 696 1841 724 ideo
1872 694 1959 724 etiam

1089 731 1162 771 quod
1185 731 1226 760 rei
1242 729 1343 768 solictoe
1369 731 1498 772 acceffic,
1521 734 1601 763 venit
1621 735 1652 764 in
1671 734 1882 765 σοηαέσῖίοηεηι.
1909 735 1959 766 An

1091 771 1187 802 usurae
1210 771 1366 810 quoque?
1388 782 1427 803 ne
1444 781 1537 813 puta:
1561 774 1580 804 l.
1603 783 1626 804 ι.
1650 775 1682 805 C.
1700 776 1728 806 h.
1748 782 1769 806 ι.
1794 777 1866 816 quia
1890 776 1960 806 sunt

1091 813 1200 844 civiles
1215 813 1427 852 accessiones,
1452 823 1557 844 natura
1573 815 1759 855 incognitae:
1776 825 1810 848 ut
1828 818 1960 848 demon-

1085 853 1176 885 stravi
1190 854 1283 893 piene
1299 854 1345 884 lib.
1365 863 1389 886 1.
1416 856 1551 894 Defaen.
1571 855 1606 889 δ’
1623 862 1702 891 usur.

1128 895 1177 926 Ab
1194 896 1309 926 eodeni
1334 904 1588 935 temperamento
1610 898 1778 937 procedit;
1807 907 1847 929 ne
1863 896 1887 929 is
1906 898 1962 938 qui

1087 937 1265 968 indebitum
1289 938 1435 975 accepit,
1460 947 1499 967 eo
1532 941 1662 968 nomine
1690 947 1834 970 teneatur
1864 940 1962 978 ultra,

1087 986 1179 1018 quam
1196 976 1231 1008 fit
1247 977 1441 1017 locupletior
1452 978 1565 1010 satius.
1591 978 1664 1011 Huc
1683 980 1770 1011 ducit
1786 978 1853 1011 finis
1865 980 1962 1011 atrio-

1088 1020 1153 1056 nis,
1177 1018 1240 1048 hoc
1266 1028 1360 1050 unum
1388 1020 1604 1059 providentis,
1628 1030 1666 1051 ne
1691 1021 1758 1060 quis
1785 1030 1858 1052 cum
1886 1022 1961 1052 alte-

1088 1061 1150 1091 rius
1178 1060 1373 1090 dctriniento
1399 1060 1452 1091 fiat
1469 1060 1672 1100 locupletior.
1704 1063 1749 1093 lta
1765 1061 1827 1095 est:
1848 1063 1957 1093 condi-

1088 1101 1151 1132 ctio
1171 1101 1323 1139 indebiti,
1350 1109 1420 1132 nata
1439 1112 1477 1133 ex
1496 1102 1584 1133 bono
1604 1103 1632 1133 ἕ(
1656 1113 1770 1144 aequo,
1795 1113 1859 1134 non
1878 1105 1962 1135 dam-

1089 1150 1142 1173 nat
1160 1152 1247 1173 reum
1266 1143 1295 1172 in
1314 1142 1444 1174 solidum
1463 1143 1528 1182 ejus
1552 1146 1636 1182 quod
1653 1147 1797 1185 accepit,
1823 1144 1872 1175 sed
1889 1154 1962 1185 qua·

1090 1192 1181 1214 tenus
1206 1183 1320 1215 habet:
1346 1185 1443 1214 modo
1467 1184 1487 1215 fi
1513 1185 1590 1215 dolo
1606 1194 1720 1217 careat.
1745 1186 1884 1225 alioquin
1910 1185 1961 1217 vel

1090 1226 1128 1256 de
1145 1234 1185 1255 eo
1203 1225 1302 1256 teneri
1315 1249 1323 1263 ,
1341 1226 1428 1265 quod
1448 1226 1645 1264 nonhabet,
1665 1237 1728 1258 non
1746 1227 1790 1258 est
1806 1228 1958 1267 iniquum.

1090 1266 1203 1297 Paulus
1221 1266 1247 1311 f·
1268 1270 1318 1310 ⁶5:
1337 1265 1364 1307 §.
1385 1272 1411 1301 8.
1437 1268 1463 1297 h.
1489 1274 1510 1298 t.
1542 1277 1606 1298 rem
1631 1269 1780 1309 exemplo
1820 1267 1961 1301 illustrat.

1091 1315 1282 1348 proponitur
1300 1308 1404 1338 servus
1422 1307 1476 1338 tibi
1496 1309 1637 1339 indebite
1657 1309 1792 1348 solutus,
1816 1319 1831 1340 a
1851 1317 1881 1339 te
1898 1308 1960 1340 effe

1093 1347 1302 1380 manumissus.
1347 1348 1459 1379 Paulus
1484 1359 1546 1379 non
1566 1350 1690 1381 dubitat
1708 1350 1768 1381 effe
1788 1350 1964 1381 condidio-

1092 1399 1185 1427 nem,
1211 1389 1262 1420 sed
1286 1398 1438 1429 quatenus
1457 1390 1508 1426 fit,
1534 1389 1564 1421 id
1585 1392 1703 1430 quaerit.
1727 1391 1767 1422 fic
1793 1401 1870 1422 vero
1890 1390 1962 1421 scri-

1093 1431 1155 1462 bit:
1178 1430 1199 1462 si
1223 1430 1322 1462 sciens
1345 1430 1562 1470 manumisisti3
1586 1432 1745 1464 teneberis
1769 1433 1807 1463 ad
1825 1431 1963 1472 pretium

1092 1473 1176 1512 ejus,
1200 1481 1333 1511 propter
1350 1473 1476 1503 dolum:
1502 1473 1521 1503 fi
1541 1473 1698 1512 nesciens3
1722 1483 1786 1504 non
1803 1473 1963 1504 teneberis

1093 1515 1132 1544 ad
1157 1514 1309 1553 pretium,
1335 1514 1421 1553 quod
1439 1513 1556 1544 nullum
1575 1516 1611 1545 ad
1628 1523 1659 1545 te
1677 1516 1780 1553 venit:
1803 1513 1854 1546 sed
1872 1516 1961 1544 dum-

1093 1563 1178 1585 taxat
1195 1563 1327 1594 propter
1345 1563 1458 1593 operas
1472 1577 1481 1592 ,
1504 1554 1525 1585 si
1545 1563 1620 1593 quas
1638 1555 1777 1596 promisit
1796 1556 1852 1586 tibi
1868 1555 1962 1585 liber-

1093 1604 1161 1634 tus,
1187 1598 1216 1626 <St
1246 1604 1279 1625 ut
1304 1596 1514 1626 hereditatem
1547 1596 1612 1635 ejus
1642 1595 1793 1627 restituas.
1851 1595 1962 1627 Simile

1091 1637 1274 1676 exemplum
1295 1636 1339 1667 est
1356 1637 1384 1667 iii
1401 1636 1430 1678 ὃ.
1449 1644 1476 1676 7.
1495 1638 1521 1667 d.
1543 1637 1561 1667 l.
1577 1641 1627 1676 65.
1653 1636 1722 1677 Ego
1743 1645 1855 1676 putans
1872 1659 1881 1674 ,
1911 1645 1962 1669 me

1092 1679 1146 1709 tibi
1174 1679 1291 1709 debere
1316 1677 1567 1716 habitationem,
1592 1679 1647 1709 tibi
1674 1677 1797 1718 permisi
1823 1678 1962 1709 habitare

1091 1720 1121 1750 in
1146 1719 1243 1750 domo
1267 1728 1343 1750 mea.
1368 1719 1531 1751 intellecto
1559 1720 1629 1760 post
1655 1729 1782 1757 errore,
1816 1719 1859 1751 est
1885 1715 1970 1751 milis

1087 1761 1135 1801 jus
1170 1759 1627 1800 condicere-habitationem,
1658 1770 1721 1792 non
1752 1760 1861 1798 ipsam:
1891 1759 1962 1801 (fa-

1091 1803 1174 1833 tium
1206 1802 1289 1832 enim
1312 1801 1466 1833 infestum
1493 1801 1559 1833 fieri
1584 1812 1648 1833 non
1673 1802 1805 1842 potest)
1828 1802 1878 1833 sed
1898 1803 1962 1842 ejus

1093 1842 1346 1875 aestimationem.
1379 1843 1500 1883 quam?
1530 1845 1573 1874 ait
1600 1843 1735 1881 Paulus,
1767 1853 1829 1874 non
1857 1842 1964 1883 quanti

1094 1885 1201 1916 locare
1224 1886 1334 1924 potui,
1367 1883 1419 1915 sed
1443 1889 1551 1924 quanti
1578 1892 1610 1915 tu
1636 1885 1847 1916 conducturus
1870 1883 1964 1919 fuisti,

1094 1926 1173 1958 Sunt
1191 1925 1220 1957 ὃ(
1242 1926 1299 1956 alia
1319 1926 1464 1966 exempla
1484 1926 1500 1957 l.
1524 1930 1569 1957 26.
1592 1926 1620 1967 ὃ.
1643 1935 1687 1957 12.
1707 1928 1733 1957 d.
1752 1933 1771 1956 t.
1795 1925 1846 1957 sed
1864 1935 1903 1957 ex
1920 1924 1964 1957 su·

1094 1967 1270 2009 perioribus
1288 1966 1384 1998 facile
1401 1975 1564 1998 inventura
1586 1967 1894 2007 interpretationem.

1134 2008 1296 2048 Exposui,
1326 2009 1454 2049 quando
1477 2007 1512 2039 fit
1537 2008 1668 2039 indebiti
1695 2008 1891 2039 condictioni
1917 2007 1965 2038 lo·

1095 2059 1161 2081 cus.
1183 2049 1338 2090 reliquum
1369 2048 1431 2087 est,
1462 2050 1588 2090 quando
1611 2049 1715 2081 ceffet.
1739 2049 1775 2080 fit
1802 2050 1833 2080 id
1857 2049 1965 2080 multis

1094 2091 1210 2123 modis.
1235 2092 1364 2122 &inter
1386 2090 1483 2128 alios,
1507 2090 1527 2121 si
1552 2090 1626 2130 quid
1650 2090 1686 2121 fit
1711 2090 1846 2122 solutum
1871 2099 1906 2120 ea
1925 2098 1966 2121 ex

1096 2132 1183 2164 causa
1203 2142 1242 2163 ex
1259 2141 1318 2172 qua
1337 2133 1372 2164 lis
1393 2131 1565 2163 inficiando
1582 2132 1693 2162 crescit
1711 2132 1741 2163 in
1760 2132 1900 2171 duplum.
1924 2130 1964 2162 fic

1096 2175 1232 2206 Veteres
1256 2172 1427 2209 definiisse,
1451 2173 1537 2205 testis
1558 2173 1603 2203 est
1632 2173 1706 2212 Imp.
1723 2172 1910 2212 justinianus
1932 2172 1962 2213 §-

1095 2217 1147 2247 ult.
1170 2213 1243 2255 lnst.
1269 2214 1315 2244 De
1338 2215 1419 2255 oblig.
1436 2224 1497 2255 qum
1513 2214 1595 2256 quasi
1611 2224 1647 2245 ex
1661 2213 1799 2245 εοηῐναὲἶ.
1817 2215 1894 2253 nale.
1919 2214 1963 2245 id·

1095 2266 1158 2295 que
1182 2256 1340 2287 certiffiini
1357 2256 1432 2295 juris
1456 2255 1517 2286 esse
1544 2257 1692 2287 traditum
1716 2264 1731 2286 a
1759 2255 1966 2286 Diocletiano

1095 2299 1125 2330 ὅ(
1144 2297 1342 2328 Maximiano
1364 2297 1383 2327 l.
1399 2307 1427 2335 4.
1448 2297 1480 2327 C.
1499 2298 1525 2327 h.
1545 2303 1564 2327 t.
1590 2306 1650 2336 qua
1674 2296 1823 2327 ratione?
1847 2297 1913 2326 aliis
1935 2304 1965 2326 a·

1095 2340 1135 2371 lia
1159 2338 1279 2370 incidit.
1303 2337 1378 2369 milii
1403 2339 1529 2377 placet,
1555 2340 1641 2378 quod
1665 2338 1703 2368 ab
1728 2337 1871 2369 Arnoldo
1889 2336 1966 2369 Vin-

1095 2380 1167 2418 iii0‚
1190 2381 1219 2411 ὅ(
1237 2380 1315 2418 jano
1331 2389 1348 2410 a
1369 2378 1464 2410 Costa
1486 2382 1525 2410 ad
1548 2381 1573 2410 d.
1591 2378 1619 2420 §.
1639 2379 1692 2409 ult.
1711 2377 1772 2409 fuit
1789 2379 1965 2416 creditum,

1096 2421 1207 2462 fimplo
1232 2420 1336 2452 soluto
1360 2422 1399 2451 de
1427 2422 1524 2460 duplo
1548 2419 1680 2460 transigi.
1704 2420 1734 2450 in
1753 2419 1966 2450 transactione

1096 2472 1201 2494 autem
1219 2472 1284 2493 non
1303 2461 1346 2493 est
1363 2462 1495 2492 indebiti
1514 2460 1708 2492 condietioni
1727 2463 1818 2491 iocus
1836 2460 1853 2490 l.
1864 2464 1913 2500 65.
1926 2459 1965 2490 D.

1096 2505 1122 2535 h.
1139 2511 1159 2536 t.
1185 2504 1302 2535 Praeter
1319 2503 1401 2534 hanc
1419 2505 1645 2543 exceptionem
1663 2500 1706 2532 est
1723 2501 1751 2532 ἃ
1772 2502 1829 2532 alia
1847 2502 1876 2531 iii
1896 2510 1964 2540 poe-

1097 2546 1153 2578 nis.
1172 2545 1290 2576 Auctor
1308 2543 1461 2584 Ulpianus
1478 2545 1554 2581 l.42.
1573 2544 1600 2572 d.
1622 2549 1642 2572 t.
1666 2542 1961 2582 Poenae,inquiens,

1095 2597 1159 2619 non
1179 2587 1281 2618 solent
1303 2586 1424 2625 repeti,
1448 2593 1519 2615 cum
1547 2582 1691 2623 depensae
1713 2583 1792 2615 sunt.
1815 2583 1845 2615 ὅ(
1862 2582 1906 2614 est
1923 2591 1967 2613 ra-

1096 2628 1142 2660 tio
1167 2628 1235 2659 haec
1257 2628 1338 2668 apud
1358 2626 1570 2664 Pomponium
1594 2624 1615 2655 l.
1635 2633 1678 2660 19.
1703 2626 1730 2655 d.
1750 2632 1769 2656 t.
1804 2623 1834 2655 Si
1858 2633 1961 2664 poenae

1093 2669 1183 2701 causa
1208 2669 1293 2708 ejus,
1318 2668 1367 2698 cui
1394 2667 1546 2704 debetur,
1571 2666 1700 2697 debitor
1726 2666 1875 2698 liberatus
1901 2664 1964 2704 est,

1093 2710 1242 2743 naturalis
1268 2709 1423 2749 obligatio
1454 2715 1578 2738 manet:
1604 2707 1632 2738 δι
1656 2708 1729 2738 ideo
1760 2707 1894 2738 solutum
1916 2715 1964 2736 re·

1093 2751 1159 2793 peti
1182 2760 1246 2783 non
1270 2748 1385 2790 potest.
1409 2748 1523 2780 Tertia
1546 2750 1698 2788 exceptio
1723 2749 1791 2779 haec
1818 2747 1862 2779 est
1884 2745 1964 2791 apud

1092 2793 1306 2834 Pomponium
1322 2791 1402 2831 l.51.
1420 2791 1445 2821 b.
1458 2796 1477 2822 t.
1502 2788 1549 2821 Ex
1569 2791 1681 2829 quibus
1700 2789 1795 2821 causis
1816 2795 1966 2820 retentio·

1093 2844 1166 2867 nem
1197 2834 1325 2874 quidem
1356 2832 1527 2870 habemus,
1552 2830 1742 2872 petitionem
1769 2838 1875 2862 autem
1899 2837 1965 2860 non

1093 2876 1265 2912 habemus,
1289 2884 1324 2905 ea
1343 2872 1364 2905 fi
1381 2872 1587 2912 solverimus,
1611 2881 1758 2914 repetere
1775 2880 1840 2905 non
1861 2868 1964 2912 possu-

1092 2927 1173 2952 mus.
1197 2915 1381 2957 exemplum
1403 2914 1425 2948 l.
1442 2924 1492 2957 33.
1511 2915 1539 2948 a.
1557 2921 1581 2947 t.

1800 3235 1969 3273 Tiau-
