2052 3487
199 182 248 222 54

203 263 304 297 moria
320 259 464 304 principii
482 255 621 298 ejusdem
638 253 703 287 loci
715 277 726 293 ‚
748 251 1002 298 tum-verborum
1021 259 1058 296 ahc

203 314 309 338 rerum
334 300 531 335 similitudine
547 322 556 336 ‚
588 296 706 336 lapsum
730 292 880 338 incitiiss'e.
902 293 1059 338 'Accedit

202 348 242 377 ad
261 346 328 376 haec
342 342 427 382 quod
453 339 588 371 Veteres
605 338 633 368 in
653 337 713 367 hac
733 335 836 374 specie
850 333 981 364 astionis
996 342 1058 363 me-

201 387 361 418 minerunt
378 389 537 420 nusquam.
562 379 627 409 imo
646 376 760 408 actioni
775 398 784 414 ‚
819 375 1058 420 qualiscumque

203 426 240 460 fit
257 450 265 463 ‚
291 426 395 457 locum
422 429 555 461 negant:
586 425 705 449 tantum
731 424 975 461 retentionem?
1008 415 1058 445 vel

203 467 313 498 officio
335 463 446 503 judicis
467 484 476 499 ,
510 461 560 491 vel
585 468 640 499 per
663 465 890 497 exceptionem
909 456 973 486 doli
997 464 1060 486 ma-

203 509 223 540 ii
243 530 252 546 ,
289 504 471 537 concedunt
492 501 509 532 l.
531 510 581 542 33.
606 499 646 530 D.
669 500 701 529 cie
725 497 898 528 conait‘tt‘one
922 498 1059 535 indebiti,

204 550 224 579 l.
245 558 290 587 14.
316 545 356 577 D.
377 546 408 574 oe
425 543 479 573 doli
500 544 568 572 mati
593 540 628 575 &⁹
650 545 740 570 mettis
765 540 942 578 exceptione,
972 537 992 568 l.
1013 547 1059 576 14.

203 589 234 631 §.
256 599 277 619 i.
304 586 342 617 D.
368 585 516 615 Communi
540 583 698 613 dividundo
718 604 726 617 ,
755 579 774 611 l.
799 589 846 619 27.
878 578 907 620 §.
929 589 957 619 5.
982 577 1018 611 δέ’
1041 578 1058 608 l.

205 635 255 668 48.
282 628 322 659 D.
346 628 377 658 de
402 627 442 656 rei
464 624 684 660 vindicatione,
714 621 731 651 t.
747 625 795 662 38.
823 620 859 654 &²
883 629 922 660 39
966 619 1001 650 D.
1030 620 1063 649 de

205 670 369 702 hereditatis
388 666 523 707 petitione
541 688 549 702 ‚
581 665 599 694 l.
617 674 667 702 45.
690 662 718 703 §.
740 671 764 694 i.
791 660 829 692 D.
857 662 889 691 de
905 660 1062 690 ustionibus

207 711 292 751 enzptt'
317 709 352 743 ἐξ
375 708 512 745 venditi,
544 705 572 747 §.
590 714 638 745 30.
665 700 736 743 Inst.
754 704 786 732 de
804 712 896 732 rerum
913 700 1060 739 divsfione.

205 752 283 785 Hoc
301 758 406 782 autem
431 757 502 779 cum
529 756 592 777 non
621 745 723 776 minus
746 743 879 774 statuant
903 744 933 773 in
960 741 1065 781 pei-so-

207 804 247 826 na
262 790 437 834 possefforis
462 791 554 819 boiiae
577 785 671 824 fidei,
703 794 796 826 quam
821 785 886 824 ejus
912 784 964 824 qui
984 783 1063 829 mala

207 835 272 867 fide
294 833 448 873 poffidet3
471 830 570 866 cedo,
595 827 710 867 ecquid
728 826 825 857 causae
843 824 898 863 fit,
920 834 976 856 cur
991 825 1063 855 huic

206 876 393 917 permittant
425 869 582 901 actionem
603 892 612 906 ‚
650 876 743 908 quam
778 877 841 898 non
875 866 1065 906 permittunt

204 917 251 949 illi
275 922 369 955 quem
398 912 537 947 alioquin
556 909 635 950 justa
668 908 747 940 fides
773 906 911 939 tuetur?
944 906 1064 937 Verum

205 958 277 990 haec
295 956 370 986 olim
392 952 495 984 decisa
514 952 549 982 lis
569 951 648 981 fuit:
679 959 719 981 ne
739 952 808 988 quis
828 948 923 980 hodie
940 955 1064 979 contra-

204 999 284 1031 riam
305 995 505 1036 negotiorum
529 991 687 1031 gestorum
706 991 860 1022 actionem
873 1013 883 1027 ‚
907 997 959 1020 aut
980 989 1065 1020 inde-

206 1039 267 1071 biti
292 1030 557 1071 condictionem]
587 1032 723 1064 formula
751 1031 805 1063 ista
823 1054 832 1070 ,
866 1031 901 1062 In
926 1032 1001 1071 quod
1019 1040 1067 1072 ego

210 1079 371 1119 locupletior
394 1075 491 1111 fastus
506 1078 575 1114 jum
592 1097 601 1113 ‚
636 1073 688 1104 hic
718 1073 873 1113 indigitari
902 1074 1067 1109 crederet3

205 1121 285 1153 licet
305 1128 342 1150 ea
369 1117 508 1157 alioquin
535 1124 699 1154 utramque
724 1114 867 1146 denotari
889 1121 996 1143 verum
1021 1111 1068 1143 fit.

210 1159 359 1202 Superest
382 1158 475 1200 igitur
492 1180 501 1196 ‚
532 1164 566 1188 ut
589 1157 698 1187 eadem
725 1155 861 1186 formula
882 1163 940 1193 pro
963 1163 1066 1184 reten-

209 1203 308 1235 tionis
324 1200 566 1240 exceptionisve
589 1206 665 1228 nota
684 1196 791 1227 haberi
816 1196 948 1227 debeat:
973 1203 1066 1240 quatri

211 1244 440 1283 exceptionem
465 1239 606 1279 praedoni
632 1239 670 1269 ad
696 1238 775 1268 lianc
805 1237 919 1267 faciem
949 1236 1012 1267 dari
1036 1245 1066 1266 in

211 1295 248 1318 re
264 1284 373 1321 simili,
397 1281 509 1313 Paulus
527 1279 679 1320 fignificat
702 1279 718 1308 l.
738 1283 787 1319 (38.
813 1278 852 1308 D.
873 1279 905 1308 de
931 1278 1068 1308 beredita-

214 1329 252 1358 tis
266 1325 412 1366 petitione.
455 1321 561 1352 Vei-ba
581 1330 658 1351 vero
675 1321 702 1350 d.
722 1319 738 1349 l,
752 1323 779 1350 6v
807 1319 835 1361 §.
853 1329 880 1359 3.
907 1318 948 1350 D.
971 1320 1004 1349 de
1021 1327 1068 1349 ne·

210 1368 300 1411 gotiis
311 1362 395 1408 gestis
415 1373 476 1405 ego
500 1362 540 1393 sic
557 1361 751 1393 emendanda
770 1358 894 1391 censeo.

254 1408 310 1439 Sed
332 1406 368 1440 ἐξ
379 1404 405 1443 fi
419 1407 482 1446 qttis
501 1405 614 1444 negotia
639 1411 700 1432 mea
713 1400 795 1443 geffit
812 1423 821 1438 ,
853 1409 910 1431 non
927 1400 981 1430 mei
1003 1409 1068 1430 con-

274 1448 470 1487 templatione,
486 1446 538 1484 sed
548 1446 600 1483 sui
615 1444 688 1474 lucri
703 1447 807 1479 causa:
831 1441 924 1472 Labeo
938 1439 1068 1481 scripsit,

267 1489 360 1530 suurn
378 1497 441 1518 eum
454 1487 549 1526 potius
565 1508 575 1524 ‚
603 1493 688 1525 quam
705 1493 795 1514 meum
817 1484 961 1523 negotium
974 1480 1069 1521 geffis-

266 1531 309 1572 se.
336 1530 386 1571 qui
401 1530 475 1557 enim
497 1525 675 1565 depredandi
699 1527 785 1564 caiisa
802 1524 908 1554 accedit
922 1546 931 1560 ‚
962 1529 1009 1557 luo
1026 1523 1069 1553 lit*

277 1581 322 1602 cro
340 1593 350 1609 ‚
379 1578 436 1600 non
467 1577 523 1597 meo
546 1567 683 1596 commodo
696 1563 805 1605 studet.
849 1564 903 1594 Sed
927 1564 1066 1594 nibilomi-

222 1620 225 1623 ·
275 1621 332 1643 nus
348 1634 357 1648 ,
386 1611 440 1640 imo
462 1609 554 1649 magis
577 1606 613 1641 ὅ)
628 1608 652 1637 is
671 1608 810 1636 tenebitur
825 1606 1002 1645 negotiorum
1021 1613 1070 1644 ge-

268 1652 383 1694 storum
404 1649 521 1680 notione.
566 1648 626 1689 Ipse
643 1655 737 1678 tamen
754 1670 763 1685 ‚
789 1645 818 1684 fi
843 1647 920 1676 circa
935 1655 978 1676 res
995 1655 1070 1676 meas

276 1693 385 1734 aliquid
401 1690 569 1731 impenderit
586 1712 596 1728 ‚
627 1698 685 1719 non
710 1688 741 1718 in
762 1688 793 1718 id
810 1711 818 1726 ‚
848 1689 921 1728 quod
936 1689 961 1716 et
978 1685 1070 1726 obest,

276 1736 347 1777 quia
367 1733 488 1774 improbe
509 1731 546 1762 ad
575 1731 689 1771 negotia
718 1737 779 1761 mea
807 1725 914 1768 acctffit
928 1750 939 1766 ,
974 1727 1071 1759 actio·

799 165 1102 200 GERAiint
1149 160 1378 196 NoonT

1161 257 1233 280 nem
1250 273 1259 288 ,
1282 250 1337 289 sed
1358 249 1390 280 in
1407 248 1484 290 quod
1507 257 1555 291 ego
1581 249 1744 291 locupietior
1752 247 1857 290 fabius
1865 249 1956 292 sum,

1161 291 1242 321 babet
1263 298 1363 322 contra
1378 301 1420 321 mo
1437 292 1675 331 exceptionem.

1101 334 1327 371 exceptionem
1346 355 1355 370 ‚
1388 335 1512 371 inquam
1531 356 1540 371 ,
1574 335 1622 364 vel
1643 333 1874 370 retentionem,
1905 333 1958 365 vel

1102 372 1337 412 pciil'zitiouern:
1371 380 1414 403 uti
1440 373 1469 403 in
1495 373 1513 402 l.
1536 379 1577 408 18.
1605 374 1632 415 §.
1651 375 1703 405 ult.
1728 373 1768 405 D.
1796 374 1959 405 Commoda·

1102 415 1126 444 ti
1143 414 1189 444 vet
1206 423 1305 445 contra
1322 437 1331 452 ‚
1361 414 1378 444 l.
1398 419 1414 447 8
1454 413 1492 444 D.
1512 415 1544 445 tle
1558 415 1747 455 pioneratz'tia
1764 415 1890 452 obizone,
1921 414 1958 449 δέ)

1103 455 1122 485 l.
1141 464 1190 495 33.
1222 454 1263 486 D.
1292 457 1325 486 de
1350 454 1522 485 condictione
1547 452 1672 487 indebiti.
1718 455 1873 495 judicium
1895 456 1960 487 hoc

1103 505 1208 527 meum
1226 496 1288 527 est:
1312 498 1397 536 quod
1425 505 1496 526 cum
1523 507 1621 537 nuper
1645 496 1838 536 Ainplissimo
1860 496 1960 535 Viro,

1104 537 1226 578 Magno
1252 535 1521 576 Wedileikoppio
1540 562 1549 576 ,
1587 538 1774 569 Sereniffimi
1811 538 1961 569 Hollato-

1104 588 1171 610 ruiii
1189 578 1218 609 ὅ(
1236 577 1493 610 Sleesvicensium
1513 578 1611 610 Ducis
1631 578 1753 619 Legato
1774 602 1783 616 ‚
1814 577 1962 609 ostende-

1104 628 1169 650 rem
1196 620 1281 650 domi
1301 620 1439 650 meae'ad
1460 629 1550 659 quarn
1577 621 1693 651 visendi
1714 621 1771 651 mei
1793 621 1890 660 gratia
1913 628 1963 650 ac-

1106 659 1253 698 cesserat,
1278 669 1310 691 ut
1328 660 1408 701 saepe
1428 660 1525 693 solet:
1549 662 1663 692 deinie
1683 670 1725 698 is,
1750 663 1835 692 domi
1856 660 1963 691 secum

1106 701 1280 742 exploratis
1303 702 1355 732 diu
1377 711 1412 731 ac
1439 702 1606 743 diligenter
1622 703 1766 743 fingulm,
1800 703 1963 741 perplace-

1104 752 1138 774 re
1165 742 1218 774 sibi
1246 742 1374 773 testatus
1401 742 1463 780 est3
1491 746 1520 774 <St
1541 744 1660 774 addidit
1677 768 1685 781 ‚
1710 744 1781 784 quia
1800 742 1912 780 juliani
1933 743 1962 774 d.

1105 784 1125 814 l.
1147 787 1176 814 6.
1209 782 1311 822 esset,
1343 784 1430 823 cujus
1455 786 1481 814 ὕ(
1504 785 1530 815 d.
1558 785 1639 824 l.f33.
1670 785 1709 816 D.
1736 786 1768 815 de
1791 784 1965 814 contuitione

1106 826 1243 863 indebiti,
1265 825 1302 858 ὅ)
1320 826 1347 855 d.
1371 825 1390 854 l.
1409 835 1456 864 27.
1481 825 1508 867 §.
1526 836 1553 865 5.
1581 825 1620 857 D.
1637 828 1668 856 de
1687 828 1728 855 rei
1747 826 1965 863 vindicatione,

1109 866 1183 897 ideo
1211 866 1314 898 minus
1340 865 1504 897 verisimile
1531 866 1611 904 esse,
1636 866 1783 898 e'tinidem
1801 866 1965 897 auctorem

1109 915 1170 938 tam
1191 916 1300 948 aperte
1317 916 1380 938 non
1405 915 1525 938 tantum
1544 917 1614 939 cum
1635 909 1774 944 ratione,
1796 915 1891 946 atque
1909 905 1965 937 usu

1106 948 1203 988 juris,
1226 949 1276 978 led
1301 948 1403 979 secum
1427 958 1572 988 quoque,
1606 951 1775 990 pugnantia
1794 948 1967 979 abl'urdiffi-

1110 999 1161 1020 me
1182 988 1352 1029 protuliffe.
1399 988 1512 1020 Fateor
1532 1014 1541 1027 ,
1573 990 1601 1020 ὅ(
1622 1000 1671 1020 mc
1689 992 1748 1029 jam
1775 999 1848 1020 ante
1872 990 1900 1020 id
1919 999 1966 1019 ar-

1109 1039 1294 1071 gumentum
1319 1030 1476 1068 teiiebat3
1511 1030 1561 1062 sed
1588 1032 1720 1061 verebar
1737 1054 1745 1069 ‚
1778 1031 1968 1070 conjecturae

1112 1081 1190 1103 meae
1219 1071 1422 1102 adieribere:
1454 1071 1523 1110 quia
1549 1072 1836 1103 animati=.ertebain
1857 1095 1864 1108 ,
1898 1080 1969 1102 eain

1112 1113 1214 1153 legem
1246 1113 1275 1143 in
1308 1111 1478 1144 Haloandti
1504 1113 1533 1143 ἃ
1557 1113 1743 1152 quibusdam
1769 1114 1833 1143 aliis
1862 1122 1971 1143 exem-

1111 1154 1247 1194 plaribus
1271 1163 1336 1184 non
1352 1152 1474 1192 Juliano
1494 1176 1503 1191 ,
1534 1152 1585 1184 sed
1606 1152 1764 1193 Ulpiana,
1790 1155 1910 1190 tribui,
1941 1153 1972 1185 &

1110 1204 1199 1236 parte
1218 1195 1318 1234 quinti
1332 1194 1444 1235 capitis
1460 1194 1588 1225 censeri.
1606 1197 1716 1225 adtiaec
1732 1194 1968 1233 existimabam,

1112 1236 1210 1267 verba
1233 1246 1268 1266 ea
1290 1236 1373 1275 (non
1396 1237 1427 1265 in
1448 1236 1497 1272 td,
1541 1237 1595 1266 uod
1617 1238 1641 1266 ei
1661 1235 1733 1276 abeli
1747 1260 1755 1274 ‚
1777 1237 1846 1276 qnia
1870 1238 1971 1266 imore·

1111 1279 1142 1308 be
1166 1278 1202 1308 ad
1227 1278 1340 1318 negotia
1362 1286 1422 1307 mea
1441 1245 1549 1317 acceffit
1567 1299 1576 1315 ,
1610 1276 1747 1307 afflinem
1772 1278 1878 1316 babet)
1900 1286 1970 1308 non

1112 1319 1245 1350 omnino
1270 1317 1441 1348 abhorrere
1461 1318 1499 1348 ab
1519 1316 1675 1358 Ulpiano:
1699 1320 1750 1358 qui
1771 1318 1800 1348 in
1824 1318 1842 1349 l.
1869 1327 1903 1349 12
1940 1316 1969 1358 §.

1117 1368 1139 1390 1.
1168 1358 1208 1390 D.
1231 1359 1367 1399 defttrtis
1384 1357 1522 1390 similiter
1544 1359 1654 1397 inquit.
1702 1359 1794 1390 Nemo
1813 1362 1845 1389 ae
1869 1361 1973 1398 impro-

1113 1402 1199 1431 bitate
1219 1400 1273 1438 suo
1297 1401 1476 1440 consequitur
1500 1399 1650 1431 attionem:
1684 1399 1720 1434 ἐξ
1738 1402 1796 1431 ideo
1813 1399 1870 1440 soli
1896 1402 1972 1430 bonae

1107 1441 1178 1481 fidei
1196 1440 1357 1482 polleffori‚
1382 1450 1437 1471 non
1454 1442 1539 1472 etiam
1554 1441 1634 1471 malae
1647 1440 1718 1479 fidei
1734 1442 1810 1478 furti
1831 1440 1903 1471 atiio
1921 1442 1972 1471 da·

1113 1489 1171 1513 tur.
1217 1482 1317 1513 Sentit
1335 1491 1440 1512 tamen
1463 1491 1521 1521 pro
1545 1481 1668 1521 Juliano
1695 1481 1884 1513 Ruffarous:
1918 1481 1972 1522 qui

1114 1523 1355 1563 Inscriptiouem
1374 1526 1400 1553 d.
1427 1523 1443 1553 l.
1462 1526 1491 1554 6.
1519 1525 1559 1554 ita
1578 1524 1729 1561 exhibet3
1754 1532 1789 1554 xi
1830 1523 1974 1561 Julianus

1113 1565 1181 1595 libro
1205 1565 1286 1595 tertio
1318 1561 1498 1604 lligesiorttm
1520 1566 1641 1600 scribit‚·
1675 1565 1703 1595 &
1732 1567 1818 1603 quod
1844 1565 1882 1594 ab
1907 1563 1974 1595 aliis

1113 1607 1155 1636 ita
1177 1604 1338 1645 profertur
1361 1605 1431 1636 finis
1456 1606 1666 1644 praecedentis
1692 1606 1781 1643 loci,
1819 1611 1851 1634 ut
1876 1605 1975 1640 scribit

1112 1646 1255 1687 Julianus
1285 1647 1333 1677 lib.
1359 1656 1425 1677 ιιι.
1459 1656 1497 1676 ex
1526 1645 1620 1678 Notis
1645 1654 1752 1676 natum
1781 1645 1974 1679 arbitratur:

1113 1696 1185 1719 nam
1203 1697 1262 1729 pro
1283 1696 1333 1720 v1.
1357 1686 1453 1718 facile
1468 1686 1558 1720 fuiffe
1577 1694 1611 1720 ut
1633 1686 1820 1719 scriberetur
1838 1693 1881 1719 tit.

923 1848 1163 1884 CAPUT
1220 1847 1264 1883 X.

219 1954 275 1991 Bis
294 1952 372 1987 idem
387 1951 445 1986 dici
461 1951 499 1984 ab
525 1949 657 1995 Ulpiano
671 1949 702 1982 in
729 1946 748 1981 I.
770 1956 800 1981 1.
826 1944 855 1993 ᾗ.
872 1955 904 1990 7.
932 1945 975 1980 D.
993 1946 1027 1980 de
1045 1946 1184 1980 AEdi'litio
1201 1945 1311 1989 edicto,
1342 1946 1414 1980 item
1438 1946 1470 1980 in
1484 1945 1513 1979 J.
1532 1955 1565 1988 5.
1592 1944 1621 1993 ξ.
1640 1956 1668 1980 ι.
1696 1945 1741 1981 D.
1758 1945 1793 1980 de
1810 1946 1885 1992 jure
1906 1944 1981 1980 deli·

268 2001 395 2037 bet-andi
407 2027 415 2043 ‚
443 1997 483 2039 ff?
499 2011 518 2033 a
537 1998 725 2045 Tryphonino
743 1997 773 2028 in
799 1995 819 2029 Ι.
837 2005 870 2038 9.
897 1995 941 2030 D.
957 1995 992 2028 de
1011 1996 1097 2029 rebus
1114 1996 1222 2029 dubiis.

281 2104 339 2135 atis
355 2101 459 2134 otiose
475 2100 631 2141 Ulpianus
651 2099 680 2131 in
700 2098 718 2130 l.
734 2107 760 2130 1.
785 2096 815 2139 §.
831 2107 858 2138 7.
885 2095 926 2127 D.
945 2097 977 2127 de
991 2097 1076 2129 AEdi-

218 2107 267 2179 S
294 2146 353 2176 litio
370 2143 476 2182 edicto,
500 2152 570 2173 cum
591 2140 695 2172 EdiCti
715 2139 812 2171 verba
829 2161 839 2177 ,
869 2140 958 2169 morbi
973 2142 1077 2170 vitiive

220 2186 446 2226 interpretatur
462 2207 470 2221 ‚
494 2184 605 2224 inquit.

260 2228 324 2267 Ego
334 2233 404 2268 pitto
424 2225 536 2255 AEtliles
560 2223 686 2254 tollendoe
708 2222 897 2253 dubitationis
915 2223 1014 2262 gratia
1037 2222 1078 2252 bis

281 2272 315 2307 ,φ
337 2268 361 2299 ξ
379 2268 467 2303 att-13,
498 2268 527 2296 icl
547 2262 585 2305 est
602 2287 610 2302 ,
642 2265 674 2294 de
695 2265 787 2294 eodem
804 2265 875 2294 idem
895 2262 1016 2303 dixzffe,
1045 2272 1080 2293 ne

282 2319 340 2351 qua
362 2308 501 2339 dubitatio
511 2304 673 2347 supereffet.

222 2350 283 2383 Cui
309 2350 399 2381 bono
431 2349 516 2379 enim
548 2346 697 2386 repetitio
725 2344 778 2376 ista
814 2345 952 2383 ejusdem
979 2346 1021 2376 rei
1049 2345 1079 2375 in

223 2391 331 2423 verbis
349 2414 358 2429 ‚
389 2389 515 2420 tollendae
541 2387 727 2419 dubitationis
747 2388 866 2428 gratia,
898 2387 944 2424 ἂ,
967 2395 1001 2416 ne
1024 2395 1082 2427 qua

222 2433 362 2464 dubitatio
376 2429 549 2471 supereffet‘?
574 2437 647 2460 num
666 2435 757 2458 ornat
777 2450 786 2465 ‚
818 2436 851 2458 ut
876 2427 1014 2467 alioquin
1035 2426 1081 2457 so-

224 2474 287 2512 let,
312 2473 490 2504 orationem
507 2471 523 2501 ¹?
547 2479 621 2501 num
643 2469 887 2500 modulatiorem
913 2469 1083 2508 aptiorem·

226 2524 289 2555 que
312 2512 441 2545 reddit?
463 2521 537 2543 num
559 2511 710 2542 onerandi
729 2510 775 2540 vel
796 2510 991 2549 exprobandi
1009 2518 1081 2539 cau-

223 2556 256 2587 sa
288 2554 564 2595 exaggerationem
597 2552 731 2591 aliquam
765 2550 933 2590 speciosam
971 2550 1048 2581 facit
1064 2549 1082 2582 ⁸?

226 2595 333 2627 causas
349 2603 455 2626 tamen
475 2602 576 2633 prope
604 2593 656 2623 lias
675 2591 736 2623 effe
761 2592 874 2630 quibus
890 2600 960 2632 apta
983 2591 1019 2623 fit
1036 2601 1083 2621 re-

225 2637 366 2678 petitio,
390 2636 418 2666 &
446 2635 526 2666 ratio
552 2634 674 2671 suadet,
703 2634 732 2663 ἃ
751 2631 925 2664 Favorinus
942 2633 971 2663 in
996 2642 1028 2663 re
1049 2631 1085 2663 fi·

226 2679 293 2712 mili
314 2677 397 2719 apud
413 2675 553 2707 Gellium
578 2674 676 2705 refert
701 2674 748 2704 lib.
770 2682 814 2713 13.
840 2674 980 2705 Nostrum
1002 2674 1083 2704 Atti-

228 2729 328 2751 carum
349 2728 373 2750 c.
394 2728 442 2756 24.
466 2717 527 2747 Sed
545 2715 692 2756 profecto
708 2716 740 2746 id
763 2715 874 2746 vitium
898 2716 929 2746 in
945 2713 1085 2756 Ulpiano

227 2762 322 2795 nimis
340 2757 538 2791 manifestum
556 2756 610 2787 est.

267 2801 377 2834 Simile
395 2802 426 2831 in
450 2799 469 2829 l.
489 2809 516 2838 5.
539 2797 566 2838 ξ.
590 2807 615 2828 ι.
637 2796 678 2828 D.
696 2797 806 2837 dejure
823 2797 1005 2828 deliberandi.

268 2842 304 2875 Si
318 2842 409 2884 major
419 2839 460 2879 fit
476 2840 634 2877 hereditas,
659 2837 695 2872 ἐξ
718 2838 850 2868 deliberat
867 2838 943 2868 heres
958 2861 967 2876 ,
992 2836 1028 2871 δ”
1043 2846 1086 2868 res

284 2885 358 2925 Junt
380 2883 412 2913 in
428 2881 581 2912 hereditate
597 2901 607 2917 ‚
638 2889 699 2920 quae
718 2888 754 2909 ex
777 2876 873 2909 naeu
891 2881 1019 2919 temporis
1041 2879 1086 2908 de-

291 2925 407 2956 teriores
424 2922 520 2959 fiunt,
543 2921 620 2950 adito
642 2922 780 2957 Praetore‚
800 2910 888 2959 poiesi
904 2922 947 2958 is,
977 2920 1029 2961 qui
1044 2921 1088 2950 de-

294 2966 395 2997 liberat
413 2987 423 3002 ,
447 2961 510 3001 fine
524 2961 691 3002 prejudicio
711 2970 757 2992 eas
767 2958 856 3001 justis
869 2964 970 3000 pretiis
987 2962 1090 2991 vende-

291 3016 338 3043 τες
362 3006 414 3048 qui
426 3002 508 3045 poffit
523 3004 609 3033 eiiam
624 3013 674 3042 ea,
697 3012 758 3044 qztae
782 3002 903 3047 nimium
921 3002 1088 3041 sumptuosa

287 3046 351 3086 fint
366 3070 376 3085 ‚
408 3045 502 3077 vetuti
521 3044 655 3085 jumenta
680 3050 730 3075 aut
757 3041 897 3073 venalitio
913 3066 923 3081 ,
952 3046 1019 3073 item
1036 3052 1087 3080 ea,

296 3098 358 3129 quie
371 3097 450 3120 mora
466 3085 603 3118 deteriora
615 3084 714 3126 fiant,
735 3083 875 3119 vendere3
898 3085 1003 3125 quique
1014 3089 1088 3125 prae-

1180 2102 1254 2127 terea
1276 2101 1434 2127 curaturus
1450 2094 1492 2132 sit
1509 2118 1519 2133 ‚
1549 2101 1583 2127 ut
1604 2106 1639 2127 aes
1655 2096 1780 2127 alienum
1797 2119 1805 2134 ‚
1835 2096 1908 2137 qnod
1922 2095 1979 2135 sub

1173 2145 1259 2178 Joena
1276 2137 1321 2168 vel
1336 2139 1389 2177 sub
1407 2137 1537 2177 pretiosis
1555 2139 1725 2178 pignoribus
1747 2139 1900 2176 debeatur,
1923 2137 1980 2176 Joc—

1178 2184 1276 2210 vatur.

1123 2219 1246 2250 vacant
1261 2218 1315 2251 ista
1334 2217 1422 2250 versu
1438 2219 1634 2258 penultimo,
1659 2218 1731 2250 Item
1749 2227 1779 2249 ea
1792 2241 1800 2256 ‚
1825 2228 1886 2259 quae
1902 2226 1981 2248 mora

1122 2262 1260 2292 deteriora
1281 2260 1369 2300 flant.
1419 2259 1485 2299 Jam
1513 2270 1584 2291 ante
1609 2261 1693 2291 enim
1725 2260 1846 2290 dixerat
1874 2258 1981 2298 Ulpia-

1123 2312 1200 2340 nus,
1218 2300 1246 2340 fi
1268 2311 1311 2332 res
1331 2303 1361 2332 in
1379 2301 1532 2332 hereditate
1543 2300 1604 2338 fint
1621 2325 1630 2339 ‚
1654 2311 1715 2342 quae
1741 2310 1776 2330 ex
1793 2299 1888 2330 trot‘tzt
1912 2307 1982 2329 tem-

1119 2345 1198 2384 poris
1218 2344 1363 2373 deteriores
1379 2342 1464 2382 fiunt
1479 2364 1489 2381 ,
1514 2341 1602 2384 justis
1614 2343 1716 2383 pretiis
1740 2343 1826 2372 vendi
1845 2339 1982 2382 permiffu

1124 2385 1261 2418 Praetoris
1296 2394 1309 2413 o
1334 2393 1357 2414 e.

1163 2391 1293 2457 Similisp
1304 2383 1459 2459 ’Ζιυῦλονίαι
1488 2424 1571 2463 apud
1594 2422 1844 2464 Tryphoninum
1871 2422 1902 2453 in
1933 2421 1982 2452 his

1123 2467 1229 2499 verbis
1253 2466 1272 2496 l.
1289 2474 1317 2501 9.
1344 2465 1385 2495 1).
1406 2469 1437 2495 de
1455 2468 1534 2495 rebus
1549 2466 1652 2495 dubiis.

1166 2507 1226 2540 Ozti
1241 2509 1309 2537 aluos
1326 2507 1480 2546 impuberes
1491 2505 1570 2545 filios
1594 2506 1728 2542 habebat,
1753 2505 1796 2544 ei,
1820 2507 1871 2547 qui
1887 2504 1983 2543 supre-

1164 2541 1249 2578 '7'nus
1266 2549 1407 2585 moritur,
1431 2545 1696 2585 ‘fitiumsubstituit
1715 2555 1722 2574 .·
1754 2547 1808 2576 duo
1831 2549 1918 2585 impul
1928 2553 1985 2575 eres

1178 2588 1267 2628 simul
1297 2590 1326 2619 in
1351 2597 1426 2618 nove
1457 2589 1613 2628 perierant.
1667 2585 1825 2629 Qpaesitiim
1851 2586 1912 2624 eli,
1945 2595 1985 2616 an

1177 2628 1354 2670 substituto,
1380 2628 1415 2663 &²
1431 2629 1513 2670 cujus
1530 2629 1668 2658 hereditas
1685 2627 1856 2666 inseratur?
1888 2627 1983 2663 Dixi,

1180 2670 1209 2710 fi
1231 2671 1327 2702 ordine
1350 2672 1413 2700 vita
1435 2668 1618 2708 ‹teceffiffent‚
1647 2669 1738 2707 priori
1760 2676 1868 2698 mortuo
1890 2670 1986 2704 frotfr

1187 2714 1223 2744 ab
1244 2710 1374 2752 intestato
1393 2711 1470 2741 heres
1492 2713 1561 2747 erit,
1581 2707 1930 2750 ptglieriorisubstituiiis;
1954 2710 1985 2738 in

1188 2763 1221 2784 ea
1243 2760 1339 2784 tamen
1362 2752 1514 2782 hereditate
1531 2753 1615 2781 etiam
1633 2757 1698 2780 ante
1714 2750 1845 2789 defuncti
1857 2750 1918 2789 filii
1936 2751 1986 2779 oo·

1187 2795 1259 2825 bebit
1281 2795 1468 2824 hereditatem.
1513 2791 1549 2823 In
1572 2789 1715 2832 propofita
1739 2798 1835 2822 autem
1858 2788 1986 2832 quastio-

1190 2845 1234 2866 ne.
1261 2835 1290 2865 ἃ
1306 2843 1430 2865 caetera.

1128 2875 1300 2917 Supersunt
1318 2876 1381 2907 ista.
1427 2873 1465 2907 In
1483 2883 1516 2904 ea
1533 2879 1627 2904 tomen
1642 2873 1795 2903 hereditate
1818 2873 1903 2903 etiam
1920 2878 1987 2902 ante

1129 2915 1329 2958 defunitifilii
1351 2917 1462 2948 habebit
1478 2915 1669 2946 hereditatem.
1712 2912 1766 2945 Nil
1793 2914 1878 2944 enim
1901 2912 1986 2944 aliud

1130 2958 1314 3000 designant,
1344 2966 1437 2998 quani
1467 2956 1520 2987 illa
1551 2965 1619 2996 quae
1651 2956 1846 2993 praecedunt.
1890 2953 1989 2984 Priori

1129 3007 1237 3082 „lo-rstluo
1258 2999 1359 3038 frater
1389 2999 1425 3030 ab
1453 2994 1584 3037 intestato
1617 2997 1694 3028 heres
1730 3002 1807 3034 erit,
1837 2993 1988 3036 posteriori

1121 3043 1179 3083 sith
1206 3042 1307 3072 itutus.

1919 3276 1992 3322 cii·
