2052 3487
475 60 794 96 Pnonimtiun
845 59 977 106 Junts
1026 59 1199 96 CIVILIS
1249 61 1342 96 L113.

82 149 197 192 sponte
221 149 362 191 mistus,
386 150 416 183 ot
439 149 599 182 insultatio
627 149 657 180 in
677 148 741 180 hoc
759 148 823 180 fine
841 149 942 181 confl-

83 193 151 226 mili
168 193 264 225 animi
288 201 379 226 motu
402 194 433 223 in
459 192 589 222 modum
607 190 766 222 latrocinii
784 189 866 222 faeta
885 190 940 223 est.

82 234 146 265 Sed
171 235 203 267 id
228 244 269 267 ex
296 234 394 266 verbo
418 233 506 270 rixa,
529 240 594 270 quo
619 230 797 264 Hadrianus
826 233 941 263 iterum

81 277 182 308 utitur
206 276 269 308 hoc
290 277 319 308 in
344 273 451 311 versu,
477 272 507 303 &
534 273 581 303 his
606 281 676 312 quae
701 273 781 304 dista
810 272 879 305 sunt
902 274 941 304 ad

81 317 396 358 prioremspeciem,
421 315 489 345 satis
512 314 716 354 intelligitur:
741 314 848 354 itaque
872 324 939 354 per-

83 357 159 390 suast
179 359 274 398 mihi,
297 367 368 389 eum
388 355 530 394 versum,
554 356 707 386 translato
727 356 827 386 verbo
839 356 941 395 ferro,

85 399 116 431 &
133 399 245 431 inserta
268 399 382 430 vocula
401 403 470 433 aut,
495 397 536 427 ita
553 396 672 427 restitui
704 395 802 436 poll'e.

124 441 179 472 Sed
197 439 227 478 fi
253 440 331 471 clavi
353 437 505 480 percuffit,
535 443 587 468 aut
609 447 744 468 cuccuma
760 461 769 475 ,
793 443 844 468 aut
862 438 945 478 ferro

146 482 178 512 in
203 483 291 517 rixa3
313 481 447 521 quamvis
468 478 651 519 percufflerit,
674 485 769 509 tamen
796 489 853 510 non
877 481 947 510 occi-

143 524 230 554 dendi
258 523 369 559 animo,
401 521 560 551 leniendam
585 527 698 560 patiam
730 520 810 561 ejus,
835 522 885 561 qai
915 522 947 551 in

145 565 214 595 rixa
237 566 303 603 calu
336 564 445 604 magis,
475 571 561 603 quam
588 561 737 593 voluntate
767 562 949 593 homicidium

85 644 119 677 V
140 603 267 676 ¹adrm'sic.

120 655 136 676 e
152 669 158 676 .

126 687 182 718 Sed
191 684 220 724 Ji
232 685 311 717 clavi
328 683 483 726 percuffit‚
508 690 560 716 aut
580 694 735 724 cuccuma,
759 690 812 715 aut
834 686 865 716 in
882 686 950 716 rixa

139 729 242 765 ferro3
266 729 400 768 quamvis
412 725 595 767 percuffera,
619 732 724 757 tamen.
749 725 793 756 Et
816 727 946 766 reliqua.

125 773 155 800 6.
179 768 260 800 Haec
278 777 348 799 mea
366 768 548 808 conjectura
560 791 568 806 ,
584 767 605 799 fi
622 767 800 807 conjectura
814 768 950 798 dicenda

87 810 152 849 est,
176 811 208 841 in
235 820 328 851 quam
357 819 425 847 me,
450 809 539 840 velut
571 818 686 847 manu,
710 807 773 848 ipsa
798 808 950 840 Hadriani

87 853 245 883 duxerunt
264 851 379 890 verba,
396 860 465 891 quae
486 849 640 890 Ulpianus
659 850 824 880 recitatex
834 850 950 880 codem

87 892 255 933 Rescripto
277 892 336 924 Tit.
361 901 386 923 1.
408 890 951 933 CollazionisLegumMosaitarum&¹

87 934 300 966 Romanarum.

126 975 210 1008 Nam
226 974 255 1013 fi
281 974 411 1016 gladium
441 971 612 1012 instrinxit,
643 978 694 1004 aut
719 974 770 1004 telo
797 972 949 1014 percuffu,

146 1018 217 1058 quid
234 1018 352 1047 dubium
371 1014 410 1055 eft
420 1016 491 1057 quin
501 1015 644 1046 occidendi
652 1016 746 1045 animo
755 1013 920 1055 percufferit
931 1014 948 1044 Ξ)

148 1059 198 1089 Sic
231 1058 325 1097 lapide
354 1056 511 1097 percuffzt,
535 1063 585 1087 aut
616 1066 770 1093 cuccuma,
803 1061 853 1086 aut
885 1064 949 1084 cum

140 1100 222 1139 forte
239 1100 405 1136 rixaretur,
421 1100 504 1137 ferro
515 1097 670 1138 percuffit‚
680 1097 734 1136 sed
752 1106 808 1126 non
826 1096 951 1126 occiden-

149 1142 179 1171 di
208 1147 309 1170 mente.
354 1139 432 1180 Ergo
458 1139 506 1169 hoc
529 1139 690 1179 exquirite,
715 1136 792 1174 &fi
813 1137 951 1167 voluntas

151 1181 297 1212 occidendi
318 1180 405 1220 fuit,
427 1185 461 1210 ut
491 1180 658 1210 homicidam
671 1185 794 1219 servum
813 1178 951 1218 supplicio

148 1233 213 1253 cum
226 1223 296 1264 jure
310 1222 408 1262 jubete
429 1218 521 1259 affici.

89 1263 170 1296 Haec
189 1267 310 1300 vulgata
330 1261 418 1300 hujus
445 1261 507 1291 loci
531 1259 765 1300 interpunftioz
790 1259 842 1291 sed
865 1269 953 1291 vere-

87 1315 144 1343 or,
169 1314 207 1335 ne
227 1310 376 1343 corrupta
397 1301 454 1340 fit,
480 1305 508 1332 <St
529 1301 571 1332 fic
595 1302 803 1332 emendanda.

132 1346 181 1375 Sic
210 1345 303 1384 lapide
328 1343 481 1384 percuffzt,
505 1349 556 1373 aut
587 1353 743 1381 cuccuma,
769 1349 820 1373 alit
843 1343 950 1381 ferro,

149 1390 213 1416 cum
224 1386 304 1425 forte
321 1387 488 1423 rianretur,
503 1383 655 1425 percuffzt,
663 1386 716 1426 sed
733 1393 791 1415 non
808 1385 951 1415 occidendi

150 1433 250 1458 niente.
275 1427 373 1467 Erga,
397 1426 458 1457 &Q

89 1475 120 1508 7.
139 1467 261 1499 Vides.
278 1468 472 1500 Hadrianum
493 1466 623 1506 lapidis,
646 1474 829 1504 cuccumae,
847 1466 877 1498 &
897 1465 959 1498 fera

89 1510 138 1547 ri,
162 1509 354 1541 meminisse:
379 1509 426 1540 his
451 1510 597 1539 voculam
622 1513 674 1537 aut
697 1516 761 1539 non
784 1507 900 1546 semel,
925 1516 959 1540 ut

89 1551 175 1589 apud
203 1551 400 1581 Mai-cizinum
428 1560 457 1581 in
485 1549 671 1587 Panoetns,
695 1548 765 1587 sed,
793 1556 828 1580 ut
851 1559 867 1580 a
900 1559 952 1581 me

87 1591 228 1631 factum,
253 1594 293 1622 bi·
316 1601 497 1631 apponere:
522 1592 628 1629 itaque
654 1589 774 1622 ferrum
791 1600 808 1621 a
827 1591 951 1631 lapide,

88 1635 162 1672 vel,
187 1641 219 1663 ut
244 1634 326 1674 apud
346 1634 543 1664 Mzn-cianum
561 1631 605 1663 est
618 1655 627 1669 ‚
651 1640 667 1662 a
687 1632 768 1663 clavi
788 1632 817 1662 &
837 1641 952 1664 cuccu-

87 1683 157 1711 nia,
183 1674 338 1714 separare:
363 1674 548 1713 sensumque
574 1672 636 1704 effe
652 1696 661 1711 ,
684 1673 715 1703 Si
746 1671 833 1704 forte
867 1675 952 1713 rixa,

86 1713 179 1747 verbi
197 1716 312 1757 gratia„
337 1717 367 1746 in
386 1715 453 1746 lusu
472 1723 524 1745 aut
542 1714 696 1745 convivio
714 1722 784 1745 orta
803 1714 907 1746 subito
920 1715 950 1747 ὅ(

89 1766 205 1799 praeter
224 1756 406 1795 confilium,
430 1755 519 1787 furor
538 1765 622 1787 arma
639 1755 842 1795 ministravit,
869 1757 950 1788 alter

91 1799 215 1829 ctnem
241 1806 293 1828 aut
317 1806 499 1828 cuccumam
530 1805 583 1827 aut
604 1796 723 1827 ferrum
742 1796 793 1827 scu
810 1798 949 1838 gladium

91 1848 177 1879 appr.
193 1838 321 1874 liendit,
340 1842 367 1868 6<
385 1838 590 1869 admei—{dnum
609 1838 751 1876 occidit3
768 1847 831 1869 non
849 1839 949 1870 videri

91 1880 261 1911 occidendi
295 1889 432 1910 animum
465 1877 566 1909 fuisse.
593 1887 655 1917 qua
680 1878 795 1910 causa?
820 1880 893 1918 quia
923 1882 948 1910 is

92 1922 145 1962 qui
163 1921 256 1952 alium
276 1920 316 1951 {ic
336 1920 523 1961 percussitin
537 1921 620 1955 rixa,
645 1919 698 1950 etii
717 1928 788 1950 eum
808 1921 949 1958 occidit,

90 1973 156 1995 non
177 1971 279 1993 tamen
298 1962 444 1992 consulto
463 1970 567 1997 neque
587 1961 764 1992 deliberato
782 1961 949 2000 percuffit3

89 2003 143 2035 sed
177 2011 316 2043 impetu,
343 2003 392 2032 sed
416 2003 508 2032 animi
536 2002 792 2041 perturbatione,
816 2000 868 2033 sed
897 2012 949 2034 11·ae

92 2045 199 2076 calore
215 2044 394 2075 inconsulto
406 2067 414 2081 ,
431 2043 558 2074 attactus
571 2066 579 2079 ‚
598 2042 627 2073 &
639 2066 648 2081 ,
666 2043 838 2082 utproprie
858 2051 954 2083 atque

91 2086 234 2126 appoliti·
252 2086 415 2117 Patroclus
429 2085 456 2115 in
475 2085 529 2115 illo
543 2084 675 2116 Homeri
687 2085 770 2124 apud
788 2084 954 2118 Claudium

92 2128 293 2159 Saturninum
314 2127 333 2157 l.
364 2131 411 2158 16,
432 2125 461 2167 §.
487 2130 513 2160 8.
535 2125 577 2157 D.
599 2127 631 2155 de
645 2126 738 2165 poenis

134 2169 324 2209 Imprudens,
346 2169 455 2199 invitus
469 2191 478 2205 ,
502 2168 577 2197 circa
605 2167 676 2198 talos
693 2168 795 2198 iratus.

98 2210 227 2243 Prorsus
247 2218 289 2240 ita
307 2208 369 2241 cst:
394 2210 445 2249 qui
461 2209 555 2239 alium
576 2208 605 2239 in
633 2209 720 2247 rixa,
745 2208 958 2240 utPatroclus

95 2251 286 2283 collusorem
307 2249 391 2282 suum
409 2252 438 2281 in
457 2250 589 2281 talorum
608 2249 694 2288 lusu,
719 2250 861 2289 occidit3
885 2251 909 2281 is
926 2249 959 2281 ss-

94 2302 136 2323 ve
156 2293 281 2333 gladim
304 2291 367 2322 slve
394 2300 566 2328 cuccuma,
591 2290 653 2322 [ive
680 2291 790 2330 clave,
821 2291 958 2323 occidit:

121 2334 215 2365 oterit
241 2342 257 2363 a
284 2332 354 2373 lege
377 2331 527 2364 Cornelia
552 2331 680 2363 absolvi.
713 2330 760 2363 Ut
788 2340 895 2363 tamen
911 2331 960 2372 (fi

94 2342 263 2406 R'lnrciano
282 2374 438 2405 credimus
458 2376 485 2403 a.
505 2374 523 2403 l.
544 2382 567 2403 1.
589 2373 615 2415 §.
634 2384 663 2414 3.
677 2374 694 2413 )
710 2374 738 2405 ei
758 2374 963 2414 leniorpoena

95 2415 264 2457 infligatur.
289 2423 382 2454 quam
401 2414 443 2445 ob
469 2414 561 2445 rem?
586 2417 657 2454 quia
674 2416 725 2446 lex
743 2414 893 2446 Cornelia
905 2425 960 2446 vo-

97 2456 252 2489 luntatem
271 2457 381 2496 punit:
404 2463 435 2487 at
454 2454 507 2487 hic
523 2456 618 2488 alium
634 2457 733 2498 magis
751 2455 842 2495 casu,
867 2466 962 2496 quam

755 2574 969 2611 CAPUT

984 150 1152 181 voluntate
1161 172 1171 188 ‚
1183 150 1306 181 occidit
1316 161 1323 183 :
1333 149 1374 182 fic
1392 149 1573 183 Marcianus
1590 148 1751 190 loquitur:
1764 150 1834 183 casu
1845 172 1856 188 ,

983 191 1132 232 inquam,
1156 192 1189 223 id
1210 191 1274 229 est,
1291 199 1324 222 ut
1341 192 1526 224 Saturni-nus
1541 191 1612 223 infit
1629 193 1656 222 a.
1677 192 1696 222 l.
1723 196 1769 224 16.
1787 192 1857 233 §.8.

985 232 1123 264 fortuito
1140 255 1150 271 ‚
1186 233 1237 264 vel
1263 233 1325 273 (ut
1358 232 1422 273 ipl'e
1458 233 1640 265 Marcianus
1663 232 1681 264 l.
1706 242 1733 264 2.
1757 233 1800 265 D.
1825 235 1859 264 cle

983 274 1119 314 legibus)
1142 282 1207 305 non
1226 274 1361 314 sponte,
1384 274 1437 307 sed
1460 274 1694 311 involuntarie,
1720 275 1770 306 vel
1794 274 1858 314 (ut

986 316 1070 346 idem
1097 315 1280 347 Marcianus
1310 317 1338 347 d.
1366 315 1386 347 l.
1418 325 1463 347 ιι.
1488 315 1516 358 §.
1545 326 1573 347 2.
1596 316 1629 346 de
1654 317 1772 356 paenis)
1796 325 1859 347 ma-

986 357 1033 398 gis
1061 358 1183 396 impetu
1201 379 1211 395 ,
1240 366 1333 396 quarn
1358 357 1550 398 proposito:
1583 356 1653 387 casu
1675 364 1778 388 tomen
1794 380 1802 395 ,
1830 357 1860 387 δε

987 398 1191 436 necessitate,
1217 406 1312 438 atque
1335 399 1532 438 ignorantia3
1558 397 1577 430 si
1602 399 1758 437 impetum
1785 407 1861 431 cum

989 440 1089 477 dolo,
1113 440 1144 470 id
1167 439 1229 478 est,
1253 449 1324 470 cum
1359 440 1524 480 proposito
1552 440 1583 471 δι
1607 440 1860 477 deliberatione,

991 490 1178 521 compares:
1205 481 1292 519 quod
1319 481 1371 512 lex
1398 481 1547 514 Cornelia
1575 481 1739 512 defiderat.
1783 480 1861 511 Hoc

991 522 1078 552 sensu
1103 521 1171 552 infit
1200 521 1317 553 Cicero
1343 523 1375 552 in
1404 521 1515 562 Topicis
1543 523 1571 553 d.
1597 523 1648 553 loc.
1686 522 1804 554 Cadunt
1828 523 1862 553 in

991 564 1187 604 ignorantiam
1205 568 1291 603 atque
1307 564 1532 603 imprudentiam
1546 564 1776 604 perturbationes
1797 564 1862 594 ani-

991 606 1047 635 mi:
1071 614 1132 645 quse
1158 613 1334 644 quamquam
1351 602 1415 642 sint
1439 604 1634 643 voluntaria,
1659 605 1861 646 objurgatione

991 646 1067 676 enim
1084 645 1120 679 {5⁹
1137 646 1327 676 admonitione
1345 645 1540 687 dejiciamur,
1563 651 1658 676 tcmzen
1677 647 1780 677 habent
1795 651 1861 677 tan-

992 693 1035 718 tos
1057 694 1167 724 motus,
1191 692 1225 716 ut
1243 695 1294 724 ea,
1317 695 1379 727 quse
1395 687 1567 718 voluntaria
1581 688 1673 727 sunt,
1699 693 1751 718 aut
1769 697 1862 718 neces-

983 729 1067 769 saria
1087 728 1249 765 interdum,
1266 733 1399 759 autcerte
1415 730 1549 769 ignorata
1565 729 1732 759 videantur.
1752 728 1860 768 Ulpia-

993 779 1050 800 nus
1069 778 1199 809 quoque
1221 769 1240 798 l.
1264 778 1293 808 5.
1317 768 1429 809 §.juia⁴
1443 769 1483 800 D.
1510 771 1542 800 de
1555 771 1656 809 poenis.
1684 770 1787 802 Verba
1807 768 1861 801 Ul·

994 811 1088 851 piani.
1115 810 1218 848 Refert
1234 809 1271 843 θ’
1288 811 1319 840 in
1336 810 1492 851 majoribus
1510 811 1638 850 delictis,
1663 812 1789 850 consulto
1807 812 1861 842 ali-

994 852 1063 892 quid
1079 852 1269 888 admittatur,
1292 860 1330 882 an
1348 852 1425 892 casu.
1450 851 1491 882 Et
1507 860 1574 888 sane
1592 854 1622 883 in
1647 854 1776 883 omnibus
1802 854 1860 883 cri-

994 893 1120 923 minibus
1137 890 1279 931 distantia
1299 892 1355 922 haec
1369 900 1483 932 poenam
1499 899 1550 924 aut
1562 891 1672 935 justam
1689 894 1791 935 eligere
1811 895 1860 924 de-

992 935 1052 971 bet,
1077 938 1129 963 aut
1140 938 1393 972 temperamentum
1402 935 1571 966 admittere:
1589 934 1743 975 Ulpianus
1753 934 1858 966 casum

991 975 1131 1015 opponit
1148 973 1300 1012 cons11103
1317 975 1562 1015 poenamjustam
1580 983 1861 1017 temperamento:

991 1025 1089 1056 porro
1115 1014 1278 1046 confilium
1306 1016 1383 1047 dicit
1406 1025 1464 1056 pro
1487 1017 1585 1056 dolo;
1609 1017 1713 1050 casum
1738 1027 1798 1058 pro
1818 1027 1860 1049 eo

993 1057 1081 1097 quod
1099 1056 1175 1087 dolo
1197 1064 1306 1094 caret,
1329 1055 1381 1088 sed
1403 1058 1496 1098 culpa
1526 1066 1621 1099 atque
1646 1061 1863 1100 imprudentia

993 1107 1058 1129 non
1077 1105 1181 1128 caret:
1207 1097 1346 1136 denique
1362 1096 1465 1129 casum
1485 1107 1580 1130 vocat
1595 1110 1669 1133 eum
1694 1102 1748 1139 qui
1775 1101 1862 1132 lasci-

994 1140 1078 1170 vium
1097 1137 1243 1178 sequutus
1262 1138 1291 1169 ἀ
1308 1137 1369 1179 sagi
1387 1139 1608 1178 jactationem:
1630 1143 1661 1174 id
1679 1142 1742 1181 est,
1762 1142 1861 1174 lusum

997 1189 1130 1211 noxum]
1146 1180 1199 1219 qui
1219 1178 1258 1210 ab
1275 1180 1369 1211 initio
1385 1181 1511 1220 culpam
1531 1181 1645 1214 habet:
1669 1192 1702 1214 ut
1729 1192 1862 1224 apparet

997 1232 1037 1253 ex
1055 1222 1180 1261 integro
1200 1220 1275 1251 loco
1296 1221 1349 1261 qui
1373 1228 1462 1252 extat
1488 1221 1546 1254 Tit.
1569 1232 1595 1255 Ι.
1614 1224 1784 1256 Collationis
1805 1225 1863 1256 Le-

992 1273 1065 1304 gum
1089 1262 1289 1301 Mosaicarum
1314 1261 1349 1296 {ff
1375 1261 1581 1295 Romanarum.
1608 1264 1706 1306 lgitur
1727 1266 1768 1297 fic
1785 1265 1864 1298 defi-

996 1305 1042 1335 nit
1063 1302 1237 1344 Ulpianu5‚
1254 1302 1276 1334 fi
1292 1302 1502 1335 homicidium
1521 1305 1557 1336 fit
1573 1305 1722 1338 consulto
1740 1307 1791 1338 seu
1805 1308 1863 1339 do-

994 1345 1026 1376 lo
1044 1345 1074 1376 8(
1095 1343 1260 1385 proposito
1276 1344 1394 1376 fastum
1406 1368 1415 1383 ‚
1439 1355 1541 1386 poenae
1553 1347 1661 1386 justae,
1687 1348 1718 1379 id
1735 1347 1780 1379 est
1795 1358 1864 1389 poe-

994 1396 1042 1417 nae
1063 1387 1141 1427 legis
1163 1385 1322 1418 Corneliae
1346 1387 1444 1427 (nam
1468 1389 1508 1418 de
1528 1388 1588 1419 hac
1606 1390 1634 1419 ei
1662 1388 1764 1421 sermo
1790 1391 1862 1430 est)

995 1428 1102 1459 locum
1123 1427 1211 1459 ficri:
1236 1426 1278 1458 fin
1299 1427 1390 1466 casu,
1416 1428 1446 1459 id
1467 1429 1536 1469 est,
1556 1429 1681 1462 lascivia
1703 1431 1731 1462 δι
1749 1432 1862 1470 culpa,

1002 1479 1068 1501 non
1099 1469 1165 1507 illi,
1190 1468 1242 1500 sed
1270 1476 1545 1510 temperamento,
1568 1472 1599 1503 id
1623 1471 1686 1509 est,
1717 1472 1865 1514 relegati-

1001 1512 1056 1542 oni
1079 1510 1110 1542 in
1141 1509 1275 1551 persona
1306 1510 1490 1543 honestiore
1509 1535 1518 1550 ,
1550 1521 1584 1543 ut
1613 1513 1736 1544 constat
1761 1524 1802 1545 ex
1834 1515 1863 1545 d.

1004 1551 1062 1583 Tit.
1096 1560 1120 1583 1.
1150 1551 1187 1586 ἐξ)
1203 1551 1222 1582 l.
1241 1562 1271 1590 4.
1292 1551 1320 1592 §.
1343 1561 1368 1583 1.
1392 1551 1434 1583 D.
1464 1553 1515 1583 Aci
1536 1553 1622 1595 legem
1647 1555 1807 1585 Corneliam
1830 1557 1865 1586 de

987 1592 1104 1632 ficariis
1120 1592 1155 1627 &³
1172 1592 1325 1631 veneficis,
1344 1594 1414 1632 vel,
1438 1595 1523 1634 quod
1548 1595 1730 1627 Marcianus
1747 1598 1775 1627 d,
1793 1596 1814 1627 l.
1836 1605 1864 1629 1.

995 1634 1023 1676 ᾗ.
1050 1644 1074 1674 3.
1107 1634 1174 1664 vult
1194 1643 1224 1665 1n
1250 1634 1411 1674 proposita
1435 1636 1560 1674 specie,
1583 1645 1599 1666 a
1629 1637 1718 1678 lege,
1742 1638 1773 1668 id
1799 1637 1866 1676 est,

995 1686 1013 1707 a
1036 1676 1106 1717 lege
1131 1674 1307 1710 Cornelia,
1337 1676 1476 1715 absolvi,
1507 1676 1558 1709 sed
1590 1686 1717 1717 poenam
1742 1679 1866 1710 lenien-

995 1718 1078 1748 dam.
1101 1716 1199 1749 Vides
1217 1726 1319 1748 meam
1331 1717 1629 1758 interpretationem
1641 1744 1650 1759 ‚
1667 1729 1761 1760 quam
1773 1720 1866 1760 juvat:

993 1758 1100 1790 fimilis
1129 1759 1266 1790 Salviaui
1293 1759 1417 1789 locutio
1441 1759 1488 1790 lib.
1517 1770 1546 1798 4.
1580 1759 1627 1790 De
1653 1763 1864 1802 gubernatione

993 1799 1069 1836 Dei,
1083 1807 1113 1839 p.
1133 1809 1182 1836 99-
1199 1808 1294 1839 quam
1313 1799 1466 1839 adici-ipsi.
1495 1799 1601 1832 Verba
1618 1802 1764 1834 Salviani.
1783 1803 1865 1842 Nos,

992 1846 1134 1881 quantum
1155 1841 1193 1871 ad
1216 1842 1338 1870 crimina
1356 1839 1453 1880 nostra
1467 1843 1612 1881 pertinet,
1636 1843 1787 1875 lethalibus
1795 1845 1866 1885 sup—

987 1881 1084 1921 pliciis
1108 1882 1191 1922 digni
1204 1884 1329 1921 samus.-
1344 1882 1396 1920 sea
1418 1882 1482 1920 ille,
1505 1883 1573 1923 plus
1590 1885 1787 1925 misericordiae
1807 1887 1862 1916 tri-

992 1924 1097 1961 buens,
1121 1932 1208 1963 quain
1218 1923 1393 1961 severitati,
1418 1924 1533 1955 mavult
1557 1934 1608 1956 nos
1632 1925 1776 1956 clementis
1801 1936 1866 1957 cen-

984 1963 1064 2002 surae
1093 1968 1307 2004 temperamento
1337 1965 1509 2002 emendare,
1539 1975 1627 2006 quam
1653 1968 1746 2007 plaga
1773 1965 1864 2009 justce

998 2005 1192 2035 cohercitionis
1210 2006 1343 2036 occidere.
1387 2004 1433 2036 lta
1455 2005 1630 2038 Salvianus.
1657 2008 1770 2040 Paulus
1794 2009 1864 2040 haec

999 2043 1041 2076 fic
1058 2044 1152 2076 effert
1171 2047 1198 2077 d.
1221 2045 1278 2076 Tit.
1301 2054 1325 2076 1.
1352 2045 1416 2089 Qui
1431 2047 1569 2078 bominem
1586 2049 1707 2087 occidit,
1731 2050 1865 2091 aliquan-

999 2087 1033 2116 do
1051 2087 1228 2126 absolvitur,
1246 2086 1282 2120 ὅ)
1299 2089 1350 2128 qui
1367 2098 1422 2118 non
1441 2089 1562 2127 occidit,
1579 2096 1612 2120 ut
1629 2091 1769 2121 homicida
1786 2093 1866 2122 danz-

999 2133 1106 2159 natur:
1129 2126 1276 2166 confilium
1302 2130 1376 2159 enim
1400 2129 1644 2171 uniuscujusque,
1669 2141 1727 2162 non
1744 2131 1865 2172 faelium

994 2170 1175 2209 puniendum
1198 2167 1247 2209 est.
1273 2169 1394 2210 Ideoque
1422 2172 1492 2211 quil,
1517 2181 1582 2202 cum
1605 2172 1691 2202 vellet
1720 2175 1865 2212 occidere,

1000 2210 1068 2249 casii
1086 2211 1180 2251 aliquo
1192 2212 1354 2251 perpetrare
1370 2221 1427 2242 non
1442 2214 1552 2251 potuit,
1576 2220 1610 2243 ut
1625 2213 1764 2245 homicida
1774 2217 1866 2255 puni-

1000 2257 1069 2283 tar:
1094 2251 1129 2286 δέ’
1146 2254 1189 2290 is,
1204 2253 1256 2293 qui
1272 2253 1339 2283 casu
1358 2252 1407 2282 teli
1424 2252 1563 2284 bominem
1578 2255 1773 2295 imprudenter
1775 2256 1866 2296 ferie-

1001 2294 1042 2324 rit
1057 2294 1225 2332 absolvitur.
1270 2293 1355 2338 Quod
1367 2292 1396 2331 fi
1412 2295 1443 2324 in
1462 2295 1529 2326 rixa
1541 2296 1692 2336 percuffus
1707 2297 1784 2327 homo
1794 2298 1867 2336 fue·

1005 2335 1064 2372 rit,
1088 2335 1224 2376 quoniam
1240 2334 1313 2365 iaus
1330 2344 1441 2376 quoque
1458 2336 1529 2375 ipstJs
1553 2343 1653 2367 contra
1676 2347 1868 2379 unumquem-

1005 2385 1059 2416 que
1088 2377 1271 2415 contemplari
1293 2383 1397 2415 oportet
1416 2398 1425 2414 ‚
1455 2376 1514 2406 ideo
1530 2378 1692 2408 humiliores
1708 2380 1739 2409 in
1764 2380 1865 2410 ludum

1004 2422 1057 2447 aut
1074 2418 1104 2447 in
1114 2417 1258 2448 metallum
1274 2419 1453 2447 damnantur
1462 2439 1472 2455 ,
1482 2416 1647 2458 honestiores
1656 2420 1775 2452 dimidia
1778 2427 1866 2461 parte

1005 2459 1140 2489 bonorum
1155 2459 1275 2489 multati
1290 2457 1466 2502 relegantur.

1031 2575 1202 2613 VIII.

101 2680 250 2731 Quaedam
271 2693 337 2728 quae
355 2683 454 2728 priori
475 2681 639 2728 sententiae
664 2680 823 2728 adversari
847 2682 990 2718 videntur
1006 2709 1016 2726 ,
1056 2684 1176 2718 ratione
1203 2680 1245 2722 ἐξ
1273 2682 1418 2719 Veterum
1444 2686 1624 2722 authoritate
1650 2686 1864 2733 infirmantur.

103 2782 299 2854 Eexplicui
323 2795 424 2819 meam
450 2786 638 2820 sententiam
662 2789 701 2821 de
718 2788 836 2819 difficili
855 2788 885 2819 δι
903 2788 960 2819 ob-

186 2822 274 2871 scuto
294 2827 367 2858 loco
387 2828 541 2860 Marciani
562 2829 580 2860 l.
604 2839 630 2862 1.
648 2829 675 2871 §.
699 2839 727 2870 3.
747 2829 788 2860 D.
809 2829 857 2860 Aci
874 2830 961 2870 legem

106 2862 265 2895 Corneliam
279 2868 311 2897 de
320 2867 435 2904 ficariis
454 2869 490 2904 {3⁹
508 2869 660 2909 *oerieficis,
685 2871 799 2911 ipsam,
828 2869 882 2902 nisi
902 2871 957 2902 fal-

104 2903 179 2942 lor,
204 2910 446 2950 eonvenientem
479 2911 623 2942 humanae
647 2910 829 2952 fragilitati,
854 2912 883 2942 ὅ(
907 2911 962 2942 usu

102 2946 216 2991 populi
236 2945 390 2987 Romani,
412 2951 632 2992 veterumque
653 2953 835 2993 sapientum
856 2951 961 2984 suffra-

103 2995 157 3026 gio
174 2993 269 3032 atque
286 2989 470 3022 auctoritate
482 3015 490 3030 ‚
515 2993 687 3025 subnixam.
706 3003 800 3034 quam
817 3002 890 3024 cum
909 3003 961 3025 an-

105 3028 290 3073 tealiquod
322 3039 420 3062 annos
440 3032 578 3065 feciss'em
597 3034 716 3074 publici
730 3035 824 3074 juris:
849 3035 963 3066 deinde

105 3070 332 3115 animadverti,
365 3071 542 3104 existimare
573 3074 683 3106 Virum
715 3075 964 3115 Ampliffimurn,

105 3107 249 3141 Ulricum
274 3110 458 3151 Huberum,
484 3123 550 3145 eam
570 3117 680 3155 procul
699 3117 802 3148 abess'e
822 3126 838 3147 a
855 3118 904 3148 via
921 3126 965 3149 ra-

106 3150 469 3225 ticffiigzolffhemidos:
493 3154 534 3187 fic
553 3156 637 3189 enim
655 3156 771 3190 scribit.
814 3157 858 3190 At
873 3167 965 3201 quam

1003 2788 1106 2827 redite,
1130 2797 1205 2830 age,
1231 2790 1355 2823 collatis
1378 2792 1571 2832 argumentis
1600 2800 1767 2832 putemus:
1791 2803 1866 2826 nam

1004 2830 1034 2861 &
1066 2830 1177 2862 frustra
1201 2831 1232 2862 id
1259 2833 1376 2864 dixerit:
1405 2833 1461 2865 Vir
1493 2833 1723 2874 Amplfflimus,
1747 2835 1776 2865 &
1801 2844 1865 2875 ego

1002 2870 1114 2902 frustra
1130 2874 1331 2912 negaverim,
1355 2875 1438 2914 apud
1455 2875 1592 2906 idoneos
1614 2885 1717 2907 rerum
1736 2875 1868 2906 aestima-

1004 2918 1110 2951 tores,
1134 2914 1188 2945 nili
1208 2914 1302 2946 rebus
1333 2915 1579 2947 demonstretur.

1044 2953 1184 2986 Primum
1217 2955 1282 2994 ejus
1311 2965 1532 2997 argumentum
1565 2956 1628 2995 est,
1652 2956 1684 2987 Si
1712 2956 1868 2990 homicidia

1005 3003 1066 3034 quae
1081 2996 1113 3026 in
1131 2997 1198 3027 rixa
1214 2995 1291 3029 {iam
1300 2998 1409 3037 subitis
1425 2999 1518 3029 animi
1533 2999 1672 3035 motibus,
1695 2996 1746 3035 etsi
1755 2999 1864 3039 cultro,

998 3034 1062 3074 fica
1078 3041 1131 3068 aut
1145 3037 1259 3078 gladio,
1282 3045 1368 3069 extra
1391 3041 1517 3070 ordinem
1536 3039 1659 3074 leniore,
1684 3047 1770 3078 quam
1787 3042 1867 3081 capi-

1008 3078 1061 3116 tis,
1076 3079 1219 3118 supplicio
1235 3078 1397 3118 adjicienda
1404 3082 1498 3119 sunt,-
1521 3088 1584 3119 ergo
1593 3078 1721 3118 fossore
1734 3103 1744 3119 ‚
1776 3081 1869 3122 Lapi.

1009 3118 1073 3149 tbos
1095 3118 1131 3154 δ’
1149 3120 1306 3151 Centauros
1330 3122 1486 3158 convivia,
1502 3120 1639 3159 fortuitis
1653 3121 1727 3151 rixis
1750 3121 1787 3156 ὅ)
1801 3129 1872 3163 pro.

1009 3160 1118 3202 miscua
1135 3162 1209 3194 caerle
1229 3167 1398 3200 cruentata,
1414 3160 1479 3199 fine
1499 3166 1576 3193 metu
1600 3161 1700 3193 mortis
1719 3163 1868 3200 celebrare,

1351 3202 1364 3232 1
1387 3211 1405 3234 2
1790 3204 1869 3241 Hoc
