2052 3487
503 118 1202 162 onsnnvi'rmssvu
1254 113 1428 161 Lissi,

70 211 132 249 hoc
156 215 177 248 fi
203 215 275 254 est;
305 214 484 247 tollendum
511 213 584 244 leve
605 212 759 244 mendum
787 212 818 244 in
845 213 864 244 l.
890 222 939 252 27.

69 259 98 301 §.
120 268 152 297 4.
186 259 226 290 l).
256 259 289 288 de
311 266 378 288 auro
395 279 405 294 ,
435 261 550 296 argento
566 277 576 294 ,
605 255 736 284 mundo:
768 254 799 285 in
817 263 880 294 quo
899 255 941 286 fic

69 303 144 332 idem
167 300 275 331 scribit
298 297 552 337 jurisconsultus.
605 295 638 326 Si
660 300 755 326 autem
771 305 876 326 aurum
894 296 941 326 vel

70 347 222 384 argentum
233 339 383 382 signatum
397 338 421 369 le
443 344 523 369 atum
536 335 577 376 est
590 359 600 375 ,
624 337 654 367 icl
663 337 880 377 paterfamilias
896 339 940 368 vi-

70 386 154 415 tietur
170 382 331 423 testamento
351 348 468 421 legaffe,
491 379 565 419 quod
587 378 648 418 ejus
671 378 771 419 aliqua
784 378 885 417 forma
901 376 940 418 eJl

69 419 244 466 expreffli'tm:
267 422 357 454 veluti
379 431 441 462 quie
467 419 595 460 Philippi·
610 420 686 458 sunt
703 442 711 456 ‚
737 420 859 459 itemque
883 429 938 450 no-

68 469 212 499 mismata
235 464 270 499 ἐφ’)
287 461 405 500 similia.
464 459 618 501 Ulpianus
643 460 801 500 Philippeos
832 460 935 491 distin-

67 509 136 550 guit
152 517 169 540 a
184 505 420 538 nomismatibus:
452 511 523 533 oum
551 510 663 533 verum
688 501 751 540 fit,
776 502 937 542 Philippeos

69 549 132 581 effe
154 549 323 580 nomismata
351 544 435 584 apud
461 542 633 575 Horatium
657 543 705 574 lib.
730 553 758 575 2.
791 543 885 584 Epist.
910 553 934 575 1.

65 591 141 629 vers.
158 600 226 631 234.
256 587 349 628 Igitur
367 585 466 616 scribe
477 607 486 623 ‚
509 583 611 616 Veluti
624 588 685 626 quie
702 584 832 625 Philippi
840 585 934 625 sunt,

66 635 189 673 itemque
213 631 381 660 nomismata
397 624 519 664 similia.
539 657 544 665 ,ἶ
572 625 702 667 Nempe
717 645 728 666 -,
752 625 935 667 paterfami-

63 672 120 706 lias
136 672 250 713 legavit
265 670 356 702 alicui
372 671 481 700 aurum
505 667 555 700 vel
578 676 743 709 argentum
769 667 935 708 lignatum.

63 714 214 755 quaeritur
229 735 239 751 ‚
263 711 337 752 quid
363 710 468 751 legato
492 711 695 741 contineatur
712 709 729 740 ἱ)
761 718 819 749 pro
843 717 935 740 certo

63 755 156 797 ponit
181 753 335 792 Ulpianus
353 775 362 791 ,
395 752 562 792 pecuniam
586 750 691 782 forma
715 751 844 791 publica
865 760 934 790 per-

64 796 196 834 cuffam,
219 794 328 836 signati
342 794 408 825 auri
430 816 439 832 ‚
473 793 524 825 vel
549 793 691 834 argenti,
716 793 932 832 appellatione

64 836 313 878 comprehendi3
335 844 392 874 ac,
417 835 490 876 quia
513 835 553 867 de
574 845 615 866 eo
633 842 730 865 nemo
746 833 933 871 dubitabat,

64 880 104 912 de
120 889 178 918 eo,
200 887 258 918 pro
277 876 432 908 Veterum
450 885 557 915 more,
572 876 651 907 nihil
669 875 766 906 dicit:
791 874 843 905 sed
860 884 934 906 cum

63 921 178 962 ambigi
201 918 302 959 poffet
322 919 363 949 de
383 917 521 958 Philippi
538 940 548 956 ,
584 917 678 957 Regis
704 916 908 947 Macedoniae
924 939 933 955 ,

65 962 94 995 ἃ
111 961 258 994 similibus
275 959 536 997 nomismatibus,
553 959 593 990 de
611 959 658 990 his
675 957 935 999 respondendum

64 997 209 1035 credidit.
251 1002 305 1034 Ait
318 1002 434 1043 igitur,
459 1010 495 1032 ea
510 999 619 1041 signati
644 1001 710 1031 auri
737 999 786 1030 vel
811 999 933 1039 argenti

64 1044 275 1086 appellatione
300 1043 418 1076 venire.
467 1040 597 1073 Licebit
619 1042 716 1072 etiam
739 1041 829 1072 aliter
850 1040 932 1070 acci-

63 1096 141 1128 pere
168 1084 364 1126 Ulpianum:
401 1083 652 1115 existimantibus
674 1106 684 1121 ,
714 1082 829 1122 (quod
854 1091 931 1122 prae-

63 1128 148 1160 clare
177 1126 354 1159 observavit
387 1124 427 1156 V.
461 1124 521 1156 CL.
549 1123 669 1156 Isaacus
695 1123 902 1155 Casaubonus
920 1145 929 1161 ‚

65 1169 164 1202 Notis
180 1170 218 1200 ad
234 1166 432 1199 TreBellium
451 1166 630 1197 Pollionem
649 1188 659 1203 ‚
690 1164 764 1196 Vita
781 1165 822 1197 D.
842 1164 930 1194 Clau-

64 1212 107 1243 dii
122 1221 146 1242 c.
165 1220 210 1250 14.
231 1216 299 1251 pag.
319 1209 420 1250 382.)
452 1217 600 1240 nummos
627 1206 815 1247 Philippeos
840 1205 932 1237 fuiffe

63 1253 198 1295 primum
228 1251 364 1291 Philippi
391 1249 471 1291 juffu
493 1249 682 1287 formatos:
717 1248 771 1279 sed
798 1255 932 1288 recepto

63 1293 179 1326 deinde
201 1292 314 1324 formae
338 1291 392 1324 usu
414 1299 572 1323 retentam
594 1288 686 1321 fuiffe
708 1289 774 1329 eJ‘us
797 1290 934 1333 appella-

58 1336 204 1367 tionem:
227 1334 282 1365 etsi
297 1334 359 1373 jam
376 1332 512 1364 referret
529 1332 671 1369 vultum,
696 1340 761 1362 non
774 1330 908 1370 Philippi
921 1353 930 1369 ‚

59 1376 112 1408 sed
129 1376 355 1416 cujuscumque
379 1375 533 1414 Principis
549 1397 560 1411 ‚
584 1383 600 1404 a
622 1382 687 1412 quo
701 1371 829 1416 jullafit
845 1372 930 1403 cudi.

61 1417 169 1450 Locus
184 1418 223 1448 ad
240 1426 334 1457 quem
354 1415 473 1447 Notam
492 1416 573 1446 hanc
590 1413 709 1455 scripfit
724 1413 931 1444 Caiaubonus

60 1460 143 1500 apud
169 1457 367 1489 Trebellium
391 1457 573 1489 Pollionem
597 1457 623 1486 ci.
641 1466 666 1486 c.
692 1455 762 1486 talis
777 1454 868 1486 estin
889 1453 929 1485 E-

60 1500 174 1543 pistola
191 1500 348 1531 Valeriani
372 1500 411 1531 ad
433 1497 649 1530 Zosimionem
666 1497 764 1538 Syriae
782 1505 932 1542 procura-

60 1550 176 1574 torem.
220 1541 348 1582 Argenti
370 1542 402 1570 iii
420 1547 498 1581 opere
514 1548 616 1572 annua
626 1541 719 1579 pondo
735 1539 932 1580 quinquagin-

61 1589 113 1623 ta,
135 1583 296 1656 Phigppeos
321 1579 410 1623 nostri
433 1582 536 1613 vultus
559 1589 670 1613 annuos
687 1586 823 1619 centum,
847 1578 884 1614 ἑῇ)
900 1579 933 1610 in

85 1634 171 1656 rems.
227 1633 256 1655 c.

52 1623 286 1706 faUtcumque
303 1665 381 1696 erit:
405 1670 553 1704 apparet,
577 1663 771 1694 nomismata
792 1661 855 1693 effe
880 1671 930 1693 ea-

53 1707 133 1740 dem
148 1707 301 1738 nummis:
326 1706 503 1745 eademque
519 1713 617 1745 opera
634 1704 729 1735 facile
746 1703 930 1744 apparebit,

58 1757 130 1789 quae
141 1748 324 1788 Pomponio
341 1748 369 1778 d.
382 1746 401 1778 l.
413 1751 462 1781 28.
487 1747 632 1778 dicantur
647 1751 744 1776 vetera
759 1746 931 1777 nomismata

57 1798 150 1821 aurea
173 1789 220 1819 vel
243 1794 388 1830 argentea.
440 1787 594 1819 Meminit
623 1787 732 1818 talium
759 1785 930 1818 Suetonius

57 1829 265 1871 sequentibus
289 1829 394 1861 verbis
409 1850 420 1866 ,
451 1826 582 1870 Augusto
605 1838 629 1858 c.
646 1836 695 1868 75.
722 1827 930 1858 Saturnalibus

52 1870 99 1907 ὃ)
113 1869 144 1910 fi
166 1871 279 1912 quando
305 1870 377 1901 alias
398 1869 520 1908 libuiffet
536 1892 546 1908 ,
576 1870 653 1900 modo
679 1878 800 1900 munera
817 1869 929 1899 divide-

59 1914 110 1944 hat
124 1936 135 1951 ‚
158 1910 262 1952 vestem
278 1911 314 1946 δ’
330 1921 436 1942 aurum
453 1910 489 1945 ὃ)
505 1917 659 1953 argentum
672 1919 682 1948 ;
704 1910 782 1941 mocio
798 1919 929 1941 nummos

54 1955 148 1985 omnis
162 1960 250 1991 notae,
271 1953 360 1984 etiam
373 1958 483 1983 veteres
497 1954 588 1994 regios
604 1962 639 1983 ac
649 1952 827 1992 peregrinos.
861 1949 928 1982 Ha·

54 1995 114 2027 bet
133 1994 163 2026 ἂ
185 1994 366 2026 Lactantius
381 1993 563 2034 exemplum
580 1993 628 2024 lib.
646 2002 673 2024 1.
699 1992 808 2024 Divin.
826 1990 925 2033 Instit.

53 2045 80 2068 c.
99 2045 146 2077 13.
171 2045 244 2068 cum
259 2059 269 2074 ‚
300 2035 416 2074 Hunc,
440 2035 563 2076 inquit,
586 2041 731 2065 errantem
754 2039 841 2075 atque
864 2035 925 2064 ino-

52 2083 118 2119 pem
131 2076 234 2118 Janus
249 2078 368 2118 excepit.
392 2077 477 2118 cujus
493 2077 535 2107 rei
557 2082 731 2117 argumenta
744 2075 819 2114 siant
839 2084 924 2106 num-

55 2120 98 2150 mi
117 2124 223 2150 veteres
243 2119 276 2150 in
300 2119 404 2159 quibus
426 2115 465 2158 est
480 2127 546 2149 cum
562 2117 671 2158 duplici
677 2119 780 2157 fronte
795 2116 898 2157 Janus
914 2139 925 2156 ,

52 2159 93 2195 ἐξ
108 2163 141 2191 i'n
155 2160 247 2192 altera
259 2165 340 2198 parte
356 2160 454 2191 navis.
491 2158 592 2191 Porro
609 2157 842 2190 observandum
859 2157 923 2198 est,

55 2201 145 2241 quod
161 2211 225 2233 non
242 2201 425 2242 simpliciter
440 2202 483 2232 ait
501 2200 719 2241 Pomponius,
744 2200 839 2241 legari
856 2208 926 2240 pos-

53 2241 87 2273 se
109 2241 337 2274 usumfructum
360 2243 586 2275 numismatum
613 2250 783 2273 aureorum
805 2241 858 2273 vel
882 2251 927 2273 ar-

53 2290 245 2324 genteorum
261 2291 424 2321 veterum,
442 2284 493 2315 sed
506 2284 619 2315 horum
637 2283 750 2324 quibus
765 2292 823 2323 pro
840 2292 928 2323 gem-

52 2324 115 2356 mis
131 2324 176 2356 uti
193 2323 305 2357 solent.
351 2325 386 2357 Id
409 2334 486 2356 vero
509 2325 586 2366 quid
608 2323 782 2366 fignificat,
805 2324 860 2355 nili
884 2325 926 2355 le-

54 2365 121 2406 gari
146 2365 234 2406 poss'e
255 2365 480 2398 usumfructum
506 2374 650 2398 veterum
673 2366 897 2397 numismatum
916 2387 926 2404 ,

55 2406 168 2447 quibus
184 2416 249 2438 non
267 2406 369 2439 solent
390 2407 432 2439 uti
459 2415 618 2447 tamquam
643 2415 806 2439 numerata
826 2416 925 2447 pecu-

53 2448 125 2480 nia:
147 2448 242 2489 (tum
270 2449 353 2480 enim
379 2450 475 2488 magis
497 2447 577 2487 quali
595 2447 789 2480 ususfruCtus
806 2449 923 2481 intelli·

53 2489 171 2529 gitur)
200 2489 253 2521 sed
277 2491 393 2531 quibus
419 2490 522 2522 solent
539 2513 549 2528 ‚
573 2498 734 2531 tamquam
761 2491 895 2531 gemmis
913 2512 923 2529 ‚

55 2528 120 2561 five
142 2530 181 2562 ad
194 2539 277 2563 ‘eum
301 2531 431 2564 modurn
455 2532 492 2562 ad
518 2540 612 2572 quem
631 2532 785 2572 gemmis,
810 2532 873 2563 uti:
896 2541 924 2561 a·

57 2570 121 2601 deo
143 2579 219 2603 nota
241 2572 430 2605 locutione:
460 2580 496 2604 ut
512 2572 582 2604 fere
597 2572 710 2604 frustra
728 2574 859 2610 addam,
883 2571 925 2604 fic

60 2610 179 2657 ‹tx-stare
201 2614 284 2652 apud
306 2612 356 2645 Tr
383 2614 557 2654 phoninum
582 2614 602 2645 l.
629 2624 678 2655 37.
717 2614 745 2656 §.
777 2623 802 2646 1.
828 2613 869 2645 D.
893 2615 926 2644 de

60 2653 232 2698 mmorzbus,
255 2653 321 2685 Nec
338 2623 379 2692 Jiy
391 2656 460 2696 quid
483 2664 582 2686 eorum
607 2657 774 2696 commiserit
798 2665 860 2696 quae
872 2662 925 2695 pro

60 2689 196 2737 adulterio
211 2695 304 2726 eadem
319 2695 366 2727 lex
379 2697 483 2736 punit:
515 2697 546 2728 id
567 2695 631 2735 est,
656 2705 815 2737 tamquam
840 2697 925 2728 adul-

60 2738 197 2778 terium..
238 2733 281 2766 Et
307 2738 390 2776 apud
419 2737 633 2776 Suetonium,
673 2738 784 2769 'liberio
822 2748 845 2769 c.
877 2747 924 2777 15.

62 2770 130 2803 Nec
146 2774 303 2814 qmdquam
314 2775 410 2823 postea
431 2784 482 2818 pro
500 2779 716 2819 patrefamilias
730 2781 798 2820 egit.
841 2778 904 2810 Pro
918 2802 927 2818 ,

60 2820 222 2853 tamquam
238 2816 469 2855 paterfamnias.
512 2820 605 2859 Apud
623 2819 831 2860 justinianum
847 2829 926 2860 quo-

59 2862 123 2894 que
145 2853 174 2895 §.
189 2854 243 2885 ult.
263 2855 334 2896 Infi.
356 2859 388 2888 de
403 2859 536 2890 heredum
550 2862 690 2901 qualitate
706 2861 742 2896 δέ)
755 2861 924 2902 differentia

58 2894 180 2934 exstat,
211 2895 273 2944 Pro
297 2898 393 2944 aereae
414 2906 509 2932 autem
529 2911 625 2940 gerere
649 2904 713 2944 quis
738 2905 856 2934 videtur
872 2926 881 2941 ‚
900 2900 929 2940 fi

59 2937 143 2968 rebus
158 2936 337 2984 hereditariis
359 2944 504 2978 tamquam
527 2943 605 2972 heres
619 2948 731 2975 utatur.
774 2943 854 2974 Vult
870 2945 927 2984 igi-

59 2983 112 3008 tur
134 2977 356 3019 Pomponius,
388 2980 486 3021 legari
509 2982 733 3017 usumfruttum
759 2986 926 3017 numisma-

57 3025 127 3093 ῗυίη
151 3025 324 3061 veterum,
356 3022 469 3063 quibus
498 3030 657 3065 tamquam
691 3027 850 3068 gemmis,
880 3026 927 3058 uti

73 3068 92 3092 0
107 3067 172 3094 ent.

1795 123 1865 168 253

1024 213 1051 246 ls
1068 224 1146 246 vero
1165 215 1233 247 usus
1256 222 1323 246 erat
1346 214 1441 246 animi
1465 211 1642 244 obtestatio
1664 215 1704 244 eit
1724 207 1861 244 studiosa

983 263 1091 287 earum
1115 262 1188 290 cum
1204 257 1398 288 collectione
1415 277 1425 295 ‚
1450 262 1516 286 tum
1534 255 1811 294 contemplatione
1827 254 1858 284 ot

983 296 1212 330 ostentatione.
1259 298 1341 329 Eum
1365 297 1451 329 usum
1470 297 1581 328 docuit
1596 305 1648 327 me
1665 296 1784 329 Plinius
1804 295 1854 325 lib.

983 348 1031 378 537.
1060 340 1137 370 Nat.
1163 338 1227 380 hist.
1252 340 1407 371 Proaemio.
1451 338 1556 370 Verba
1583 337 1684 369 Plinii.
1730 337 1855 369 Gemma

973 380 1135 421 supersunt
1153 404 1162 420 ,
1185 380 1221 415 ὃ*
1245 383 1276 412 iii
1297 380 1410 412 arbium
1434 379 1532 411 coatia
1555 389 1651 410 rerum
1666 384 1778 410 naturae
1793 388 1855 409 ma·

975 419 1086 462 jesias,
1111 423 1210 453 multis
1231 422 1314 454 nulla
1330 423 1383 463 sui
1399 428 1484 462 parte
1508 421 1678 452 mirabilior.
1726 420 1854 451 Tantum

981 465 1116 494 tribuunt
1133 465 1290 503 varietati,
1315 464 1472 501 coloribus,
1495 465 1638 501 materia,
1664 463 1773 500 decori,
1788 461 1853 491 vio-

979 503 1149 536 larissetiam
1175 505 1264 547 figitis
1282 515 1412 547 geramus
1434 504 1517 542 nefas
1538 506 1681 535 ducentes.
1724 504 1854 546 Aliquos

979 554 1047 576 vero
1065 551 1149 577 extra
1159 549 1254 587 pretia
1273 547 1333 578 ulla
1356 547 1587 585 taxationemque
1605 546 1801 577 humanarum
1823 553 1855 574 0-

972 592 1046 627 pum
1063 589 1235 619 arbitrantes
1250 612 1260 628 ,
1292 595 1326 619 ut
1342 588 1487 628 plerisque
1516 588 1555 617 ad
1568 587 1718 626 summam
1742 585 1853 626 alisolu-

980 631 1093 669 tamque
1116 639 1211 661 rerum
1233 635 1346 662 naturae
1368 629 1630 669 contemplationem
1643 629 1720 668 satis
1731 626 1772 665 fit
1790 636 1854 659 una

978 670 1079 711 aliqua
1098 680 1221 711 gemma.
1275 670 1377 703 Fuisse
1399 676 1506 702 autem
1530 671 1560 701 in
1585 669 1632 700 his
1663 669 1853 711 ostentatio-

979 720 1072 747 nem,
1097 713 1182 744 1dcm
1199 712 1299 744 refert
1321 713 1438 746 Plinius
1465 713 1522 742 eod.
1547 712 1595 741 lib.
1618 720 1642 741 c·
1664 715 1689 742 1.
1715 719 1853 751 eamque

979 760 994 782 a
1012 753 1143 784 tibicine
1161 754 1312 795 coepiss'e3
1336 754 1388 785 sed
1405 753 1514 793 postea
1532 752 1736 791 hominibus,
1753 753 1852 783 etiarn

975 792 1102 825 summis
1120 817 1130 832 ,
1165 796 1366 827 admirationi
1398 794 1500 826 fuiss‘e.
1561 793 1668 825 Verba
1693 793 1786 825 Plinii
1810 800 1852 825 ex

978 835 1085 866 multis
1109 845 1207 875 pauca
1231 837 1385 878 adscripsi.
1443 836 1557 868 'I'ertius
1577 836 1629 877 qui
1657 836 1748 866 eodem
1782 842 1852 866 tem-

973 877 1114 915 pore-fuit
1131 879 1206 908 inter
1223 878 1357 916 muficos,
1385 879 1581 910 Nicomachus
1605 876 1712 908 multas
1722 885 1852 918 gemmas

978 912 1104 957 habuiffe
1128 918 1256 951 traditur
1272 943 1281 958 ‚
1305 922 1357 960 seii
1390 920 1472 950 niilla
1494 921 1599 960 peritia
1623 917 1746 949 eleetos:
1767 922 1850 958 sorte

979 960 1106 999 quadam
1123 960 1167 990 his
1181 962 1317 1001 exemplis
1341 962 1424 992 initio
1447 962 1604 992 voluminis
1620 960 1722 991 oblatis
1743 961 1849 991 adver·

969 1005 1026 1039 sus
1044 998 1109 1038 ilios
1125 1003 1176 1041 qui
1185 1000 1244 1039 fibi
1258 1003 1332 1033 hanc
1350 1001 1562 1042 ostentationem
1576 1007 1729 1043 arrogent,
1751 1007 1784 1032 ut
1796 1006 1852 1042 pas

978 1040 1036 1071 lam
1058 1040 1125 1080 fit,
1162 1052 1205 1073 eos
1231 1045 1382 1074 tibicinum
1406 1044 1500 1084 gloria
1527 1051 1644 1075 tumere.
1702 1042 1745 1073 Et
1768 1041 1851 1083 post.

977 1083 1114 1114 Gemmas
1134 1084 1235 1124 plures
1251 1108 1261 1124 ,
1299 1087 1374 1126 quod
1391 1087 1543 1126 peregrino
1567 1085 1711 1126 appellant
1737 1086 1851 1115 nomine

975 1123 1228 1164 dactyliothecam,
1245 1127 1360 1166 primus
1373 1128 1500 1157 omnium
1513 1127 1613 1157 babuit
1637 1126 1735 1157 Romce
1753 1127 1851 1166 prima

973 1174 1051 1207 gnus
1073 1166 1158 1206 Sylla
1183 1167 1321 1198 Scaurus.
1344 1169 1450 1209 diuque
1475 1168 1556 1198 nulla
1583 1168 1642 1198 alia
1652 1168 1739 1207 fuit,
1762 1169 1850 1198 donec

976 1206 1129 1248 pompejus
1147 1208 1283 1248 Magnus
1309 1218 1370 1239 eam
1393 1219 1455 1250 quoe
1473 1208 1664 1239 Mithridatis
1679 1208 1769 1250 Regis
1777 1209 1852 1248 fue-

975 1254 1040 1286 rat,
1064 1249 1141 1279 inter
1155 1251 1231 1281 aona
1248 1251 1280 1280 in
1297 1250 1438 1291 Capitolio
1459 1251 1591 1287 dicaret,
1621 1255 1655 1280 ut
1676 1250 1724 1282 M.
1751 1250 1850 1281 Varro

975 1289 1084 1330 aliique
1099 1291 1224 1332 ejusdem
1239 1293 1334 1323 aetatis
1358 1290 1487 1323 auftores
1511 1290 1702 1330 confirmant,
1724 1292 1852 1323 multum

972 1332 1123 1371 pralatam
1141 1333 1256 1365 Scauri.
1299 1333 1365 1364 Hoc
1387 1332 1513 1375 exemplo
1537 1332 1631 1371 Caesar
1647 1332 1852 1373 Ditiatorseae

976 1371 1197 1413 aaayiioziecas
1215 1376 1247 1406 in
1270 1376 1326 1406 aede
1346 1374 1470 1405 Veneris
1486 1374 1645 1405 Genitricis
1661 1375 1851 1414 consecravit.

975 1414 1137 1445 Marcellus
1164 1415 1294 1447 Oc'tavia
1321 1418 1442 1457 genitus
1470 1416 1503 1446 in
1528 1416 1670 1447 Palatina
1702 1416 1848 1456 Apollinis

973 1456 1030 1486 celle
1044 1465 1144 1487 unam.
1192 1456 1311 1488 Praeter
1333 1458 1468 1489 Plinium
1491 1457 1588 1488 etiam
1604 1457 1776 1489 Suetonius
1789 1456 1853 1498 Jua

974 1497 1009 1527 lio
1031 1507 1057 1527 c.
1075 1507 1127 1538 47.
1163 1497 1245 1530 hanc
1270 1507 1337 1530 rem
1361 1500 1462 1539 tangit
1478 1521 1489 1537 ‚
1520 1499 1562 1529 de
1587 1497 1709 1530 Caesare
1733 1498 1776 1530 fic
1802 1501 1853 1531 lo-

975 1546 1096 1578 quens,
1120 1538 1275 1579 Gemmas,
1298 1546 1479 1578 toreumata,
1496 1537 1585 1580 figna
1600 1562 1609 1577 ,
1633 1540 1747 1571 tabulas
1763 1542 1853 1581 operis

975 1581 1093 1621 antiqui
1108 1604 1118 1618 ,
1139 1582 1253 1622 semper
1275 1579 1471 1621 ani'mofiffime
1489 1582 1680 1621 comparavit.
1722 1580 1767 1612 Et
1781 1580 1853 1614 Ho-

974 1621 1071 1654 ratius
1086 1622 1133 1654 lio.
1154 1631 1180 1654 1.
1204 1621 1298 1663 Epist.
1315 1627 1345 1654 6.
1367 1624 1441 1663 vers
1463 1630 1509 1662 17.

1014 1662 1033 1695 1
1047 1672 1145 1703 nunc,
1169 1670 1340 1706 argentum,
1364 1664 1401 1699 {9⁹
1418 1672 1542 1696 marmor
1554 1668 1659 1704 vetus,
1680 1673 1794 1708 ceraque
1809 1664 1853 1704 ἐξ,

1094 1706 1182 1736 arteis

1014 1745 1146 1786 Suspice,
1169 1756 1235 1779 cum
1249 1749 1370 1789 gemmis
1387 1747 1489 1791 Tyrios
1505 1750 1609 1782 mirare
1623 1748 1737 1781 colores.

976 1786 1158 1833 Caeterum,
1179 1788 1258 1820 ficut
1276 1789 1413 1822 Veteres
1431 1791 1462 1822 in
1486 1790 1534 1823 his
1549 1799 1749 1833 gemmarum
1771 1799 1852 1833 quas

972 1827 1135 1860 faciebant
1151 1829 1398 1871 dactyliothecis
1415 1854 1425 1870 ,
1456 1833 1642 1864 varietatem
1656 1855 1667 1871 ‚
1692 1832 1821 1867 colores
1835 1857 1850 1874 ,

971 1871 1158 1917 materiam,⁴
1182 1871 1297 1911 decus,
1320 1873 1460 1914 denique
1484 1876 1565 1906 utin
1582 1872 1696 1915 Pyrrhi
1713 1874 1851 1916 achate,

971 1919 1091 1942 naturae
1116 1912 1293 1953 miracula3
1324 1915 1420 1946 etiam
1443 1914 1483 1946 ab
1507 1924 1575 1947 arte
1603 1914 1767 1949 illustrium
1789 1916 1850 1949 hoa

970 1952 1092 1985 minum
1110 1953 1285 2001 imagines,
1304 1964 1342 1987 ac
1356 1955 1459 1997 figna,
1474 1955 1580 1998 finge,
1597 1956 1728 1998 Augusti
1744 1957 1848 1999 sphin-

968 2003 1063 2035 gem,
1089 1993 1281 2028 Mecaenatis
1305 2006 1433 2037 ranam,
1456 1997 1551 2039 Syllae
1574 1999 1780 2032 traditionem
1794 1999 1849 2040 Ju-

968 2035 1090 2076 gurthae
1108 2058 1118 2075 ,
1149 2035 1324 2084 similiaque
1350 2039 1408 2071 alia
1434 2049 1504 2081 quae
1529 2039 1649 2072 Plinius
1672 2048 1797 2073 enarrat
1814 2043 1846 2074 d.

967 2086 993 2108 c.
1014 2085 1041 2108 1.
1067 2078 1097 2109 ἀ
1114 2079 1351 2123 admirabantur
1372 2081 1403 2113 (St
1425 2081 1645 2114 ostentabant:
1669 2082 1711 2114 fic
1728 2091 1847 2124 magno

967 2118 1080 2164 ardore
1096 2128 1135 2150 ac
1156 2119 1282 2160 sumptu
1306 2129 1416 2154 vetera
1433 2122 1631 2164 colligebant
1654 2125 1846 2157 numismata

968 2168 1001 2191 m
1017 2160 1137 2206 quibus·
1151 2159 1274 2202 Regum
1291 2172 1328 2194 ac
1346 2163 1527 2206 Principum
1540 2165 1665 2204 vultus,
1689 2165 1778 2198 simul
1794 2176 1846 2198 res

970 2201 1058 2232 domi
1075 2200 1221 2248 forisque
1233 2203 1352 2245 gestas,
1374 2205 1514 2247 denique
1529 2215 1661 2238 omnem
1679 2207 1847 2241 vetustatis

971 2251 1179 2283 memoriam,
1203 2244 1259 2276 libi
1282 2246 1416 2287 aliisque
1439 2247 1714 2288 repraesentabant.
1761 2249 1847 2292 Quae

971 2292 1020 2315 res
1046 2293 1117 2316 cum
1144 2286 1182 2317 ad
1204 2287 1298 2318 animi
1330 2287 1360 2319 &
1389 2288 1643 2321 oblectationem
1670 2290 1700 2322 δι
1722 2291 1847 2324 cultum

970 2324 1141 2364 spectaret,
1164 2326 1219 2358 etsi
1237 2328 1375 2361 reditum
1401 2339 1467 2362 non
1492 2331 1581 2362 daret
1596 2354 1606 2369 ‚
1637 2331 1777 2371 aliquam
1800 2333 1846 2364 vi·

969 2367 1102 2398 debatur
1127 2367 1243 2400 habere
1269 2370 1460 2410 utilitatem3
1485 2372 1515 2403 ἀ
1538 2372 1613 2403 ideo
1636 2372 1752 2405 mirum
1779 2382 1847 2407 non

968 2406 1037 2445 est,
1059 2408 1079 2438 si
1103 2409 1330 2442 usumfructum
1356 2414 1501 2453 recipere
1518 2413 1770 2455 intelligeretur,
1791 2414 1847 2448 sal-

967 2457 1006 2479 va
1026 2448 1097 2486 post
1112 2449 1199 2483 usum
1215 2453 1438 2485 numismatum
1455 2453 1633 2486 substantia.

985 2532 991 2537 .
1010 2489 1108 2522 Volui
1134 2491 1186 2523 hic
1208 2493 1318 2525 facere
1345 2494 1442 2526 finem
1464 2494 1554 2535 huJus
1574 2495 1705 2537 capitis:
1727 2496 1781 2530 sed
1798 2506 1846 2530 re-

968 2538 1051 2563 tinet
1069 2541 1121 2579 me
1138 2533 1384 2575 chrysostomus
1403 2547 1410 2568 :
1443 2538 1496 2577 qui
1513 2545 1659 2569 veterum
1676 2540 1846 2572 numisma-

968 2581 1035 2604 tum
1052 2596 1061 2611 ,
1086 2583 1118 2605 in
1142 2576 1252 2616 primis
1276 2577 1447 2609 Alexandri
1476 2577 1607 2620 Magni,
1633 2578 1741 2620 usum,
1765 2590 1846 2621 prae-

969 2622 1017 2646 ter
1043 2615 1127 2647 hunc
1158 2625 1253 2657 quem
1279 2618 1369 2657 dixi,
1407 2619 1501 2651 etiam
1531 2620 1626 2653 alium
1657 2620 1845 2655 Gentilibus

968 2655 1078 2695 suiffe,
1102 2664 1198 2703 atque
1221 2658 1260 2689 ab
1284 2658 1331 2690 his
1354 2659 1393 2691 ad
1418 2660 1613 2694 Christianos
1636 2663 1815 2704 pervenisse
1832 2687 1844 2702 ,

969 2706 1186 2744 conqueritur.
1223 2698 1355 2744 ¹Verba
1385 2700 1633 2743 chrysostomi,
1672 2707 1744 2745 quia
1775 2715 1843 2737 rem

969 2739 1146 2770 notabilem
1164 2740 1355 2782 indigitant,-
1386 2744 1527 2785 apposui.
1550 2744 1620 2777 sunt
1643 2754 1750 2778 autem
1773 2747 1843 2778 haec

969 2779 1020 2810 Aa
1041 2781 1180 2821 populum
1202 2783 1417 2816 Antiochenam
1438 2787 1534 2817 homil.
1557 2796 1606 2818 21.
1637 2789 1676 2819 ad
1693 2787 1750 2827 fin.
1774 2793 1842 2818 tom.

973 2829 999 2851 1.
1019 2827 1095 2869 pag.
1108 2826 1179 2861 246.
1221 2822 1305 2867 Quid
1326 2834 1392 2857 vero
1415 2827 1520 2858 diceret
1541 2829 1583 2860 ali
1603 2829 1650 2859 uis
1671 2832 1704 2860 (le
1725 2829 1769 2859 his
1789 2828 1843 2869 qui

971 2865 1148 2909 carminibus
1174 2863 1212 2899 ὅ)
1233 2868 1370 2908 ligaturis
1391 2874 1520 2900 utuntur
1536 2892 1545 2908 ,
1641 2871 1675 2901 de
1695 2870 1840 2900 circumli-

967 2905 1107 2944 gantibus
1137 2915 1225 2938 aurea
1255 2907 1425 2940 Alexandri
1459 2910 1632 2943 Macedonis
1662 2911 1841 2942 numismata

971 2946 1062 2991 capiti
1084 2945 1132 2977 vel
1145 2948 1295 2988 pedibus?
1317 2951 1363 2981 dic
1385 2951 1457 2982 mihi
1472 2975 1483 2992 ,
1514 2953 1591 2984 haene
1607 2951 1683 2991 sunt
1698 2950 1840 2991 exspesta-

969 2990 1060 3032 tiones
1074 2985 1194 3028 nostrie,
1219 2996 1251 3022 ut
1270 2990 1334 3032 post
1354 3002 1465 3023 crucem
1489 2992 1526 3027 &³
1541 2998 1654 3024 mortem
1669 2993 1840 3026 dominicam

969 3036 1001 3059 in
1012 3028 1131 3070 gentilis
1145 3032 1222 3074 regis
1237 3033 1365 3076 imagine
1370 3033 1454 3076 spem
1462 3034 1574 3076 salutis
1590 3034 1754 3068 babeamus.

1382 3271 1462 3322 lis}

1767 3277 1838 3322 Cat
