2036 3495
134 97 210 134 400

137 187 214 220 gere
239 177 362 210 summo
385 177 465 217 jure.

140 220 370 303 vessgeo'nmbuia
384 257 476 298 injus
491 256 562 287 leno.
589 254 632 286 D.
643 255 726 301 Quid
739 265 782 287 me
797 256 829 286 in
843 257 892 297 jus
905 255 1017 288 vocas?

181 302 235 334 SA.
258 300 322 331 Illic
330 301 423 330 dicam
434 299 512 339 apud
523 297 688 328 Praecorem.
703 298 758 338 fid
773 307 822 339 ego
833 299 865 328 in
868 298 922 339 jus
935 307 1014 331 voco.

141 343 184 375 Et
201 345 232 374 in
248 340 408 372 Aulularia
425 349 455 379 4.
477 347 523 370 10.
539 340 612 379 vers.
632 348 684 380 30.

179 384 253 424 Jam
271 382 383 422 quidem
398 382 436 412 ad
453 379 610 412 Praecorem
626 380 716 412 hercle
733 387 760 412 te
776 381 908 422 rapiam,
925 380 962 415 ὃὸ
977 381 1016 412 ibi

209 423 337 462 scribam
351 423 455 453 dicam.

138 466 244 506 AEque
261 462 416 505 Ulpianus
433 463 452 494 l.
470 472 502 503 ¹1.
520 463 549 504 §.
573 472 598 495 1.
620 462 662 495 D.
681 465 716 496 de
731 464 854 495 edendo:
869 473 941 496 nam
959 474 1013 497 ex-

135 504 261 549 ponens
276 504 397 537 formas
416 505 532 545 quibus
551 505 712 538 actionem
727 516 785 538 reo
801 505 841 536 ab
860 505 968 537 actore
984 516 1015 538 e-

139 549 172 580 di
190 554 341 588 oporteat
359 556 401 579 ex
424 546 542 579 Edicto
566 547 734 586 Praetoris‚
758 548 801 578 ait
818 547 902 578 inter
918 555 1015 579 caete-

137 599 189 629 ra,
207 598 280 621 eum
296 598 426 630 quoque
443 589 622 629 edere‚qui
640 588 851 621 adversarium
862 587 948 620 suum
963 588 1017 629 (fi-

136 640 178 663 ve
192 631 301 672 reum)
317 632 407 663 ducit
421 631 460 662 ad
475 630 601 669 album3
618 630 669 671 (id
680 630 744 668 est,
760 630 799 661 ad
816 630 963 662 Praetoris
974 632 1014 662 al·

134 673 231 714 bum)
252 673 285 704 in
309 682 415 714 eoque
439 672 635 703 demonstrat
652 673 742 713 quod
757 671 930 703 dictaturus
948 671 1012 711 est,

137 715 192 746 vel
208 715 241 745 id
253 715 401 746 dicendo
420 723 484 754 quo
501 716 546 745 uti
564 713 651 745 velit.
681 713 773 745 fuere
789 713 891 752 enim,
908 721 942 744 ut
960 713 1013 744 Ci-

136 764 214 788 cero
230 754 350 795 refert,
367 755 424 787 Pro
446 755 545 794 Roscio
562 756 682 786 comoed.
702 762 763 796 cap.
777 759 805 789 8.
830 765 870 786 eo
889 757 919 786 in
939 755 1013 786 albo

134 796 287 839 expreffae
311 807 353 829 ex
377 797 625 838 uniuscujusque
648 798 786 835 damac,
810 796 943 836 dolore,
967 797 1011 827 in-

134 840 333 877 commodo,
350 839 548 878 calamitate,
563 839 694 879 injuria,
712 838 840 879 publice
856 847 873 869 a
892 837 1011 869 Praeto-

132 890 169 912 re
185 880 333 912 formulae
358 881 397 911 ad
416 890 492 921 quas
510 879 631 920 privata
650 880 686 911 lis
702 880 1012 911 accommodaretur.

134 921 196 954 Sed
214 922 384 963 probatum
403 923 468 962 est,
491 921 583 953 fuiffe
600 923 631 953 in
647 921 761 953 actoris
779 921 929 960 arbitrio,
953 921 1014 961 pri-

135 973 213 996 usne
238 973 329 996 reum
355 964 387 994 in
404 964 453 1004 jus
475 971 626 1002 vocaret,
651 973 690 994 an
707 964 734 994 ei
754 964 837 1001 prius
856 963 967 994 ederet
986 972 1015 993 a-

136 1005 294 1038 ctionem:
318 1014 499 1046 contraque
520 1015 577 1037 reo
594 1014 659 1036 non
676 1004 816 1042 licuisse,
832 1004 891 1035 hac
910 1012 963 1035 aut
981 1005 1016 1035 il-

132 1047 163 1079 la
182 1048 212 1079 in
229 1047 334 1087 specie
356 1056 422 1079 non
442 1046 529 1088 sequi
547 1046 690 1078 atrorem
707 1046 737 1077 in
757 1047 806 1085 Jus
824 1054 1014 1077 vocantem:

129 1087 186 1120 nisi
203 1088 281 1121 esset
299 1097 446 1130 paratus,
464 1091 493 1120 ei
512 1088 581 1120 satis
596 1088 648 1119 vel
664 1095 792 1119 cautum
808 1087 892 1118 dare.
918 1088 1015 1119 inter·

127 1129 192 1162 fuit
211 1139 353 1163 tantum:
379 1129 441 1171 (fic
460 1130 544 1162 enim
563 1128 700 1170 opinor)
722 1129 810 1169 quod
829 1138 899 1161 reus
917 1128 947 1160 in
966 1129 1014 1167 jus

129 1180 290 1212 vocatus,
315 1180 390 1204 ante
416 1173 503 1204 edita
527 1171 580 1203 sibi
600 1171 743 1208 actione,
771 1178 933 1202 teneretur
960 1170 1013 1201 [la-

130 1213 209 1252 tim,
236 1222 334 1255 atque
357 1215 390 1245 in
412 1214 459 1254 jus
479 1212 612 1244 venisset
637 1213 677 1244 ad
694 1212 890 1252 Praetorem‚
914 1211 1014 1243 actori

130 1254 343 1296 respondere,
367 1255 397 1286 ἃ.
425 1264 500 1286 cum
525 1264 567 1285 eo
590 1255 678 1286 litem
704 1253 886 1285 contestari.
919 1262 1014 1293 quam

132 1297 219 1328 enim
234 1297 372 1329 habebat
387 1296 509 1328 causam
524 1297 673 1337 petendae
690 1295 867 1327 dilationis:
885 1296 940 1334 qui
957 1304 1013 1335 po-

132 1345 219 1369 terat
236 1347 363 1378 paratus
380 1337 442 1369 effe
462 1337 515 1370 vel
532 1338 569 1369 ad
589 1336 832 1377 paciscendum,
858 1337 907 1367 vel
923 1338 962 1367 ad
982 1337 1014 1367 li-

132 1380 329 1420 tigandum?
356 1379 407 1411 sed
426 1379 445 1411 fi
465 1380 494 1410 in
510 1380 559 1419 jus
586 1379 731 1416 veniret,
754 1386 828 1408 ante
845 1387 909 1408 non
928 1377 1014 1408 edita

133 1422 280 1454 actione:
299 1420 425 1453 summae
443 1429 510 1451 crat
527 1420 703 1458 requitatis,
721 1419 844 1458 petenti
862 1428 878 1448 a
897 1417 1014 1449 Praeto-

134 1472 170 1495 re
186 1463 323 1494 concedi
341 1462 472 1503 spatium
493 1461 530 1492 ad
556 1460 817 1497 deliberandum,
842 1468 946 1490 utrum
962 1468 1014 1490 ce-

136 1505 234 1542 dere,
259 1513 296 1535 an
316 1503 517 1534 contendere
535 1502 615 1532 ultra
632 1501 766 1539 debeat;
792 1501 822 1532 (St
840 1500 860 1531 si
879 1508 1014 1532 conten-

136 1545 276 1577 dendum
301 1551 419 1584 putet,
445 1542 553 1574 veniat
579 1541 744 1573 instructus
770 1544 810 1574 ad
834 1542 1013 1583 agendum,

132 1583 264 1627 cognita
280 1584 371 1616 causa
389 1593 451 1625 qua
468 1584 681 1615 conveniatur
698 1583 717 1614 l.
740 1593 766 1614 1.
788 1583 831 1613 D.
849 1588 881 1613 σε
897 1585 1012 1614 edendo.

131 1625 313 1659 Humanior
335 1626 430 1667 igitur
455 1633 523 1657 erat
546 1624 703 1665 posterior
726 1625 839 1665 agendi
867 1625 916 1655 via
935 1636 942 1657 :
972 1634 1013 1656 eo

132 1668 223 1710 quod
240 1668 322 1700 hanc
339 1666 511 1709 ingrersus,
533 1675 623 1698 reum
641 1675 706 1697 non
724 1666 825 1697 statim
843 1666 873 1697 in
890 1667 938 1706 jus
959 1676 1013 1697 vo-

123 1710 244 1748 cabat,
261 1708 314 1741 sed
334 1710 362 1741 ei
381 1710 468 1750 prius
486 1708 604 1740 edebat
620 1707 803 1746 aetionem3
819 1708 915 1740 etiam
932 1707 1013 1749 saepe

133 1752 165 1783 ei
183 1751 392 1784 denuntiabat
409 1751 495 1782 diem
512 1759 548 1782 ac
566 1750 674 1782 locum
692 1758 757 1788 quo
775 1758 832 1790 per
848 1749 1014 1789 utriusque

129 1795 253 1826 amicos
277 1793 317 1824 de
348 1792 565 1824 transactione
591 1791 620 1822 ἃ
639 1790 788 1831 pactione
805 1790 1013 1823 tractaretur:

129 1834 200 1867 acsi
217 1833 330 1866 frustra
348 1842 469 1866 tentata
479 1833 664 1871 videretur3
681 1839 748 1864 tum
759 1832 908 1870 demum,
925 1833 1014 1873 quod

129 1876 258 1909 necesse
284 1883 373 1915 erat,
397 1876 436 1907 ad
461 1875 669 1907 vadatiomen
687 1874 739 1905 vel
755 1875 787 1905 in
803 1874 850 1914 jus
870 1874 1014 1905 vocatio-

129 1927 208 1950 nem
233 1918 402 1950 veniebat:
429 1923 463 1948 ut
488 1926 529 1948 ex
554 1915 734 1953 Cicerone,
762 1915 819 1946 Pro
844 1914 970 1959 Quintio
989 1925 1014 1948 c.

131 1971 170 2001 5,
195 1960 394 2001 intelligitur.
433 1958 567 1990 Interim
584 1956 605 1989 ss
621 1957 815 1988 conveniret
831 1966 881 1987 res
899 1957 951 1988 vel
969 1958 1014 1988 in-

129 2010 178 2033 tra
193 2002 349 2042 parietes,
376 2001 426 2032 vel
444 2001 475 2031 in
497 2000 566 2037 via,
583 1999 659 2030 dum
674 1999 703 2029 in
719 1999 767 2038 jus
784 1999 901 2029 iretur:
926 1999 1015 2038 quod

132 2044 277 2081 partibus
293 2042 459 2083 placebat,
478 2049 580 2072 ratum
597 2040 735 2071 habebat
746 2038 815 2070 Lex
829 2038 1014 2071 Duodecim

130 2083 339 2116 Tabularum.
364 2084 437 2115 inde
457 2082 557 2122 Gajus
573 2082 622 2112 lib.
643 2090 667 2112 1.
689 2081 738 2112 All
757 2080 848 2122 Leges
866 2090 938 2112 XII.
959 2080 1013 2112 Ta-

132 2125 283 2163 baiarum,
307 2125 348 2156 fic
368 2126 453 2156 enim
471 2125 559 2155 sonat
578 2122 747 2162 Inscriptio
765 2122 784 2153 i.
803 2132 851 2153 22.
874 2121 915 2153 D.
936 2122 969 2153 de
984 2124 1015 2153 in

128 2169 183 2209 jzis
200 2168 346 2205 vocando)
371 2166 452 2210 Qui,
477 2165 601 2205 inquit,
617 2164 712 2205 injus
727 2170 850 2194 vocatus
865 2161 921 2203 est,
945 2165 1013 2194 duo-

134 2210 186 2239 hus
203 2207 314 2246 cafibzcs
330 2208 518 2238 dimittendus
535 2205 629 2246 esttsi
648 2207 712 2246 quis
727 2205 788 2247 ejus
802 2210 951 2245 personum
968 2207 1014 2235 cie-

126 2250 249 2290 fenciet:
274 2247 349 2286 &fi
367 2250 438 2279 dum
460 2250 491 2279 in
512 2249 563 2289 jus
580 2248 699 2278 venitur
711 2270 720 2285 ‚
743 2247 776 2277 de
790 2256 819 2277 re
835 2245 1016 2277 transubium

152 2292 237 2322 uerit.
773 2292 775 2295 ’

126 2292 153 2332 f
173 2332 238 2363 Etsi
255 2338 360 2363 autem
378 2330 445 2362 Lex
459 2330 604 2371 juberet,
627 2339 730 2362 ratum
748 2329 809 2361 esse
826 2329 952 2370 pastum
970 2329 1011 2361 de

133 2374 275 2405 tollenda
292 2374 366 2405 lite:
392 2382 457 2403 non
477 2380 581 2404 tamen
600 2373 707 2404 omnia
725 2379 832 2402 tuetur
851 2371 1009 2411 hujusmo-

136 2416 166 2446 di
184 2416 281 2454 pasta.
298 2414 422 2445 constat
439 2415 542 2451 enirn,
559 2414 717 2445 astionem
736 2413 828 2454 paCto
846 2413 933 2443 nudo
945 2421 1009 2444 non

133 2455 201 2497 ipso
215 2457 282 2496 jure
299 2455 467 2493 infirmari,
485 2454 537 2486 sed
555 2465 610 2495 per
625 2456 865 2494 exceptionem.
892 2463 952 2494 qua
969 2453 1012 2485 nil

134 2506 216 2537 opus
239 2506 306 2528 erat
326 2509 333 2529 :
364 2497 384 2528 fi
414 2497 649 2537 qualecumque
671 2496 795 2537 pastum
821 2495 1011 2526 auCtoritate

132 2538 318 2571 Duodecim
340 2537 537 2569 Tabularum
561 2537 753 2569 censeretur.
796 2536 883 2568 Huic
901 2537 946 2568 rei
964 2545 1010 2568 ar-

131 2587 320 2621 gumentum
348 2580 488 2618 praebec,
512 2580 599 2619 quod
623 2579 718 2618 pasto
744 2578 783 2609 de
808 2578 919 2618 injuria
942 2577 1009 2618 ipso

131 2622 201 2662 jure
218 2620 342 2651 tollitur
360 2621 539 2659 injuriarum
564 2620 648 2651 actio
665 2621 685 2651 l.
709 2630 755 2660 17.
770 2622 800 2661 §.
824 2628 849 2650 1.
865 2618 902 2653 ἐξ
918 2619 937 2650 l.
958 2628 1007 2659 27.

134 2663 164 2705 ς.
183 2671 211 2702 3.
230 2660 272 2692 D.
291 2662 324 2691 de
336 2661 449 2701 pateis,
473 2662 708 2702 qualecumque
730 2661 857 2702 pastum
875 2661 915 2692 de
933 2661 1009 2700 inju-

131 2705 179 2736 ria
203 2702 277 2734 fiat:
302 2711 475 2741 propterea
495 2706 583 2743 quod
603 2702 673 2734 Lex
693 2702 879 2734 Duodecim
897 2701 1007 2732 Tabu-

132 2746 233 2778 larum
252 2753 321 2784 quae
340 2743 370 2773 id
387 2744 611 2783 confirmavit,
634 2745 690 2785 (ut
706 2753 765 2775 nos
783 2744 882 2775 docet
900 2742 1008 2774 Festus

132 2788 168 2819 in
186 2785 305 2823 verbo,
325 2783 471 2824 Talionz's)
490 2785 674 2826 simpliciter
692 2786 790 2823 dixit,
808 2784 841 2816 Si
856 2786 1010 2816 membrum

133 2828 276 2868 rupserit,
298 2827 329 2856 ni
347 2835 411 2856 cum
426 2834 454 2855 eo
467 2827 566 2864 pacit,
582 2827 649 2858 talio
665 2825 730 2867 esto.
763 2827 804 2857 At
821 2836 886 2857 non
905 2826 946 2857 fic
963 2826 1009 2857 lo-

133 2878 209 2901 cuta
227 2867 290 2899 fuit
307 2866 376 2898 Lex
392 2865 506 2897 nostra.
529 2868 784 2908 circumspectius
803 2868 890 2905 haec,
915 2867 1008 2906 Rem,

132 2911 257 2951 inquit,
268 2909 317 2939 ubi
327 2913 445 2949 pagum
461 2908 597 2939 oracione.
623 2910 757 2948 proinde
773 2910 827 2950 qui
846 2908 915 2940 sunt
930 2909 1008 2940 duo-

133 2953 241 2985 decim
258 2949 399 2981 Tabulas
419 2950 618 2988 interpretati
637 2950 876 2988 jurisconsulti,
899 2949 941 2981 fic
960 2959 1009 2981 ac·

134 2999 294 3034 ceperunt
314 2990 453 3032 Legem,
479 2989 564 3030 quasi
590 2989 793 3023 confirmaret
811 2992 939 3032 quidem
957 3000 1009 3031 pa-

134 3035 184 3067 cta
209 3033 324 3075 quibus
350 3032 474 3073 agitur,
498 3029 550 3062 Ne
576 3037 722 3070 petatur:
745 3041 776 3063 at
794 3042 859 3064 non
879 3034 1009 3071 omnia,

133 3075 191 3107 sed
209 3075 314 3106 verbis
334 3073 528 3105 solemnibus
544 3070 638 3102 facta.
671 3079 786 3103 caetera
803 3075 869 3114 ejus
885 3075 1011 3115 generis

135 3126 203 3148 non
228 3116 380 3148 solemnia
404 3113 595 3156 approbavit
620 3113 749 3145 demum
768 3113 883 3146 EdrClo
902 3114 1011 3147 nostro

134 3157 277 3197 Praetor,
301 3165 409 3189 motus
426 3155 558 3188 naturali
575 3156 736 3195 aequitate.

175 3197 252 3233 Hoc
265 3200 364 3232 modo
382 3198 520 3231 exaudio
537 3195 711 3238 Ulpianum
729 3195 747 3228 l.
762 3204 789 3226 1.
802 3193 842 3226 D.
860 3196 1011 3236 demeris,-

488 174 579 225 clare
603 173 734 206 Plautus
758 173 791 205 in
816 173 906 216 Persa
932 184 961 214 4.
986 183 1016 211 9.

738 85 1049 121 GnRAnnt
1099 85 1332 122 Noonr

1059 176 1085 208 is
1101 175 1301 217 expositurus
1319 175 1384 207 hoc
1400 174 1546 208 Edictum
1569 174 1643 217 (qui
1659 176 1724 216 ejus
1740 186 1809 211 mos
1826 178 1889 218 est)
1906 180 1929 211 i-

1060 218 1173 250 nitium
1197 217 1276 249 facit
1299 218 1338 249 ab
1361 218 1426 258 ejus
1448 218 1732 249 commendatione
1745 219 1796 251 -his
1811 221 1926 252 verbis.

1059 259 1164 300 Hujus
1181 259 1280 291 Edisti
1294 259 1416 300 aequitas
1431 259 1577 290 naturalis
1598 256 1647 299 est.
1679 260 1749 300 quid
1773 261 1846 291 enim
1869 267 1928 292 tam

1060 309 1221 342 congruum
1230 301 1304 342 fidei
1318 305 1450 332 hunianae
1460 324 1469 338 ,
1488 310 1575 341 quam.
1591 309 1623 331 ea
1641 310 1703 341 qnce
1718 301 1794 331 incer
1809 310 1852 331 eos
1863 303 1927 340 pia-

1059 341 1335 382 cueruntservare?
1356 342 1408 374 Sic
1426 341 1595 373 Florentiae
1613 342 1737 373 editur:
1761 342 1844 372 nulla
1861 352 1928 374 ora-

1058 383 1154 416 tionis
1166 383 1271 415 forma
1288 390 1343 415 aut
1358 383 1534 422 sententia;
1557 382 1578 414 fi
1600 383 1744 414 audimus
1761 382 1929 416 Elbertum

1058 424 1238 456 Leoninutn
1256 424 1295 456 V.
1312 425 1372 456 CL.
1389 425 1437 456 lib.
1452 433 1476 455 1.
1496 424 1616 456 Emend.
1629 434 1652 455 c.
1666 427 1713 455 16.
1728 433 1758 455 n.
1775 432 1801 455 1.
1825 433 1864 455 ex
1876 434 1930 456 ran-

1058 466 1229 507 tiquiffimo
1239 476 1332 498 manu
1342 466 1459 507 scripto
1470 466 1585 497 codice
1600 474 1811 506 reponentem
1822 488 1830 503 ,
1847 464 1931 510 Quid

1058 508 1133 538 enim
1148 509 1241 549 magis
1257 509 1389 540 humanm
1399 507 1473 547 fidei
1487 505 1527 548 esi
1544 516 1703 548 congruum
1718 509 1729 547 η]
1738 516 1825 548 quam
1838 516 1870 537 eci
1885 508 1931 539 ob·

1060 550 1173 588 servari
1186 559 1248 591 quse
1260 551 1337 580 inter
1348 550 1475 580 homines
1488 550 1672 589 placuerunt.
1723 549 1764 579 ed
1780 548 1864 579 bene
1880 547 1931 580 ha-

1059 591 1115 622 bet
1133 589 1320 622 Florentina
1336 590 1449 622 lectio:
1473 590 1572 623 solitis
1589 589 1669 631 saepe
1686 588 1857 621 Veteribus
1869 613 1879 628 ,
1895 589 1930 622 in

1059 631 1204 664 sermone
1223 641 1324 672 genus
1340 641 1479 670 mutare,
1503 632 1584 663 facta
1602 632 1759 664 relatione
1776 633 1874 672 magis
1891 631 1930 663 ad

1057 674 1317 705 antecedentium
1329 673 1499 705 verborum
1515 672 1634 705 sensum
1646 696 1654 711 ,
1671 682 1762 713 quam
1779 673 1818 704 ad
1834 673 1932 704 verba

1057 715 1172 756 quibus
1188 715 1213 746 is
1229 713 1330 745 sensus
1344 715 1540 746 continetur.
1556 715 1586 746 id
1604 715 1726 754 pridem
1742 713 1863 745 ostendi
1879 713 1928 745 lib.

1060 766 1085 788 1.
1107 756 1228 797 Olyerv.
1240 766 1264 786 c.
1280 766 1310 795 4.
1335 755 1387 787 ubi
1405 757 1497 787 vide:
1514 755 1534 787 fi
1552 756 1628 787 tanti
1645 754 1690 787 iit.
1716 755 1846 787 Interim
1861 764 1930 786 mo-

1057 798 1160 836 nebo,
1186 795 1326 838 Ulpiano
1343 797 1505 837 duplicem
1528 797 1590 828 esse
1609 798 1811 836 aequitatem:
1837 805 1930 828 unam

1057 839 1231 870 naturalem
1243 862 1252 876 ,
1269 838 1399 870 alteram
1410 839 1538 870 civilem
1554 837 1572 869 l.
1589 848 1612 870 1.
1632 837 1660 878 §.
1683 847 1708 869 1.
1727 837 1767 868 D.
1793 838 1825 867 Si
1841 839 1864 868 is
1881 839 1932 879 qui

1059 878 1222 921 testamento
1238 879 1307 910 liber
1323 879 1374 920 effe
1386 878 1483 921 jztffiis
1501 881 1565 911 eric.
1611 879 1773 911 Naturalis
1796 880 1928 919 aequitas

1060 922 1105 952 eli
1121 922 1168 962 jus
1191 921 1353 958 naturale,
1376 930 1436 951 una
1462 921 1607 952 constans
1629 921 1753 952 ratione
1777 921 1929 959 naturali,

1060 972 1149 1004 aequa
1166 962 1316 994 omnibus
1333 962 1527 994 hominibus.
1554 962 1665 993 Civilis
1680 962 1809 1002 aequitas
1825 960 1868 992 est
1882 962 1931 1001 J'us

1060 1005 1174 1043 civile,
1192 1005 1317 1035 servans
1327 1004 1512 1044 aequitatem
1528 1003 1611 1034 inter
1629 1004 1717 1035 cives
1734 1003 1874 1043 ejusdem
1891 1003 1933 1035 ci-

1061 1046 1178 1077 vitatis.
1203 1055 1269 1086 quo
1287 1044 1374 1078 sensu
1393 1043 1511 1076 Cicero
1529 1045 1560 1076 in
1582 1044 1692 1084 Topicis
1706 1054 1731 1076 c.
1748 1055 1785 1083 2,
1807 1044 1868 1085 les
1885 1044 1933 1076 Ci-
1956 1055 1957 1058 ¹

1058 1088 1136 1126 vile,
1165 1087 1269 1127 inquit
1281 1111 1290 1126 ,
1311 1084 1349 1128 esi
1373 1088 1494 1128 aequitas
1515 1084 1671 1126 constituta
1686 1086 1722 1117 iis
1738 1088 1789 1128 qui
1806 1087 1930 1127 ejusdem

1059 1129 1189 1160 civitatis
1196 1130 1273 1169 sunt
1280 1151 1290 1167 ,
1308 1130 1345 1160 ad
1361 1128 1485 1168 ressuas
1499 1129 1678 1160 obtinendas.
1708 1127 1754 1159 lta
1771 1127 1833 1159 huc
1849 1128 1931 1159 redit

1059 1170 1188 1211 Ulpiani
1207 1170 1466 1203 commendatio:
1485 1170 1572 1210 quod
1589 1169 1689 1201 homo
1706 1169 1826 1201 homini
1844 1177 1932 1200 natu·

1057 1213 1113 1244 rali
1133 1212 1284 1252 aequitate
1302 1212 1399 1243 debet
1417 1212 1588 1243 veritatem
1598 1210 1642 1243 ⁴ac
1657 1210 1771 1243 fidem:
1787 1211 1860 1249 quia
1875 1211 1932 1242 ho-

1058 1263 1113 1285 mo
1131 1253 1253 1284 homini
1272 1253 1404 1284 naturali
1420 1253 1544 1284 ratione
1560 1253 1658 1284 debet
1674 1261 1771 1283 omne
1787 1252 1851 1283 fine
1866 1261 1931 1292 quo

1058 1294 1139 1326 salva
1155 1294 1218 1326 esse
1231 1295 1312 1325 inter
1327 1303 1384 1325 eos
1400 1294 1512 1333 nequit
1528 1293 1671 1325 societas.
1688 1294 1763 1324 huic
1778 1303 1875 1334 porro
1887 1294 1932 1325 ni-

1058 1336 1104 1367 hil
1122 1336 1220 1376 magis
1238 1335 1413 1374 convenit,
1430 1344 1523 1375 quam
1542 1344 1611 1376 quae
1629 1336 1712 1366 inter
1727 1344 1784 1365 eos
1802 1335 1930 1376 placue-

1057 1385 1130 1409 runt
1142 1402 1151 1416 ,
1168 1377 1302 1417 impleri.
1328 1384 1476 1408 movetur
1491 1377 1585 1417 igitur
1605 1376 1657 1408 hic
1674 1376 1795 1408 Praetor
1813 1377 1851 1408 ad
1871 1376 1931 1407 ser-

1058 1419 1159 1450 vanda
1176 1418 1264 1458 patra
1281 1419 1412 1449 naturali
1429 1420 1590 1458 aequitate.
1632 1418 1674 1450 At
1691 1427 1746 1449 cur
1763 1420 1807 1449 ait
1825 1415 1932 1458 Ulpia-

1056 1469 1134 1498 nus,
1158 1459 1309 1499 naturali3
1333 1468 1406 1490 cum
1429 1469 1494 1491 non
1514 1460 1617 1491 minus
1633 1460 1735 1490 civilis
1751 1460 1879 1499 aequitas
1898 1458 1932 1490 fi-

1057 1502 1130 1532 dem
1150 1500 1260 1532 servari
1273 1500 1408 1541 jubeat?
1433 1500 1516 1531 Mihi
1534 1511 1611 1533 vero
1628 1500 1799 1539 succurrit,
1815 1500 1932 1531 Praeto-

1057 1543 1082 1573 ri
1101 1541 1164 1573 effe
1180 1541 1378 1582 propositum
1404 1541 1467 1572 hoc
1487 1541 1623 1581 Edicto,
1646 1542 1752 1583 egredi
1776 1541 1930 1582 angustias

1056 1582 1156 1624 Legis
1178 1582 1363 1615 Duodecim
1388 1581 1605 1615 Tabularum:
1630 1591 1751 1614 tantum
1771 1584 1933 1622 probantis

1057 1627 1148 1666 pacta
1171 1625 1338 1662 oratione,
1364 1624 1395 1656 id
1413 1623 1474 1663 est,
1502 1632 1536 1656 ut
1553 1625 1638 1662 dixi,
1662 1625 1863 1664 solemniter,
1885 1623 1932 1655 fa-

1057 1667 1125 1699 fta:
1150 1675 1223 1698 cum
1243 1666 1365 1697 Praetor
1383 1667 1479 1697 etiarn
1497 1665 1599 1697 servet
1615 1675 1680 1698 non
1699 1665 1857 1698 solemnia.
1886 1665 1932 1698 est

1057 1708 1153 1748 igitur
1169 1708 1259 1749 hujus
1274 1706 1378 1738 Edisti
1397 1708 1528 1747 aequitas
1544 1717 1609 1739 non
1628 1707 1751 1747 civilis,
1773 1706 1824 1739 sed
1841 1714 1931 1739 natu·

1057 1750 1140 1781 ralis.
1164 1749 1199 1780 ld
1218 1750 1373 1780 convenit
1387 1749 1463 1780 huic
1484 1748 1670 1787 Ciceronis,
1685 1749 1736 1781 Ad
1750 1748 1932 1780 Herennium

1055 1791 1104 1821 lib.
1116 1800 1145 1822 2.
1162 1798 1224 1831 cap.
1239 1800 1286 1831 13.
1302 1789 1476 1831 Paffasnnc
1491 1800 1554 1832 qua·
1570 1790 1679 1832 legibus
1694 1791 1869 1830 observanda
1879 1790 1929 1822 boc

1056 1834 1146 1863 modo.
1193 1831 1266 1863 Rem
1282 1833 1332 1863 ubi
1342 1838 1460 1873 pagum
1477 1833 1621 1871 oratione,
1645 1840 1747 1864 ratum
1762 1832 1846 1864 esto:
1870 1832 1932 1872 (ita

1059 1873 1151 1915 supra
1165 1873 1305 1912 restitui)
1323 1875 1355 1905 ni
1370 1875 1412 1905 ita
1424 1880 1559 1916 pagum,
1582 1875 1614 1905 in
1629 1875 1756 1913 comitio,
1781 1880 1832 1906 ant
1846 1873 1932 1913 info-

1059 1925 1089 1946 ro
1111 1921 1179 1946 ante
1198 1916 1343 1946 meridiem
1360 1918 1477 1954 causam
1490 1916 1631 1957 conjicito.
1676 1915 1753 1946 Sunt
1769 1917 1836 1947 item
1846 1914 1934 1956 pasta

1058 1966 1121 1998 quae
1145 1956 1205 1994 fine
1231 1956 1340 1997 legibus
1363 1958 1554 1992 observantur
1571 1966 1607 1988 ex
1625 1963 1768 1988 conventu
1791 1967 1852 1997 quae
1867 1956 1933 1997 juri

1054 1996 1190 2039 praestare
1204 1999 1356 2029 dicuntur.
1381 1997 1429 2029 illi
1445 2007 1576 2038 quoque
1592 2007 1632 2029 ex
1647 1998 1693 2028 lib.
1706 2008 1735 2029 2.
1754 1997 1801 2028 De
1816 1999 1928 2029 invent.

1058 2047 1121 2079 cap.
1139 2049 1188 2070 22.
1222 2039 1444 2079 Consuetudinis
1454 2039 1506 2080 jus
1520 2038 1571 2079 effe
1582 2044 1709 2079 putatur
1722 2040 1769 2077 id,
1790 2039 1864 2079 quod
1880 2048 1930 2069 vo-

1058 2081 1172 2112 luntate
1187 2081 1314 2111 omnium
1322 2079 1387 2117 fine
1403 2080 1462 2121 lege
1476 2078 1605 2119 vetustas
1622 2081 1817 2120 comprobarit.
1850 2081 1880 2109 in
1895 2088 1929 2110 ea

1058 2128 1154 2153 utitem
1163 2122 1237 2163 jura
1244 2124 1319 2160 sunt
1337 2122 1467 2161 quaedam
1481 2123 1540 2160 ipsa
1549 2122 1613 2162 jum
1630 2128 1706 2152 cerm
1718 2127 1834 2161 propter
1848 2126 1929 2151 vetu-

1051 2161 1169 2204 statem.
1195 2162 1260 2194 Ono
1280 2164 1311 2192 in
1324 2171 1425 2203 genere
1442 2162 1478 2196 ὅς’)
1494 2163 1552 2193 alia
1568 2164 1636 2200 lunt
1652 2162 1763 2201 multa,
1781 2162 1817 2196 ὃ)
1832 2172 1929 2193 eorum

1059 2204 1147 2235 mulio
1173 2195 1303 2234 nmium
1314 2211 1403 2243 pars,
1426 2213 1488 2244 quce
1504 2204 1642 2234 Praetores
1659 2206 1763 2234 edicere
1778 2206 1927 2234 consueve-

1057 2251 1139 2276 runt.
1172 2244 1315 2289 Qgcseciam
1328 2251 1422 2276 autem
1437 2254 1542 2286 genera
1553 2245 1632 2286 juris
1642 2246 1707 2286 jam
1721 2251 1798 2275 certa
1814 2245 1928 2282 confue-

1058 2288 1158 2318 tudine
1166 2286 1348 2326 faeiabsunt.
1385 2285 1472 2331 Quod
1484 2296 1594 2326 genus,
1606 2286 1723 2325 paetum
1734 2309 1743 2324 ,
1754 2292 1829 2327 par,
1848 2287 1928 2327 judi-

1054 2335 1162 2359 catum.
1190 2327 1315 2359 Pactam
1327 2325 1385 2367 esi,
1401 2328 1476 2368 qnod
1490 2329 1566 2359 inter
1579 2329 1688 2369 aliquos
1705 2329 1837 2359 convenit
1852 2329 1927 2369 quod

1049 2371 1113 2412 jam
1136 2371 1180 2401 im
1198 2367 1313 2411 justum
1334 2376 1478 2409 putatur,
1505 2374 1539 2399 nt
1556 2369 1622 2410 juri
1644 2367 1775 2409 praeliare
1797 2370 1923 2400 dicacur.

1057 2411 1150 2443 Clare
1167 2410 1295 2450 exposui
1314 2409 1415 2441 Edieti
1433 2410 1600 2441 rationem.
1627 2410 1752 2441 Licebit
1770 2417 1872 2441 tamen
1889 2409 1924 2441 fi-

1055 2453 1130 2484 mile
1156 2453 1230 2492 quid
1247 2451 1407 2482 adducere
1424 2461 1464 2482 ex
1481 2451 1500 2482 i.
1523 2461 1549 2482 1.
1567 2451 1609 2483 D.
1628 2453 1661 2483 de
1677 2453 1847 2482 minoribus:
1870 2450 1924 2482 ubi

1055 2493 1142 2525 simili
1162 2494 1454 2524 commendationis
1472 2492 1575 2524 forma
1593 2491 1766 2533 Ulpianus,
1785 2492 1865 2531 Hoc,
1881 2493 1926 2524 in-

1055 2537 1143 2575 quit,
1159 2533 1297 2565 Euthiam
1315 2534 1423 2565 Praetor
1439 2534 1602 2565 naturalem
1619 2536 1778 2576 aequitaiem
1791 2535 1925 2575 sequutus

1048 2577 1214 2617 proposuit,
1237 2585 1292 2617 quo
1311 2575 1429 2606 tutelam
1451 2577 1736 2617 minorumsuscepit.
1772 2574 1924 2614 Ulpianus

1051 2618 1130 2649 nihil
1146 2618 1228 2648 aliud
1247 2616 1404 2656 delignat,
1421 2625 1514 2657 quam
1532 2618 1618 2657 quod
1632 2617 1750 2648 Praetor
1764 2617 1794 2648 in
1812 2616 1866 2648 illo
1885 2615 1925 2647 E-

1052 2659 1139 2691 dicto
1155 2668 1220 2689 non
1233 2657 1366 2689 substitit
1381 2659 1462 2689 intra
1480 2657 1600 2700 Legem
1618 2657 1807 2690 Laetoriam:
1825 2658 1924 2690 mino-

1052 2702 1138 2732 ribus
1159 2699 1417 2737 subvenientem,
1450 2709 1514 2731 non
1532 2700 1660 2740 quidem
1678 2699 1842 2737 omnibus,
1872 2698 1924 2729 sed

1052 2740 1316 2782 circumscriptis:
1334 2749 1367 2771 ut
1383 2750 1442 2772 nos
1460 2742 1559 2772 docet
1575 2741 1693 2772 Cicero
1708 2741 1755 2772 lib.
1773 2751 1801 2779 53.
1818 2740 1864 2771 De
1879 2740 1922 2779 of-

1048 2783 1147 2824 ficiis.-
1172 2791 1244 2814 cum
1263 2782 1384 2813 Praetor
1400 2782 1500 2822 lapsos
1519 2782 1689 2824 fragilitate
1705 2781 1824 2814 confilii
1841 2782 1922 2822 adju-

1054 2833 1128 2863 vet,
1151 2823 1207 2855 etii
1223 2833 1288 2855 non
1306 2823 1363 2855 lint
1378 2824 1599 2856 circumventi.
1624 2833 1690 2855 non
1705 2824 1800 2861 igitur
1815 2824 1923 2862 sequu-

1053 2874 1103 2898 tus
1119 2865 1240 2897 Praetor
1265 2875 1306 2896 eo
1326 2864 1441 2896 Edicto
1460 2866 1587 2897 civilem
1606 2864 1650 2896 Le
1677 2866 1701 2895 is
1717 2864 1864 2896 Laetoriae
1879 2872 1922 2895 ra-

1053 2908 1195 2945 tionem,
1221 2906 1273 2938 sed
1291 2907 1483 2938 naturalem:
1507 2916 1543 2938 ea
1559 2907 1629 2947 lege
1659 2907 1779 2937 olutam
1795 2914 1831 2936 ac
1847 2905 1922 2936 libe-

1054 2958 1130 2981 ram.
1159 2948 1209 2979 Ad
1228 2949 1376 2979 eumdem
1392 2949 1525 2979 modum
1541 2948 1668 2988 accipio
1685 2947 1749 2978 hoc
1765 2945 1836 2986 Gaji
1852 2946 1871 2976 l.
1889 2955 1920 2976 2.

1054 2990 1098 3022 D.
1133 2989 1219 3020 Unde
1236 2991 1361 3032 cognati.
1392 2988 1463 3020 Hac
1477 2995 1561 3030 parte
1576 2988 1730 3028 Proconsui
1743 2986 1872 3018 naturali
1885 2996 1921 3017 ιε-

1053 3033 1163 3073 quitata
1174 3037 1266 3062 motus
1281 3032 1410 3062 omnibus
1427 3032 1555 3071 cognatis
1561 3031 1704 3070 promittit
1718 3030 1850 3058 honorum
1858 3034 1921 3066 pos-

1045 3071 1194 3114 Jeffionem
1208 3072 1436 3114 qnossanguinis
1449 3074 1522 3103 ratio
1536 3077 1620 3102 <vocat
1629 3072 1666 3101 ad
1680 3069 1858 3099 hereditatem
1867 3090 1877 3104 ‚
1886 3067 1920 3097 li-

1054 3122 1097 3145 cet
1107 3115 1174 3156 jure
1190 3114 1271 3145 civili
1286 3113 1433 3153 deficiant.
1481 3112 1579 3154 Gajus
1595 3110 1730 3151 appellat
1746 3108 1921 3154 naturalem

1055 3156 1237 3196 aequitatem
1248 3164 1319 3196 qua:
1329 3154 1459 3186 excedit
1473 3154 1552 3185 fines
1568 3152 1661 3192 Legis
1670 3148 1851 3181 Duodecim
1858 3148 1922 3180 Ta-

1054 3198 1218 3237 bularum,
1236 3204 1358 3229 tantum
1373 3195 1444 3228 suos
1460 3196 1490 3227 ἃ
1505 3200 1636 3235 agnatos
1654 3191 1798 3223 vocantis
1815 3190 1853 3222 ad
1870 3190 1923 3260 trig-
