2036 3495
192 78 259 115 15¹0
605 69 638 109 G
668 85 690 108 n
724 87 746 110 R
778 84 799 108 A
831 86 853 110 R
888 84 912 109 n
947 86 958 111 i

190 167 298 192 menta
324 158 442 192 Latinis
460 158 529 191 sunt
552 162 673 200 quaevi's
695 160 918 200 instrumenta,
941 164 980 195 ad
997 174 1062 197 rem

188 201 400 233 exercendam
419 201 634 239 tuendamque
653 202 831 234 neceffaria.
878 204 953 236 Hoc
977 204 1063 237 sensu

188 241 350 274 vinearum
366 249 558 272 armamenta
576 243 655 273 dixit
668 242 838 276 Pliiiiuslib.
853 253 897 285 17.
911 243 987 286 Hzst
1000 252 1060 278 nat.

188 292 212 314 c.
230 292 275 314 21.
299 291 358 322 pro
375 282 594 322 pedamentis,
618 284 767 324 perticis,
791 286 867 325 palis
879 309 889 324 ‚
906 288 1060 327 vinculis,

187 324 320 363 aliisque
340 321 552 355 instrumentis
575 324 613 355 ad
638 325 739 356 vineae
762 327 916 358 culturam
935 330 1059 369 paratis.

186 364 310 395 Eodem
322 364 423 394 modo
440 365 526 395 navis
543 374 738 397 armamenta
754 366 823 399 sunt
833 369 928 406 remi,
947 369 1060 409 funes,

184 405 355 443 auctione,
371 404 497 442 fimilia,
514 407 597 444 apud
615 407 803 440 Suetonium
823 408 955 452 Augusto
972 421 995 442 c.
1015 421 1061 452 17.

185 446 216 477 ἁ
230 446 386 486 julianum
403 446 420 478 l.
433 451 461 478 6.
473 446 514 477 D.
527 446 574 477 De
589 448 641 489 leg.
661 449 749 481 Rhod.
774 449 873 491 Igitur
888 461 1060 484 armamen-

183 494 214 517 ta
231 497 247 518 a
265 496 345 519 nave
364 487 521 528 separata,
538 487 655 529 finguia
671 499 762 522 erunt
776 492 978 532 vindicanda,
997 494 1058 524 sca—

182 528 247 569 pha
266 537 398 568 quoque
417 528 580 569 separatim
607 531 820 564 vindicabitur
837 533 854 564 l.
872 544 901 575 3Δ
921 534 948 575 §.
973 544 995 565 i.
1016 534 1056 566 D.

181 570 209 600 h.
220 574 242 601 t.
266 571 339 611 quia
357 569 468 609 scapha
484 580 547 602 non
566 571 710 603 cohaeret
726 575 808 605 navi.
825 574 891 606 imo
909 575 954 607 est
970 577 1057 608 navis

178 619 292 651 parva,
313 611 364 642 sed
383 611 538 652 separata:
558 613 634 644 sicut
655 616 732 645 remi
753 616 782 646 dt
801 617 911 655 conti,
933 617 1056 656 aliaque

179 652 354 685 consimilia
375 653 461 685 navis
477 663 688 694 armamenta,
714 656 741 687 ei
760 666 824 687 non
841 658 1055 698 cohaerentia,

176 702 243 725 non
255 693 323 725 funt
335 695 421 726 navis
433 695 593 733 membra,
610 705 715 736 neque
732 699 818 730 navis
831 701 961 730 nomine
980 709 1055 732 con-

175 735 335 767 tinentur:
359 737 487 776 quando
505 738 612 774 navis,
631 738 681 770 vel
698 748 874 777 exarmata,
893 743 980 772 navis
998 741 1052 773 est.

176 776 284 808 omnia
309 785 423 809 contra
442 777 513 808 navi
537 778 643 818 juncia
664 803 673 816 ‚
698 781 796 811 veluti
820 782 1052 822 gubernacula,

172 819 293 855 malus,
310 826 454 850 antennae
465 842 474 854 ,
493 821 598 850 velum
610 843 618 857 ,
635 820 717 861 quasi
730 824 816 853 navis
828 824 970 855 membra
984 824 1052 856 sunt

174 859 194 890 l.
211 870 261 898 44.
285 860 328 890 D.
354 862 387 890 de
403 859 535 891 evifflon.
575 860 724 894 Tei-tium
750 873 848 904 genus
875 874 1048 905 corporum

172 900 314 932 consistit
331 911 371 932 ex
387 901 574 934 distantibus
591 903 764 943 capitibus:
789 913 822 936 ut
837 915 925 947 grex.
952 909 978 937 dt
999 908 1047 938 hic

172 942 279 980 potest
305 952 369 973 uno
395 943 547 974 vindicari
572 945 719 977 nomine:
743 947 815 985 quia
834 956 867 978 ut
885 949 972 988 plura
990 949 1047 980 sint

171 983 203 1014 in
221 988 319 1025 grege
336 985 457 1024 capita,
481 984 686 1018 nihilominus
704 987 845 1020 universa
864 998 928 1020 uno
945 992 1047 1021 conti-

169 1034 287 1057 nentur
312 1027 444 1057 nomine
467 1027 495 1058 δι
518 1036 656 1067 corpore
679 1029 698 1059 l.
726 1039 750 1060 1.
775 1029 802 1072 ᾗ.
832 1031 885 1062 ult.
913 1030 954 1062 D.
977 1033 1004 1062 h.
1025 1037 1046 1063 t.

167 1065 298 1105 possunt
322 1076 427 1099 tamen
455 1078 495 1099 ex
511 1078 608 1110 grege
631 1071 726 1102 etiam
747 1070 863 1116 singula
879 1071 983 1112 capita
1001 1072 1042 1103 se·

161 1109 296 1148 paratim
324 1109 494 1141 vindicari:
519 1117 552 1141 ut
578 1120 686 1142 natura
713 1111 781 1143 sunt
801 1113 944 1148 diducta:
970 1114 1045 1145 licet

163 1150 296 1181 nomine
315 1159 352 1181 ac
370 1151 440 1190 jure
461 1152 695 1193 conjungantur
713 1153 731 1184 l.
756 1164 801 1195 23.
823 1155 849 1196 ᾗ.
865 1166 895 1195 5.
924 1155 957 1185 D,
976 1157 1003 1186 ί).
1022 1162 1041 1187 t.

164 1189 244 1222 Hoc
262 1192 292 1222 in
309 1201 415 1233 grege.
435 1192 510 1233 quid
525 1193 554 1224 in
575 1195 729 1234 peculio?
746 1196 787 1226 ait
803 1196 942 1234 Julianus
960 1197 978 1227 l.
989 1202 1039 1236 56.

164 1231 208 1263 D.
219 1233 246 1263 b.
260 1238 280 1263 t.
301 1243 364 1264 non
383 1241 416 1265 ut
434 1235 557 1276 gregis,
575 1237 617 1266 ita
634 1236 768 1275 peculii,
789 1237 1038 1270 vindicationem

166 1273 331 1311 placuiss'e:
354 1276 449 1315 igitur
471 1285 626 1315 oportere
652 1287 723 1308 eum
751 1280 799 1308 cui
826 1279 985 1318 peculium
1005 1280 1040 1312 fit

164 1314 324 1356 legatum,
341 1325 404 1348 non
424 1318 602 1358 peculium,
619 1316 671 1349 sed
690 1318 820 1360 {iugulas
836 1330 903 1358 τες,
921 1329 1040 1360 petere.

164 1357 198 1387 id
210 1365 272 1388 tam
285 1359 367 1388 varie
379 1369 386 1389 :
405 1360 475 1398 quia
486 1368 562 1398 grex
574 1358 712 1400 designat
725 1361 959 1393 universitatem
971 1372 1041 1394 cor-

164 1401 280 1438 porum
298 1398 515 1431 uniformium.
542 1402 701 1440 peculium
722 1410 835 1433 contra
860 1404 953 1434 etiam
977 1405 1042 1443 jura

167 1439 198 1470 ἀ
217 1439 345 1471 nomina
370 1441 527 1472 continet.
551 1442 638 1481 quod
662 1442 682 1473 si
708 1442 777 1474 haec
800 1445 884 1476 nulla
908 1445 1041 1478 habeat:

163 1488 270 1512 tamen
292 1480 416 1521 poffiint
434 1483 464 1513 in
484 1492 525 1513 eo
541 1481 603 1513 esse
621 1484 726 1514 omnis
742 1486 867 1524 generis
885 1495 1039 1527 corpora,

164 1529 227 1553 tam
246 1521 320 1560 soli,
345 1531 438 1562 quam
455 1523 603 1561 mobilia,
628 1532 691 1556 tam
710 1526 874 1566 animalia,
897 1537 990 1568 quarn
1009 1538 1040 1559 a-

161 1564 244 1594 nima
262 1565 416 1595 carentia:
433 1574 605 1605 corporum
625 1575 702 1597 vero
719 1567 748 1598 ἃ
766 1577 869 1600 rerum
888 1578 950 1601 tarn
961 1570 1041 1601 diffi-

161 1603 283 1636 milium
301 1606 485 1646 conjunctio
497 1629 506 1645 ‚
524 1607 579 1639 vix
596 1607 660 1645 est,
676 1617 709 1640 ut
725 1618 821 1640 unum
833 1633 843 1649 ‚
859 1610 956 1651 idque
972 1620 1040 1643 cer-

161 1652 248 1684 tum,
274 1655 392 1686 corpus
413 1646 538 1680 efficiat.

205 1686 267 1718 Sed
286 1696 436 1728 apparet,
454 1690 497 1720 rei
514 1690 732 1730 appellatione
748 1692 913 1733 fignificari
927 1703 942 1724 a
959 1693 1040 1725 Prae-

158 1735 231 1759 tore
249 1738 298 1759 res
317 1728 468 1771 fingulas,
493 1730 544 1762 seu
562 1741 699 1772 corpora
716 1733 849 1774 flnguia:
873 1745 909 1766 ac
928 1737 1037 1775 proin-

157 1770 199 1801 de
216 1778 369 1811 oportere
386 1773 415 1802 in
435 1782 500 1804 rem
518 1772 661 1805 asturum
678 1774 838 1815 designare
850 1800 858 1814 ‚
870 1786 973 1808 utrum
992 1786 1037 1807 to-

158 1817 222 1842 tam
237 1821 296 1849 ‚an
315 1821 436 1852 partem
455 1814 484 1845 ὅ(
497 1823 647 1854 quotam,
664 1824 772 1856 petat:
789 1826 921 1857 nempe,
939 1826 972 1849 ut
990 1820 1036 1850 in-

158 1853 282 1894 telligat
299 1863 389 1893 reuS,
408 1855 483 1895 quid
500 1863 646 1895 petatur;
671 1857 700 1888 ἀ
717 1857 820 1897 Judex
838 1860 878 1890 de
896 1869 961 1900 quo
980 1862 1033 1891 de-

157 1894 234 1925 beat
245 1895 462 1936 cognoscere3
477 1895 563 1928 simul
583 1899 657 1938 quid
674 1899 738 1938 ejus
757 1900 890 1931 arbitrio
902 1902 1034 1942 petitori

153 1935 384 1969 restituendum
400 1937 445 1968 fit.
473 1940 607 1978 primum
624 1948 756 1979 oportet
774 1950 839 1972 rem
858 1951 874 1973 a
892 1944 1033 1982 petitore

156 1976 333 2018 defignari:
358 1988 394 2010 ac
419 1980 550 2011 modum
576 1981 732 2021 exemplis
759 1983 899 2015 declarat
924 1984 1037 2017 Paulus

155 2019 174 2050 l.
195 2022 224 2049 6.
242 2018 282 2051 D.
303 2019 330 2051 b.
347 2026 368 2051 t.
395 2030 465 2061 quae
489 2020 533 2052 ibi
560 2021 686 2059 poss'unt
705 2023 815 2056 videri.
843 2033 964 2057 tantum
981 2036 1036 2057 no-

155 2060 253 2098 tabo,
277 2060 319 2092 ibi
338 2062 504 2101 voculam,
529 2063 634 2103 Nam,
657 2073 721 2096 non
743 2065 881 2098 indicare
896 2067 1038 2099 causam:

154 2100 209 2132 sed
229 2101 346 2133 habere
363 2105 424 2134 viin
443 2104 637 2145 incipiendi:
659 2114 694 2136 ut
710 2106 782 2138 alibi
803 2107 892 2148 saepe.
915 2109 977 2147 jam
997 2110 1034 2140 ad

154 2142 362 2182 verticulum,
381 2145 438 2175 Sed
451 2145 478 2183 si
494 2155 612 2185 nomen,
630 2147 806 2187 adjicienda
823 2149 842 2179 l.
862 2159 888 2188 5.
907 2150 925 2191 §
953 2161 981 2188 4.
997 2150 1033 2185 ὅ)

152 2194 183 2224 5.
204 2183 246 2216 D.
262 2185 289 2216 b.
310 2192 330 2216 t.
364 2186 523 2218 Praeterea
540 2188 638 2219 debet
658 2188 778 2228 petitor
796 2190 974 2232 defignare;
1001 2201 1033 2222 u·

155 2234 238 2257 trum
258 2234 359 2258 totam
376 2237 464 2268 petat
482 2237 566 2267 rem,
590 2238 628 2260 an
645 2238 767 2269 pai-tem
779 2255 788 2270 ‚
811 2232 841 2263 ἃ
858 2241 986 2271 quotam
1004 2235 1031 2265 d.

152 2268 172 2298 l.
190 2272 219 2299 6.
243 2269 328 2309 quod
345 2268 367 2300 si
386 2278 486 2301 totam
505 2278 613 2310 petat,
629 2271 668 2302 ab
687 2281 788 2312 eaque
803 2273 880 2304 absit
896 2273 1032 2306 ususfru-

154 2309 240 2341 Gtus:
265 2309 428 2350 quaesstum
447 2311 528 2348 fuit,
545 2322 582 2344 an
599 2312 685 2343 reete
701 2322 789 2355 agat:
814 2316 886 2354 quia
905 2323 1033 2356 poterat

152 2351 269 2390 quaeri,
294 2360 399 2384 utrum
425 2360 493 2384 tota
518 2353 554 2384 fit
571 2376 580 2390 ,
613 2363 650 2384 an
675 2363 744 2395 pars
768 2355 855 2387 absit.
888 2366 922 2388 ea
947 2367 1030 2398 quae-

152 2392 213 2423 stio
238 2393 388 2425 tractatur
410 2404 427 2425 a
453 2395 552 2426 Paulo
571 2395 591 2426 l.
616 2405 666 2436 25.
692 2397 739 2427 D.
763 2398 797 2427 de
820 2399 898 2429 verb.
923 2397 1029 2441 figmf.

152 2434 374 2475 conjungenda
390 2445 463 2467 cum
477 2438 505 2467 d.
521 2436 539 2467 Ι.
550 2440 584 2467 6:
608 2446 680 2468 curn
692 2446 827 2479 utraque
837 2439 872 2470 fit
888 2440 1033 2483 ejusdem-

150 2476 349 2514 argumenti,
375 2478 403 2508 (St
422 2487 462 2509 ex
481 2479 598 2510 eodem
626 2478 709 2510 Pauli
730 2480 783 2511 lib.
800 2490 847 2512 21.
893 2482 939 2513 Ad
957 2481 1028 2513 Edi·

150 2516 247 2547 crum.
277 2517 395 2549 sensum
420 2518 551 2559 exposui
578 2520 626 2550 lib.
650 2528 675 2551 1.
702 2521 753 2551 De
770 2522 929 2560 usufrutffu
946 2533 970 2554 c.
988 2533 1025 2556 2:

149 2558 204 2588 ubi
225 2558 316 2595 vide,
340 2559 360 2590 fi
377 2560 475 2591 lubet.
507 2560 621 2592 Similis
639 2562 797 2593 dubitatio
815 2563 879 2602 est,
904 2574 1026 2605 partem

150 2600 423 2639 quemadmodum
441 2602 679 2643 intelligamu53
698 2612 755 2644 pro
772 2605 893 2644 diviso,
909 2615 946 2638 an
966 2616 1024 2647 pro

149 2639 315 2672 indiviso?
338 2643 378 2672 de
396 2651 485 2682 parte
508 2653 566 2683 pro
586 2644 688 2675 diviso
705 2645 807 2676 nullus
824 2646 931 2679 labor:
953 2648 1026 2688 quia

149 2680 305 2712 divisione
320 2681 430 2714 definit
450 2693 518 2723 pars
535 2684 597 2716 effe
609 2708 617 2724 ‚
642 2686 672 2717 ἃ
688 2685 723 2717 fit
742 2696 857 2719 totum.
881 2689 921 2720 de
937 2697 1027 2729 parte

146 2732 210 2763 pro
226 2722 361 2754 indiviso
378 2725 550 2758 videamus,
576 2726 627 2758 sed
644 2728 671 2758 ἃ
692 2728 774 2759 hanc
791 2730 962 2769 vindicari,
980 2740 1025 2762 re-

148 2764 214 2796 fert
230 2763 343 2795 Paulus
362 2764 381 2795 l.
399 2775 446 2804 25.
463 2766 489 2807 §.
510 2777 535 2798 1.
555 2768 601 2798 D.
620 2770 653 2798 de
664 2771 740 2800 verb.
752 2768 831 2811 fign.
851 2772 951 2803 inodo
967 2782 1022 2804 ex-

147 2807 264 2847 primat
279 2805 386 2844 aftor,
410 2815 540 2846 quotam
560 2817 647 2846 petat
667 2819 789 2850 partem
805 2812 823 2842 l.
846 2817 874 2846 8.
896 2812 934 2844 D.
956 2813 982 2844 h.
1001 2819 1021 2844 t.

147 2856 258 2888 quotae
283 2847 367 2878 enim
390 2849 590 2886 expreffione
618 2859 688 2890 pars
706 2861 777 2891 quae
796 2855 917 2885 incerta
934 2863 1020 2893 erat,

148 2890 187 2920 ad
205 2895 328 2920 cei-tum
344 2889 544 2920 admovetur.
564 2891 674 2929 plane,
698 2893 718 2924 fi
734 2893 810 2933 justa
828 2896 1023 2927 interveniat

149 2929 261 2968 causa;
285 2938 375 2970 putat
391 2929 506 2970 Gajus,
531 2930 592 2962 effe
610 2932 861 2967 vindicationem
878 2938 975 2976 partis
993 2948 1023 2969 e-

149 2973 226 3003 tiam
245 2971 397 3009 incertae;
415 2971 444 3002 ἀ
463 2971 526 3002 hoc
543 2972 657 3010 probat
674 2978 824 3017 exemplo
840 2978 860 3008 l.
881 2983 928 3018 76.
947 2979 975 3020 §.
996 2988 1022 3011 1.

148 3014 197 3044 J).
215 3013 242 3044 Ι).
260 3018 280 3042 t.
306 3014 356 3044 cui
373 3013 445 3045 addi
462 3012 567 3054 potest
585 3014 718 3046 alterurn
736 3027 774 3048 ex
794 3017 934 3059 Ulpiano
952 3022 972 3051 l.
990 3030 1020 3062 3.

147 3053 176 3096 §⁴
194 3054 237 3083 ult
268 3053 309 3085 D.
325 3055 352 3084 d.
371 3060 391 3085 t.

192 3093 289 3132 Dixi,
309 3096 438 3136 quando
454 3096 546 3126 detui-
563 3097 606 3127 rei
624 3097 807 3129 vindicatio.
824 3103 955 3140 quaeris,
971 3103 1021 3134 cui

149 3136 251 3167 detur.
278 3135 318 3167 Et
337 3137 400 3167 hoc
412 3136 530 3168 Praetor
546 3139 794 3174 comprehendit
810 3140 1020 3179 superioribus

150 3177 274 3216 verbis,
297 3179 332 3210 Si
345 3180 411 3220 quis
425 3188 484 3211 rem
490 3179 580 3220 suam
597 3179 647 3221 este
661 3180 742 3212 dicet.
782 3180 907 3214 Indicio
932 3184 952 3216 l.
969 3195 1017 3225 25.

1017 76 1279 117 Noonr
1336 82 1551 121 COMM.

1107 165 1150 198 D.
1165 169 1199 199 de
1216 169 1298 212 oblig.
1318 171 1354 207 &⁹
1369 173 1425 204 αὲἶ.
1443 181 1541 214 atque
1563 175 1638 207 inde
1663 176 1699 208 lis
1718 177 1837 210 dominii
1853 188 1910 219 pro
1927 184 1970 215 rei

1106 209 1325 254 vindicatione
1344 214 1363 245 l.
1384 219 1429 249 18.
1446 214 1487 246 D.
1505 217 1538 246 de
1555 217 1659 255 usuris.
1689 219 1742 250 Sic
1757 228 1903 260 apparet,
1928 225 1970 262 rei

1105 250 1351 286 Vindicationem
1375 256 1508 287 domino
1526 257 1712 298 consulere,
1734 260 1837 292 amiffa
1857 262 1972 302 poffess

1104 288 1200 323 fione.
1231 292 1312 327 solus
1329 297 1414 328 enim
1439 307 1504 329 rein
1523 297 1605 330 suain
1624 301 1731 332 dicere
1748 301 1854 341 potest
1872 303 1973 338 donii-

1103 338 1170 362 rius.
1190 342 1254 365 non
1272 345 1376 368 autem
1396 337 1495 370 refert
1515 338 1677 372 Praetoris:
1694 350 1797 374 utrum
1813 344 1882 384 jure
1896 347 1970 379 civi÷

1106 371 1145 409 li,
1169 382 1206 404 ari
1222 376 1290 415 jure
1308 380 1471 418 gentium,
1497 379 1578 412 suam
1606 382 1701 414 dicat.
1726 383 1745 414 l.
1772 395 1821 426 23·
1846 385 1891 416 D.
1907 386 1970 420 b.t.

1104 411 1182 445 Non
1198 425 1264 447 erat
1281 418 1322 449 ita
1333 430 1371 450 ex
1385 419 1471 462 Lege
1489 420 1673 454 Duodecim
1682 422 1891 458 Tabularum.
1915 428 1971 461 hae

1104 457 1277 493 oportebat
1293 469 1358 491 rem
1377 471 1440 501 peti
1458 472 1496 493 ex
1511 465 1579 502 jure
1601 464 1787 507 Quiritium.
1808 467 1971 510 vestigium

1103 495 1217 527 vetusti
1231 500 1305 538 juris
1325 504 1408 541 apud
1426 503 1637 544 Ciceronem,
1656 506 1714 537 Pro
1728 510 1861 540 sijurena
1876 519 1900 540 c.
1927 520 1970 543 12.

1103 534 1154 568 sed
1170 541 1350 578 antiquitati
1367 544 1532 586 derogavit
1550 546 1617 578 usus
1633 549 1727 586 juris:
1746 549 1875 580 inventa
1892 560 1907 581 a
1923 552 1972 591 Ju'-

1101 578 1288 625 reconsultis
1312 584 1377 615 utili
1401 585 1524 617 actione
1545 597 1603 627 pro
1622 590 1814 621 vindicando
1830 592 1971 626 dominio

1100 619 1287 652 bonitario:
1310 631 1383 655 curn
1408 627 1527 659 directa
1552 630 1728 662 vindicaret
1752 630 1971 674 Quiritai·ium.

1099 669 1266 700 utramque
1291 662 1406 697 Edicto
1432 668 1552 700 inclulit
1577 680 1703 709 praetor.
1728 673 1802 705 inde
1820 683 1972 713 quocum-

1098 711 1160 742 que
1186 706 1285 749 modo
1311 707 1380 746 quis
1406 707 1488 741 suam
1512 720 1576 742 rem
1602 712 1664 744 ess'e
1687 714 1792 754 dicat,
1816 725 1856 746 eo
1874 718 1970 749 modo

1097 753 1163 790 rem
1183 745 1265 776 {uam
1285 747 1468 781 vindicabit.
1493 760 1642 784 caeterum
1661 755 1776 794 quibus
1794 758 1898 788 modis
1917 759 1971 789 do-

1096 786 1227 830 minium
1247 788 1428 827 adquiratur
1439 793 1565 831 autjtire
1581 803 1723 833 gentium
1742 806 1793 828 aut
1809 798 1875 837 jure
1895 802 1971 830 civi-

1096 826 1114 856 li
1127 850 1135 861 ,
1159 828 1229 858 alibi
1248 831 1405 862 traditum.
1432 832 1484 863 liic
1501 833 1631 873 sufficit,
1649 847 1715 869 rem
1734 839 1887 870 alterutro
1900 840 1968 880 jure

1093 867 1156 898 effe
1173 869 1238 908 ejus
1256 871 1308 910 qui
1337 873 1556 906 vindicatione
1575 875 1619 907 uti
1640 879 1738 910 volet.
1763 881 1851 920 quod
1867 880 1886 912 fi
1904 886 1968 914 nou·

1091 908 1147 941 sit:
1171 920 1206 941 ea
1223 920 1316 951 agere
1333 922 1397 945 non
1418 915 1533 954 potest.
1734 927 1737 931 ·
1960 941 1963 943 -

1134 950 1174 981 Et
1195 953 1270 983 ideo
1294 954 1399 993 placet
1422 956 1541 995 Paulo,
1567 958 1638 989 loca
1653 959 1734 992 sacra
1753 969 1805 992 aut
1823 963 1965 1004 religiosa

1092 991 1151 1023 hac
1168 993 1197 1024 in
1215 1003 1279 1026 rem
1298 995 1422 1028 actione
1446 1005 1511 1029 non
1529 1001 1594 1038 peti
1612 1002 1693 1040 quasi
1711 1001 1814 1033 nostra
1834 1005 1859 1034 [ι’.
1879 1006 1897 1034 l.
1919 1015 1967 1046 23.

1090 1033 1117 1074 §.
1140 1037 1263 1074 1:1quia
1285 1036 1352 1067 l'unt
1371 1038 1467 1070 divini
1482 1040 1575 1079 juiist
1594 1042 1624 1072 in
1644 1043 1736 1074 bonis
1754 1054 1859 1077 autem
1874 1048 1964 1078 nulli-

1089 1084 1123 1105 us
1137 1076 1155 1106 l.
1172 1085 1198 1110 1.
1213 1076 1252 1107 D.
1266 1078 1298 1108 de
1309 1088 1362 1109 rer.
1373 1081 1456 1120 clivis.
1473 1082 1534 1113 Sed
1552 1082 1633 1113 bene
1647 1084 1763 1116 habet:
1781 1089 1868 1123 quod
1885 1086 1962 1120 Pau-

1088 1116 1134 1147 lus
1161 1127 1227 1149 non
1252 1119 1293 1149 de
1313 1121 1415 1151 fundo
1441 1123 1602 1162 loquitur,
1631 1124 1681 1156 sed
1700 1127 1851 1167 deloco,
1876 1128 1962 1162 sacro

1086 1166 1139 1189 aut
1158 1159 1317 1200 religioso.
1338 1171 1407 1193 nam
1421 1163 1566 1195 locusest
1584 1175 1647 1196 non
1666 1166 1801 1207 fundus,
1820 1168 1870 1200 sed
1890 1179 1961 1209 por·-

1084 1200 1131 1229 tio
1148 1200 1250 1239 aliqua
1271 1200 1379 1235 fundi:
1404 1203 1521 1236 fundus
1538 1216 1644 1238 autem
1663 1209 1819 1250 integrum
1839 1213 1958 1252 aliquid

1084 1239 1129 1271 est
1143 1241 1161 1272 l.
1180 1246 1230 1274 60.
1254 1243 1299 1274 D.
1317 1246 1350 1274 de
1365 1248 1441 1276 verb.
1452 1245 1531 1288 fign.
1558 1257 1655 1287 porro
1674 1250 1736 1281 loci
1754 1253 1864 1292 religio
1882 1254 1960 1286 nihil

1084 1290 1185 1313 mutat
1206 1285 1246 1315 de
1262 1284 1331 1324 jure
1351 1285 1450 1318 fundi.
1483 1289 1634 1320 vindicari
1654 1291 1748 1331 igitur
1765 1294 1870 1331 potest
1888 1294 1958 1326 furi-

1085 1325 1141 1355 dus
1154 1348 1162 1361 ,
1179 1325 1207 1355 in
1225 1335 1289 1365 quo
1299 1326 1334 1358 fit
1347 1327 1434 1359 iocus
1455 1327 1538 1360 sacer
1549 1339 1602 1361 aut
1617 1332 1788 1372 religiosus.
1812 1335 1899 1365 locu*
1914 1344 1958 1366 ta-

1083 1364 1120 1396 lis
1133 1366 1282 1398 vindicari
1295 1377 1358 1399 non
1371 1370 1476 1408 potest
1492 1372 1725 1411 principaliter:
1742 1383 1798 1414 per
1809 1377 1958 1409 acceffio-

1084 1416 1156 1438 nem
1174 1407 1263 1440 fundi
1276 1410 1389 1448 potest.
1407 1413 1749 1453 quomodol'eparatim
1767 1417 1958 1455 prohibetur
1999 1430 2001 1434 ⁴

1084 1449 1197 1481 vendi:
1215 1459 1271 1490 per
1281 1452 1491 1484 acceffionem
1503 1453 1592 1486 fundi
1604 1464 1667 1486 non
1680 1456 1868 1495 prohibetur
1885 1469 1960 1491 ven-

1083 1490 1113 1520 di
1132 1489 1150 1519 l.
1168 1500 1216 1522 22.
1234 1491 1271 1525 (ς’)
1289 1502 1337 1530 24.
1358 1492 1399 1522 D·
1417 1496 1449 1524 de
1465 1497 1594 1526 contrah.
1615 1503 1698 1537 empt.

1124 1530 1273 1564 Similiter
1289 1533 1330 1564 ait
1349 1532 1502 1575 Ulpianus
1519 1536 1529 1566 l
1554 1544 1578 1568 r.
1590 1538 1617 1577 ᾗ.
1629 1549 1655 1567 2.
1667 1537 1707 1569 D.
1719 1538 1746 1568 h.
1765 1545 1785 1570 t.
1804 1548 1859 1579 per
1875 1541 1958 1573 hanc

1084 1571 1241 1605 aaronem
1267 1575 1381 1607 liberas
1407 1576 1644 1618 personasjun‘s
1660 1578 1775 1618 nostri,
1799 1589 1833 1611 ut
1860 1591 1957 1622 puta,

1085 1613 1202 1646 liberos
1219 1616 1270 1655 qui
1290 1615 1403 1647 suntin
1424 1617 1598 1657 potestate,
1618 1629 1682 1651 non
1700 1622 1785 1661 peti:
1802 1623 1874 1662 quia
1892 1634 1957 1658 non

1084 1664 1174 1695 aeque
1192 1656 1296 1688 sintin
1315 1658 1460 1690 dominio
1479 1669 1511 1690 ut
1531 1660 1619 1692 i'ervi.
1645 1662 1710 1693 imo
1730 1663 1774 1694 tit.
1801 1673 1853 1696 xr.
1871 1664 1899 1706 §.
1924 1676 1955 1706 5.

1083 1697 1145 1734 ait,
1170 1706 1225 1729 eos
1245 1698 1363 1731 habere
1379 1708 1475 1740 caput
1492 1711 1566 1733 vere
1583 1701 1732 1734 liberum:
1756 1703 1775 1735 fi
1790 1705 1838 1745 jus
1854 1708 1957 1747 genti-

1084 1747 1135 1768 uin
1159 1738 1355 1779 spectemus3
1378 1743 1492 1780 etiam,
1518 1743 1539 1774 ss
1564 1745 1803 1785 rempublicam.
1827 1756 1888 1779 nec
1913 1756 1955 1780 ta·
2005 1776 2036 1789 ,,

1081 1789 1153 1810 men
1172 1781 1202 1811 id
1221 1782 1375 1821 impedit:
1401 1792 1441 1814 ne
1458 1783 1540 1816 filius
1559 1794 1631 1817 cum
1649 1785 1703 1818 suo
1721 1795 1810 1826 patre
1827 1798 1957 1830 compa·

1080 1829 1167 1852 ratus
1180 1822 1249 1861 jure
1260 1824 1345 1854 civili
1357 1847 1365 1862 ‚
1382 1824 1417 1855 fit
1432 1835 1501 1865 pai-s
1517 1825 1646 1858 familiae
1663 1828 1748 1868 ejus3
1764 1829 1871 1870 ibique
1889 1841 1953 1864 non

1081 1862 1183 1894 minus
1202 1863 1234 1894 sit
1252 1865 1281 1895 in
1301 1866 1416 1906 patris,
1436 1876 1528 1907 quam
1549 1869 1653 1899 servus
1671 1870 1701 1900 in
1720 1871 1841 1903 domini
1860 1880 1953 1913 pote-

1078 1903 1166 1935 state.
1192 1904 1287 1937 habet
1305 1907 1387 1938 enim
1406 1917 1495 1948 pater
1511 1910 1541 1941 in
1560 1919 1631 1941 eum
1648 1911 1697 1950 jus
1714 1911 1826 1943 vitae&
1845 1915 1953 1954 necis¹

1078 1945 1157 1977 sicut
1178 1947 1328 1979 dominus
1352 1949 1383 1980 in
1413 1950 1552 1982 servum:
1579 1961 1730 1992 praeterea
1755 1956 1953 1988 manumittit

1080 1996 1152 2017 eum
1171 1996 1261 2027 pater
1286 1988 1575 2023 intervenientibus
1592 1993 1830 2026 venditionibus
1849 1997 1957 2036 imagi-

1080 2028 1173 2060 nariis
1185 2051 1194 2067 ‚
1211 2037 1369 2070 tamquam
1389 2033 1509 2064 {ervum
1520 2034 1676 2065 dominus.
1700 2034 1774 2066 Hoc
1786 2038 1883 2068 modo
1896 2037 1957 2070 La-

1081 2069 1214 2102 crannus
1230 2071 1278 2102 lib.
1294 2083 1321 2111 4.
1337 2071 1442 2104 Divz'n.
1456 2072 1527 2113 lull.
1542 2085 1566 2106 c.
1585 2085 1616 2115 3.
1634 2076 1792 2107 Dominum
1803 2101 1811 2116 ,
1828 2079 1950 2119 inquit,

1079 2112 1206 2142 eumdem
1222 2112 1273 2152 effe
1289 2114 1339 2154 qui
1355 2113 1394 2151 fit
1410 2121 1496 2155 pater
1516 2117 1602 2147 etiam
1611 2117 1692 2158 juris
1708 2120 1804 2149 civilis
1818 2122 1891 2150 ratio
1907 2123 1954 2152 de-

1078 2151 1223 2192 monstrat.
1270 2154 1367 2195 Igitur
1386 2157 1461 2196 quid
1479 2157 1601 2197 obstat,
1627 2168 1666 2189 ne
1686 2167 1776 2199 pater
1793 2161 1953 2202 vindicet,

1075 2192 1160 2225 suum
1180 2195 1242 2226 effe
1259 2194 1376 2229 filium:
1402 2208 1466 2229 non
1485 2197 1688 2239 simpliciter,
1713 2208 1746 2231 ut
1763 2210 1886 2234 caeterae
1903 2214 1951 2237 res

1077 2244 1115 2265 ex
1139 2235 1201 2266 hoc
1219 2235 1334 2269 Edicto
1353 2241 1572 2272 vindicantur:
1597 2240 1649 2272 sed
1673 2243 1779 2282 (quod
1801 2243 1950 2277 observat

1077 2275 1230 2315 Ulpianus
1247 2280 1274 2309 d.
1295 2280 1313 2310 l.
1338 2290 1360 2310 1.
1378 2280 1396 2322 §
1427 2282 1476 2320 2.)
1501 2281 1621 2321 adjecta
1639 2283 1697 2314 hac
1722 2283 1809 2315 causa
1826 2295 1865 2316 ex
1881 2286 1950 2325 jure

1075 2316 1233 2350 Romarm.
1260 2330 1330 2352 narn
1347 2331 1387 2352 eo
1408 2323 1492 2354 suuni
1511 2323 1593 2361 esse,
1611 2325 1661 2356 vel
1678 2326 1708 2356 in
1727 2324 1775 2355 sua
1789 2327 1948 2365 potestate

1075 2359 1155 2398 esse,
1180 2361 1264 2392 recte
1284 2363 1435 2394 vindicari
1454 2364 1575 2404 potest:
1598 2375 1670 2397 cum
1691 2366 1829 2407 potestas
1847 2370 1948 2409 pati-ia

1073 2399 1108 2431 fit
1124 2402 1196 2440 iuris
1213 2403 1337 2443 civilis,
1362 2414 1425 2435 non
1442 2405 1516 2444 juris
1533 2407 1686 2445 gentium.
1713 2417 1834 2439 caeoerae
1854 2411 1949 2451 igitur

1072 2451 1140 2480 res,
1158 2451 1192 2474 ut
1210 2444 1314 2477 servus
1326 2469 1335 2483 ,
1351 2455 1367 2476 a
1384 2447 1519 2478 domino
1536 2447 1719 2487 simpliciter
1736 2449 1862 2490 poss‘unt
1881 2452 1947 2484 vin-

1071 2484 1187 2522 dicari,
1213 2486 1262 2516 vel
1280 2488 1442 2526 gentium,
1469 2489 1519 2519 vel
1537 2489 1622 2519 civili
1637 2490 1706 2530 jure
1723 2491 1741 2521 l.
1758 2501 1806 2532 23.
1826 2492 1867 2523 D.
1883 2493 1943 2525 ἷκε.
1969 2522 1971 2524 .

1070 2523 1121 2555 sed
1138 2524 1219 2557 filius
1243 2534 1365 2559 tantuin
1393 2528 1498 2568 potest
1522 2531 1675 2562 vindicari
1693 2533 1816 2572 exjure
1837 2533 1946 2575 Quiri.

1070 2574 1157 2598 turn:
1182 2568 1255 2607 quia
1280 2578 1344 2600 non
1364 2570 1438 2601 alias
1464 2571 1508 2602 est
1524 2572 1554 2601 in
1574 2572 1750 2612 potestate:
1775 2575 1805 2605 id
1824 2576 1887 2613 est,
1912 2577 1944 2608 in

1066 2607 1136 2647 jure
1152 2609 1267 2648 patris,
1294 2619 1327 2641 ut
1352 2609 1507 2652 Ulpianus
1531 2612 1673 2652 loquitur
1688 2617 1714 2644 d.
1732 2615 1751 2646 l.
1774 2624 1798 2646 1.
1819 2616 1847 2657 §.
1867 2627 1894 2649 2.
1915 2617 1945 2649 δε

1069 2649 1183 2681 Paulus
1200 2651 1218 2680 l.
1235 2661 1263 2682 2.
1277 2651 1304 2693 §.
1326 2661 1353 2683 2.
1372 2654 1418 2684 l).
1436 2654 1469 2683 de
1484 2654 1654 2685 interdictis.
1977 2689 1980 2692 Α

1111 2689 1298 2732 Utcumque
1324 2694 1403 2725 erit:
1428 2695 1547 2734 liquet,
1571 2697 1615 2726 rei
1640 2696 1891 2731 vindicationem
1913 2700 1942 2732 ei

1069 2733 1205 2763 concedi
1218 2732 1273 2764 soli
1290 2735 1342 2773 qui
1361 2744 1427 2766 rem
1445 2745 1538 2775 quam
1557 2737 1658 2777 petit,
1675 2738 1758 2770 suain
1778 2739 1838 2771 esse
1856 2743 1942 2772 dicet

1067 2774 1210 2813 gentium
1229 2782 1281 2805 aut
1298 2776 1383 2807 civili
1398 2778 1475 2816 jure.
1502 2779 1597 2818 quid,
1621 2778 1641 2810 fi
1668 2780 1696 2810 ei
1712 2780 1874 2813 cohaereat
1891 2791 1940 2814 res

1067 2813 1221 2846 alterius?
1236 2824 1328 2857 puta:
1344 2819 1481 2850 alienum
1499 2819 1664 2851 brachium
1676 2820 1866 2861 estjunstum
1884 2823 1940 2855 sta-

1067 2865 1129 2887 tuae
1147 2854 1239 2888 Titii.
1269 2867 1306 2889 an
1325 2857 1432 2891 Titius
1450 2868 1559 2900 petet,
1585 2860 1667 2893 suain
1686 2861 1747 2893 c-ss'e
1767 2871 1867 2896 totam
1885 2864 1941 2896 sta·

1066 2897 1178 2929 tuam?
1201 2898 1244 2929 ait
1258 2899 1371 2931 Paulus
1389 2901 1407 2932 l.
1431 2911 1477 2942 23.
1495 2901 1570 2943 §.Aa
1591 2903 1637 2934 D.
1655 2903 1683 2935 b.
1701 2909 1720 2934 z.
1737 2903 1757 2935 si
1778 2905 1941 2937 brachium

1065 2939 1108 2969 ita
1132 2938 1168 2970 fit
1191 2938 1298 2971 statuae
1320 2942 1480 2981 iunctum,
1506 2952 1538 2974 ut
1563 2944 1628 2984 ejus
1647 2953 1717 2985 pal's
1734 2945 1790 2984 fit,
1814 2945 1939 2978 Titium

1066 2979 1150 3011 effici
1177 2981 1344 3014 dominum
1364 2985 1462 3015 totius
1488 2984 1613 3023 statuae3
1637 2995 1776 3025 vereque
1792 2986 1873 3017 suam
1893 2988 1939 3018 di-

1065 3021 1187 3053 cturum
1199 3021 1347 3056 statuam:
1364 3025 1512 3065 atqueita
1529 3027 1700 3067 plerosque
1710 3025 1837 3058 senfiss'e.
1855 3027 1936 3058 Cum

1065 3063 1127 3101 ait,
1146 3064 1311 3105 plerosque,
1342 3069 1454 3107 accipe
1477 3066 1710 3099 Proculianos:
1733 3067 1936 3112 quorum—se-

1066 3112 1167 3142 quens
1191 3104 1253 3136 fuit
1278 3106 1445 3145 definitio,
1468 3106 1502 3139 In
1528 3108 1642 3147 quibus
1659 3109 1783 3148 propria
1802 3108 1935 3147 qualitas

1067 3144 1275 3185 spectaretur‚
1291 3147 1395 3188 siquid
1407 3150 1594 3187 adderetur,
1612 3150 1640 3179 id
1660 3149 1720 3179 toti
1736 3149 1867 3186 cedere,
1880 3159 1936 3181 Ve-

1065 3186 1124 3219 luti
1139 3189 1323 3222 accersionis
1336 3190 1416 3229 jure.
1440 3199 1527 3222 extat
1546 3199 1582 3222 ea
1598 3188 1742 3222 definitio
1757 3189 1777 3222 l.
1795 3193 1843 3222 26.
1860 3190 1935 3262 §.BL
