2036 3495
140 172 176 204 lo
190 162 453 211 Magistratufieri
469 163 590 196 crimen
601 161 630 194 δι
639 160 783 202 recipere
791 165 920 201 poenam
930 164 1015 204 mor-

143 212 186 244 tis
209 217 263 242 aut
287 209 452 248 corporis,
477 205 546 245 quis
563 210 713 244 umquam
732 201 887 245 credidit,
913 200 1015 238 dixit,

145 260 199 284 aut
213 252 283 284 livit
296 245 568 290 Jurisconsultus?
591 243 698 276 Novi:
721 249 880 284 provocat
896 242 936 272 ad
951 241 1017 271 hoc

146 292 309 334 Papiniani
320 291 338 320 l.
349 289 404 320 ult.
416 288 457 318 D.
475 287 508 318 Si
517 297 535 318 a
543 292 664 327 parente
679 285 746 326 quis
759 281 947 323 manumz‘ffus
956 280 1016 320 fic.-

145 335 248 366 Dz'vus
267 331 413 373 Trajanus
424 328 523 368 filium
539 337 622 369 quem
633 331 716 367 pater
725 326 799 357 male
814 330 915 356 contra
930 325 1018 365 piata-

147 372 381 413 zemadfici'eliaz,
397 371 486 411 coegit
502 370 691 409 emancipare.
714 366 822 408 AEque
840 365 906 397 scio
917 388 927 404 ‚
943 364 1019 396 hinc

145 413 355 456 argumentari
373 422 389 442 a
404 411 634 451 consequentia
649 409 739 440 hisce
756 408 876 440 verbis:
893 406 1019 450 Quaero,

148 466 187 487 an
204 464 260 486 nan
275 455 325 494 jus
344 453 417 484 illud
435 454 503 483 vita
527 451 564 486 ὅ)
580 452 657 482 necis
676 454 805 485 evertat,
827 451 903 491 quod
919 447 1019 489 Traja-

148 506 206 527 nus
222 495 343 536 coegerit
359 495 538 535 emancipare
548 492 648 533 filium
663 491 860 523 inclementius
879 489 1020 520 habitum.

147 537 288 569 Memini
312 536 428 574 etiam,
450 544 527 567 mox
551 535 592 566 fic
618 532 738 565 inferre
754 542 791 564 ac
807 530 1022 563 concludere:

146 579 250 620 ltaque
267 578 338 609 mihi
352 577 480 609 viderur.
504 577 568 607 Sed
582 574 763 613 flectamus,
779 581 815 605 ut
831 572 939 610 lubet,
963 570 1022 602 Pa-

145 619 265 662 piniani
287 619 402 652 verba:
427 618 515 658 quod
533 618 564 649 in
582 617 630 648 his
644 615 765 657 signum
781 613 952 658 prohibitae
969 620 1022 653 pa·

147 663 185 693 tri
210 662 298 693 necis
321 660 401 692 filii?
425 659 513 701 quod
535 659 735 690 denunciatae
751 663 855 697 poenae
870 661 925 686 aut
938 662 1023 685 mor-

146 703 186 735 tis
209 710 263 734 aut
289 702 438 740 levioris,
459 700 481 732 si
503 699 649 731 necarit?
673 699 714 729 At
730 698 815 729 enirn
833 695 1023 737 Papinianus

146 744 279 784 patriam
304 742 497 784 potestatem
522 740 621 783 magis
636 740 775 781 pietate,
801 746 895 779 quam
909 736 1024 769 atroci-

147 793 212 817 tate
228 785 372 817 aestimari
390 783 506 815 censet.
530 783 619 814 Sino.
644 789 755 813 verum
770 780 856 812 idem
872 786 946 810 ante
964 787 1022 808 vo-

148 827 208 858 luit
236 826 327 865 Lex3
351 834 423 857 cum
448 825 530 864 patri
544 825 593 865 jus
609 822 683 854 vitae
698 823 729 854 δε
745 822 833 854 necis
850 818 1022 852 conceffit:

147 877 220 900 nain
244 868 298 906 (ut
321 866 534 898 demonstravi
559 865 714 896 Comment.
738 864 776 895 ad
794 861 854 894 Tit.
873 860 915 894 D.
933 862 965 891 de
980 860 1026 891 his

146 910 199 951 qui
223 910 290 944 liant
305 909 358 949 sui
373 908 419 938 vel
435 908 523 939 alieni
532 906 632 948 juris)
654 905 697 937 illi
714 905 778 936 hoc
795 913 860 935 non
876 901 1024 940 indulsit,

146 960 182 982 ut
205 949 304 982 filium
329 951 496 989 perderet,
520 948 573 980 sed
597 956 632 979 ut
654 954 781 987 regei-et
797 945 836 977 ad
852 952 1025 976 commune

148 992 314 1032 utriusque
331 992 468 1022 bonum:
484 990 607 1030 optime
625 987 749 1029 sperans
767 987 807 1018 de
825 985 956 1017 naturali
972 993 1024 1024 pa·

148 1034 203 1064 tris
223 1033 352 1073 pietate.
397 1031 499 1064 Porro
522 1031 608 1072 quod
631 1031 699 1061 Lex
715 1028 798 1070 egit,
822 1028 854 1059 id
874 1026 1024 1067 speeiavit

147 1073 324 1115 Traianus:
341 1074 427 1105 forie
444 1070 556 1108 oblato
576 1079 664 1112 patre
680 1081 697 1102 a
715 1079 780 1110 quo
799 1068 943 1109 neglecta
961 1066 1024 1097 effe

146 1117 315 1147 dicebatur
331 1116 444 1156 pietas.
467 1124 532 1155 quo
542 1115 626 1146 enim
637 1110 790 1150 consilio,
806 1109 861 1141 nisi
875 1109 932 1140 illo
943 1132 952 1148 ‚
964 1108 1022 1148 jus-

146 1156 185 1189 fit
199 1155 299 1189 filium
316 1158 355 1188 ab
373 1167 413 1188 eo
429 1154 647 1195 emancipari?
664 1152 771 1194 Atque
789 1152 854 1182 hoc
869 1158 960 1182 extra
975 1158 1025 1196 or3

146 1199 255 1231 dinem
279 1197 396 1230 licebat
418 1195 578 1236 Principi,
600 1194 721 1236 legibus
746 1193 868 1225 soluto:
892 1191 1026 1223 Praetorl

148 1240 196 1272 his
214 1235 362 1272 adstricto
380 1248 445 1271 non
459 1239 578 1271 licebat
591 1238 660 1278 jure
676 1235 849 1268 ordinario.
886 1233 949 1279 Sed
967 1231 1025 1263 sin-

147 1282 258 1322 gulare
282 1281 438 1321 Principis
462 1277 640 1311 Decretum
658 1278 714 1309 illo
730 1278 762 1308 in
777 1275 864 1307 facto
881 1274 959 1314 quid
978 1272 1025 1304 fa-

147 1324 193 1354 cit
220 1323 259 1354 ad
283 1332 350 1354 rem
377 1320 591 1363 praesentem?
613 1321 644 1350 in
668 1329 731 1358 qua
755 1326 820 1348 non
837 1316 1026 1357 quaeriinus,

148 1374 187 1396 an
205 1363 302 1404 Legis
318 1363 466 1394 severitas
482 1370 498 1393 a
512 1359 655 1402 Traiano
672 1357 875 1400 similitudine
891 1356 1026 1387 rationis

148 1407 232 1437 circa
254 1406 303 1445 jus
326 1405 400 1435 vitaz
424 1405 454 1436 ὅτ.
479 1404 566 1435 necis
589 1401 740 1434 mutanda
763 1399 884 1430 fuerit:
909 1396 961 1428 sed
985 1404 1026 1427 an

146 1447 210 1478 hoc
225 1446 273 1486 ius
292 1456 309 1477 a
323 1445 464 1485 Traiano
483 1444 563 1485 patri
586 1443 642 1474 illo
667 1441 821 1480 exemplo
838 1438 874 1470 sit
890 1439 1026 1511 ⁴adenisp-

149 1489 246 1519 tum‘?
271 1486 311 1518 de
336 1497 376 1518 eo
401 1495 477 1516 vero
499 1493 573 1516 cum
598 1493 639 1515 ne
662 1483 826 1515 minimum
843 1480 973 1520 quidem
1001 1485 1026 1511 it

146 1530 177 1560 in
194 1531 221 1559 a.
239 1528 259 1558 l.
277 1527 331 1558 ult.
354 1524 494 1568 figii‘um3
518 1534 555 1556 an
579 1524 779 1562 dubitamus,
797 1520 936 1553 mansisse
960 1530 1025 1552 me-

146 1579 215 1602 rum
230 1576 327 1609 atque
343 1567 569 1599 immutilatum
591 1566 679 1607 quod
703 1573 768 1597 non
790 1562 836 1595 est
849 1569 1023 1601 mutatum,

145 1609 200 1642 etsi
213 1609 476 1651 potueritmutari
488 1632 496 1646 ‚
513 1617 578 1641 non
595 1612 794 1648 repugnante
809 1605 954 1635 ratione:
969 1603 1023 1635 sic-

144 1661 180 1683 ut
196 1651 251 1683 suo
269 1658 417 1689 tempore
438 1649 547 1689 postea
562 1649 658 1680 etiam
683 1655 838 1680 mutatum
855 1645 942 1677 fuit?
966 1644 1024 1686 Igi-

146 1702 196 1725 tur
212 1690 234 1724 si
251 1692 450 1733 investiganti
470 1689 548 1723 mihi
563 1689 692 1731 TraJ'ani
709 1695 853 1721 mentem
873 1686 929 1718 Vir
947 1686 1021 1718 Am-

145 1734 301 1776 pliffimus*
313 1733 413 1765 faciat
429 1735 561 1775 gratiam
573 1731 706 1773 pedibus
723 1730 819 1761 eundi
832 1730 863 1760 in
878 1729 944 1768 ejus
960 1728 1023 1760 sen-

144 1777 299 1818 tentiani;
321 1784 426 1808 meam
453 1773 575 1806 tenebo
601 1774 684 1805 viam
700 1772 816 1804 restam
833 1770 863 1801 ἂ
879 1770 1024 1811 planam,

144 1817 203 1850 et'si
220 1817 423 1849 contrariam.

167 1857 355 1891 ”Proximus
374 1868 391 1890 a
407 1857 549 1898 Traiano
574 1856 662 1889 foret
678 1855 821 1889 transitus
839 1853 879 1886 ad
894 1852 1025 1885 Hadria·

143 1909 222 1933 num
240 1901 454 1942 praerogativa
470 1898 689 1931 successionis:
708 1897 760 1930 sed
776 1897 963 1937 permittes,
979 1895 1025 1926 in-

145 1941 239 1974 verso
257 1943 383 1983 imperii
399 1941 513 1973 ordine
524 1965 534 1981 ‚
549 1941 636 1981 prius
651 1940 750 1981 quaeri
767 1937 954 1970 sententiam
966 1936 1026 1968 An·

145 1984 250 2015 tonini
272 1983 347 2016 Pii:
378 1983 452 2024 quia
479 1983 531 2015 vel
555 1981 640 2014 hunc
666 1981 847 2022 Principem
872 1979 913 2010 de
928 1977 1027 2009 'abro-

146 2025 248 2066 ganda
263 2026 345 2066 patri
363 2034 444 2057 nece
460 2024 655 2062 liberorum,
680 2022 710 2054 dc
728 2029 768 2053 eo
786 2020 970 2062 puniendo,
993 2019 1026 2050 il-

145 2066 186 2097 lis
201 2066 334 2105 occisis,
352 2065 523 2108 cogitasse,
541 2071 698 2105 nusquam
715 2062 759 2095 cst
775 2061 940 2101 memoriae
955 2070 1026 2101 pro-

148 2106 264 2139 ditum.
287 2106 362 2139 Nec
375 2116 427 2139 me
441 2106 614 2139 confundit
624 2103 905 2146 Bynkershoekius
920 2101 1028 2133 aueto-

146 2147 243 2180 ritate
260 2147 333 2188 Gaji
352 2149 371 2180 l.
392 2158 418 2180 1.
435 2149 465 2190 §.
484 2158 512 2180 ι.
530 2147 567 2183 &³
587 2158 616 2180 2.
638 2147 681 2178 D.
697 2148 732 2178 cie
747 2146 789 2177 his
801 2144 917 2186 vquista*
932 2143 979 2174 vel
995 2153 1027 2174 a·

146 2189 217 2220 lieni
235 2190 316 2232 juris
338 2190 427 2228 sunt:
449 2187 687 2227 confirmantis,
712 2187 912 2219 Antoninum
936 2182 1027 2216 Pium

145 2230 282 2263 domino
300 2229 450 2263 ademisse
462 2231 509 2270 jus
526 2229 661 2261 necandi
677 2228 801 2260 sei-vum
821 2227 875 2265 sub
887 2226 1028 2258 *commi-

144 2272 279 2304 natione
294 2281 399 2312 poenae
416 2270 512 2313 Legis
529 2271 686 2304 Corneliae
704 2271 744 2301 de
757 2266 892 2308 ficaiii83
914 2266 936 2300 fi
954 2273 1028 2299 eum

146 2314 307 2345 occiderit
327 2313 391 2345 sine
406 2312 486 2354 justa
503 2311 602 2344 causa.
632 2310 711 2343 Non
729 2310 774 2343 est
790 2310 888 2343 enim*
914 2308 1028 2341 raesens

146 2354 364 2386 controversia
381 2355 421 2386 de
440 2352 643 2386 dominorum
660 2354 691 2385 in
708 2351 814 2384 servos
826 2375 835 2391 ,
851 2351 879 2383 se
918 2351 958 2382 de
975 2358 1027 2392 pa-

148 2397 206 2428 tris
229 2397 260 2428 in
285 2396 425 2435 liberos,
449 2392 619 2437 potestate.
650 2395 683 2426 in
701 2404 734 2426 re
749 2401 855 2425 autem
872 2392 965 2431 fatti,
988 2401 1028 2424 an

148 2436 218 2468 haec
234 2437 318 2469 valet
334 2437 585 2478 consequentia,
610 2435 793 2468 Antoninus
811 2434 883 2466 Pius
900 2433 981 2465 fecit
994 2442 1028 2465 u-

148 2486 248 2517 num,
270 2488 348 2520 ergo
371 2479 555 2511 Antoninus
580 2476 654 2509 Pius
677 2476 758 2509 fecit
774 2475 935 2508 alterum?
955 2483 1026 2515 apa·

147 2526 198 2560 ge.
242 2518 274 2550 Si
299 2527 405 2552 tamen
429 2521 552 2560 vetuit,
572 2517 697 2551 servum
715 2527 732 2550 a
748 2516 882 2553 'domino
901 2517 1026 2549 occidi:

147 2565 214 2601 quo
236 2568 422 2602 argumento
447 2570 513 2593 non
540 2561 666 2596 noluit,
690 2570 707 2591 a
736 2567 826 2600 patre
844 2558 951 2590 occidi
968 2558 1027 2590 fili—

147 2600 229 2633 um?
252 2611 323 2633 narn
348 2603 419 2642 hic,
442 2608 478 2634 ut
502 2599 773 2643 improbiffimus‚
797 2599 973 2642 &pessime
988 2599 1030 2632 de

147 2649 240 2686 patre
264 2643 413 2682 meritus,
437 2644 482 2676 est
506 2643 715 2676 nihilominus
738 2640 844 2681 filius,
868 2641 899 2673 δι
921 2641 1030 2682 (quod

148 2681 353 2727 observatum
373 2694 390 2714 a
411 2685 530 2724 Seneca
546 2683 594 2716 li‘b.
611 2692 641 2716 1.
666 2682 714 2716 De
731 2683 880 2715 clementia
891 2693 919 2714 c.
938 2686 984 2722 14.
999 2682 1030 2714 ὅτ.

149 2723 313 2768 Cicerone
337 2723 394 2755 Pro
420 2726 451 2756 S.
478 2724 580 2769 Roscio
597 2726 736 2757 Amerino
748 2734 781 2758 c.
798 2724 865 2766 19)
880 2724 977 2765 patris
996 2724 1031 2756 σ’-

148 2766 303 2839 piniorie,
321 2765 388 2805 eius
408 2765 634 2810 affectioneac
651 2768 772 2807 pietate
788 2772 854 2798 non
870 2765 1028 2807 indignus

160 2810 258 2839 ervus
276 2811 407 2850 contra,
431 2808 513 2847 apud
530 2808 717 2847 Juvenalem
736 2807 800 2840 sat.
816 2811 847 2839 6.
863 2811 938 2845 vers.
956 2814 1028 2840 221.

150 2850 206 2883 vix
223 2851 283 2890 pro
295 2845 452 2892 homine,
468 2847 498 2878 ὅτ
515 2850 599 2888 apud
615 2850 746 2882 Paulum
763 2848 837 2889 Jure
852 2848 948 2881 Civili
968 2857 1027 2890 pro

149 2890 240 2931 nullo
251 2888 392 2921 ’liabetur
408 2888 428 2919 l.
445 2895 496 2930 322.
516 2887 558 2920 D.
576 2891 608 2921 cle
622 2891 715 2933 regal.
731 2890 803 2932 ler.
837 2889 1028 2931 Siccolligit

149 2930 312 2974 Dominus
330 2929 399 2963 Van
415 2929 658 2974 Bynkers'hoek.
679 2934 730 2974 qui
748 2931 1027 2973 potuine-profes·

147 2973 195 3006 sus
212 2970 365 3046 (ἔπῃ-,ιι
383 2977 588 3018 &pag-'154-
611 2973 644 3004 in
663 2971 839 3013 quaestione
854 2972 928 3015 facti
944 2972 1027 3005 testi-

148 3015 207 3046 bus
276 3013 438 3054 *exemplis
455 3012 659 3051 *extrieandffi
683 3021 791 3054 parum
808 3014 949 3046 securam
964 3010 1028 3046 e'ffe

148 3065 165 3087 a
179 3055 282 3101 justo,
307 3054 487 3098 probabili,
501 3051 669 3095 *autfffimili
684 3050 922 3088 collectionem.
954 3065 1026 3088 nam

149 3094 346 3139 fi‘ho‘cvere
363 3094 539 3138 opinatus,
552 3092 643 3136 quod
664 3095 698 3126 &
713 3095 776 3135 ipse
794 3096 872 3137 puto
882 3096 977 3129 afuit
990 3104 1024 3130 e-

147 3139 198 3179 fus
211 3137 409 3182 prudentiae,
432 3133 588 3181 abstinere
603 3135 644 3179 'ab
661 3135 843 3176 hujusmodi
860 3136 1024 3178 :ii-gumen.

150 3177 268 3223 eonon
292 3178 392 3221 inodo
408 3174 617 3221 fallaciejfsed
636 3185 699 3221 cani
717 3175 791 3220 ipsi,
813 3178 907 3220 quam
923 3179 1022 3219 mihi,

147 3218 347 3264 improbato:
373 3218 428 3252 etsi
452 3216 723 3262 alioquini'ervus
743 3216 816 3261 ‘Jure
832 3217 937 3253 Civili
962 3225 1023 3259 pro

735 78 1338 121 ⁷GE'R'ARD1‘No-0v1'

1056 156 1145 189 nullo
1169 157 1348 192 habeatur:
1378 157 1462 192 filius
1483 167 1550 192 non
1574 159 1742 193 habeatur.
1766 162 1843 195 illud
1865 171 1940 197 non*

1057 197 1190 245 absurde
1210 208 1361 241 putetur,
1383 201 1472 242 quod
1493 199 1535 232 fic
1559 203 1691 242 pronior
1715 202 1842 242 quidem
1866 204 1929 236 fuit

1057 238 1173 287 saevitia
1189 241 1310 273 domini
1327 242 1359 274 in
1376 242 1518 280 servum,
1534 251 1636 282 -quain
1652 245 1748 284 patris
1765 245 1797 276 in
1814 245 1925 278 filium.

1058 282 1198 322 ideoque
1221 283 1333 315 debuit
1346 284 1410 316 hoc
1426 285 1475 325 jus
1492 285 1599 325 potius
1618 285 1719 326 aptari
1736 285 1776 316 ad
1791 285 1822 316 id
1841 287 1929 326 quod

1060 321 1247 363 ftequenter
1265 325 1294 356 &
1308 324 1421 364 facile,
1441 334 1533 366 quain
1550 328 1636 366 quod
1654 335 1803 365 perram,
1827 327 1933 358 eveni-

1062 371 1111 395 ret
1126 365 1145 395 s.
1166 373 1193 404 3.
1206 364 1254 412 δ’
1272 367 1351 408 seqq.
1369 366 1410 398 D.
1425 368 1458 399 de
1474 366 1624 408 Legibus?
1647 367 1699 398 scd
1720 367 1842 398 idcirco
1867 377 1930 399 non

1063 404 1236 451 necessario
1252 405 1397 447 sequatur
1413 432 1422 447 ‚
1446 416 1509 439 tani
1528 409 1726 440 interdiftam
1743 409 1823 449 patri
1843 408 1933 440 fuisse

1063 445 1118 477 filii
1135 447 1255 494 caedern
1272 457 1365 488 quam
1383 449 1514 481 domino
1532 450 1652 481 caedem
1669 450 1758 480 servi.
1789 451 1854 480 imo
1871 450 1934 481 hoc

1063 496 1162 533 magis
1178 488 1349 521 inhibenda
1375 491 1518 523 videatur
1541 492 1664 523 domini
1682 490 1816 528 saevitia,
1841 500 1934 531 quam

1063 536 1179 574 patris:
1195 531 1284 568 quod
1299 532 1432 566 domino
1454 533 1523 564 vilis
1541 533 1618 564 ess‘et
1640 532 1764 564 servus:
1788 540 1820 563 at
1838 533 1934 572 patris

1064 575 1165 611 pietas
1183 571 1372 619 plerumque
1389 573 1456 604 filio
1479 574 1660 606 consuleret
1679 574 1696 606 ἱ)
1722 573 1828 614 Atque
1854 574 1935 611 linc,

1066 619 1257 656 quamquam
1272 621 1302 643 in
1322 614 1380 644 alia
1396 614 1501 655 specie
1512 639 1521 654 ,
1545 625 1609 647 non
1625 616 1779 647 inutiliter
1795 614 1936 647 trahatur

1064 651 1153 683 forte
1170 653 1301 692 sequens
1324 654 1483 695 Papiniani
1501 658 1735 698 contemplatio
1758 657 1778 687 Ζ.
1796 667 1844 688 22.
1863 655 1893 697 §.
1909 666 1940 695 4.

1066 692 1108 724 D.
1126 693 1186 740 Ad.
1201 693 1276 742 Leg.
1291 693 1358 734 Jul.
1373 697 1408 727 de'
1420 697 1512 729 adult.
1544 698 1609 729 Ideo
1623 700 1723 739 patri,
1748 707 1804 729 non
1816 699 1939 736 marim,

1065 734 1209 765 mulierem
1224 734 1261 769 ξς)
1270 744 1377 767 omnem
1393 739 1553 770 adulterum
1565 739 1728 780 periniffum
1741 737 1780 780 esi
1794 740 1917 770 occidere
1928 762 1938 778 ,

1067 777 1327 823 q-iivdvpleriimque
1337 780 1430 818 pietas
1441 782 1559 820 paterni
1574 783 1696 812 nominis
1719 779 1865 819 confilium
1884 787 1937 820 pro

1067 818 1160 847 liberzs
1177 823 1264 864 σαρκί.
1295 825 1426 850 ceterum
1441 822 1540 852 mariti
1557 822 1633 853 calor
1656 821 1693 856 ὅ]
1718 824 1837 863 impetus
1846 822 1940 861 facile

1067 859 1241 906 decernentis
1249 859 1317 896 fait
1331 861 1538 896 refrenandus.

1106 898 1256 931 'landem
1275 902 1379 947 ‚venio
1405 903 1443 933 ad
1464 902 1669 935 Hadrianum.
1695 914 1765 936 nain
1784 906 1809 935 is
1828 904 1940 942 restat,

1068 947 1166 981 atque
1190 941 1230 971 ab
1255 950 1319 981 ejus
1344 941 1510 983 Decrcto,
1536 955 1576 976 ex
1600 945 1767 977 Marciano
1786 945 1890 984 posito
1910 946 1940 976 in

1066 982 1085 1012 i.
1104 992 1133 1027 ἱ.
1153 981 1196 1013 D.
1212 983 1244 1013 de
1259 983 1336 1025 Lege
1354 984 1489 1027 Pompeja
1504 987 1536 1016 cle
1549 987 1734 1027 parricidiis,
1753 987 1856 1018 adhuc
1874 986 1943 1018 sub-

1066 1023 1177 1054 sidium
1196 1033 1233 1054 ac
1247 1022 1335 1056 sorte
1351 1027 1545 1066 praecipuum
1556 1051 1565 1066 ‚
1582 1027 1636 1059 fibi
1652 1036 1740 1069 parat
1751 1027 1942 1059 Clarissimus

1066 1064 1356 1112 Bynkershoekius.
1382 1068 1489 1100 Verba
1500 1068 1744 1101 Mai-cianisunt.
1768 1068 1938 1100 DivusHaf

1066 1106 1312 1155 cirianusfertur³
1328 1110 1438 1140 cumin
1454 1111 1606 1142 venatione
1609 1110 1709 1151 filium
1717 1111 1806 1152 suum
1822 1111 1942 1151 quidam

1068 1155 1243 1186 necaverat,
1257 1157 1309 1190 qm
1320 1159 1472 1183 novercam
1482 1152 1665 1184 adulterabat
1674 1175 1683 1190 ,
1698 1153 1730 1183 in
1740 1151 1863 1191 insulam
1878 1160 1943 1182 eum

1068 1188 1240 1236 deportaffe:
1255 1193 1331 1231 quoa?
1339 1192 1461 1223 latronis
1472 1194 1582 1235 magis,
1598 1203 1684 1235 quam
1697 1194 1792 1234 patris
1801 1193 1870 1234 jure
1878 1201 1943 1223 eum

1067 1231 1233 1278 interfecit.-
1256 1241 1323 1262 mim
1346 1235 1445 1273 patria
1465 1233 1587 1275 potestas
1601 1235 1752 1276 inpietate
1766 1235 1863 1272 debet,
1885 1242 1942 1265 non

1066 1277 1218 1318 atrocitate
1244 1271 1399 1313 conststere.
1432 1274 1555 1316 insigne
1573 1275 1634 1307 ell'e
1653 1276 1805 1308 Hadriani
1823 1275 1944 1306 Decre-

1068 1320 1154 1359 tum,
1179 1313 1329 1360 insignem
1349 1324 1480 1357 quoque
1498 1317 1606 1348 venire
1623 1316 1778 1349 Marciani
1796 1315 1942 1348 observa-

1068 1362 1190 1385 tionem
1201 1377 1214 1400 ,Ι
1234 1358 1384 1395 equidem
1400 1367 1463 1389 non
1481 1357 1617 1390 inficior.
1654 1358 1716 1390 Sed
1733 1367 1789 1389 cui·
1805 1357 1940 1389 dislimu-

1069 1396 1131 1427 lem
1142 1418 1153 1434 ,
1163 1396 1239 1435 quid
1250 1405 1387 1437 utroque
1402 1398 1605 1441 indigitetur,
1620 1408 1729 1441 parum
1744 1399 1942 1440 affequutum

1069 1436 1131 1467 effe
1152 1436 1470 1478 Bynkersboekium:
1494 1441 1524 1472 in
1543 1450 1649 1482 eoque
1671 1440 1850 1472 assensuros
1866 1440 1943 1471 milii

1068 1476 1142 1509 fore
1158 1486 1271 1524 omnes
1289 1480 1402 1519 quibus
1419 1481 1521 1512 otium
1538 1482 1615 1520 erit,
1631 1481 1798 1513 consulere
1814 1480 1869 1512 sub
1884 1480 1944 1512 Ti-

1069 1519 1138 1568 tulo
1156 1514 1381 1561 Digestorum,
1406 1522 1453 1553 De
1468 1523 1511 1553 his
1526 1523 1723 1564 quisuntsuz'
1738 1522 1785 1553 vel
1798 1522 1882 1553 alieni
1893 1523 1941 1564 jii-

1067 1568 1127 1599 τυ,
1143 1568 1160 1591 a
1178 1569 1229 1592 me
1243 1560 1410 1594 observata
1427 1564 1549 1604 pridem
1565 1564 1604 1595 ad
1616 1564 1812 1599 intellcfium
1827 1571 1899 1594 cum
1913 1565 1941 1595 (1.

1067 1601 1087 1633 l.
1103 1611 1143 1648 5,
1167 1609 1233 1649 tuin
1257 1611 1447 1636 caeterorum
1473 1605 1643 1644 capitum,
1667 1604 1826 1636 historiam
1853 1604 1942 1643 hujus

1067 1639 1191 1675 articuli
1208 1653 1239 1690 in
1257 1643 1396 1686 Digestis
1414 1647 1443 1677 ἃ
1463 1645 1588 1678 Codice
1606 1645 1852 1688 perficientium.
1889 1645 1944 1677 Vi·

1066 1694 1135 1716 rum
1156 1684 1363 1719 Clariffimum
1380 1686 1490 1719 vidisse
1513 1698 1619 1720 meum
1644 1687 1942 1726 Commentarium,

1066 1725 1202 1758 censeo:
1219 1726 1271 1758 sed
1287 1728 1394 1765 locum
1410 1731 1465 1770 qui
1481 1730 1634 1761 adduclus
1646 1753 1655 1768 ,
1671 1728 1822 1771 potuisset
1838 1729 1943 1761 lucetii

1066 1767 1192 1807 facere,
1211 1770 1455 1810 praeterinififfe‚
1479 1772 1595 1803 miror:
1618 1772 1784 1813 magisque
1798 1779 1864 1802 non
1879 1770 1944 1802 ani·

1066 1809 1268 1842 madvertisl‘e
1293 1820 1365 1853 quae
1390 1820 1505 1844 contra
1527 1813 1654 1852 attulit,
1678 1813 1818 1844 invicem
1841 1812 1871 1843 se
1890 1812 1943 1843 de-

1068 1851 1188 1883 struere
1211 1859 1321 1884 mutua
1343 1856 1562 1895 repugnantia.
1608 1853 1717 1897 Quare
1734 1854 1764 1885 &
1781 1853 1943 1895 negligere

1068 1893 1286 1926 decreveram.
1310 1893 1363 1926 sed
1378 1895 1551 1927 interceffit
1567 1895 1707 1936 Epistola
1725 1895 1826 1927 Amici
1843 1896 1943 1934 cujus-

1069 1933 1143 1981 dam
1167 1936 1350 1977 Anonymi,
1371 1937 1513 1978 apprime
1530 1937 1617 1970 docti
1635 1938 1664 1969 δε
1683 1935 1854 1977 ingeniosi,
1878 1944 1945 1967 non

1070 1978 1216 2023 opinanti
1233 1979 1322 2010 data:
1340 1987 1402 2018 qua
1419 1987 1583 2011 momenta
1599 1979 1759 2010 rationum
1780 1976 1945 2008 Clarissimi

1068 2017 1231 2064 Senatoris
1247 2021 1285 2049 ad
1300 2020 1328 2050 d.
1344 2020 1363 2050 b.
1373 2029 1403 2059 5.
1420 2020 1480 2051 rite
1495 2019 1690 2057 examinata,
1706 2025 1802 2057 atque
1818 2019 1944 2058 optimo

1066 2067 1137 2098 jure
1152 2058 1311 2097 refutata,
1335 2069 1386 2092 me
1402 2060 1456 2092 ista
1473 2061 1707 2092 deliberatione
1729 2058 1945 2090 absolverunt.

1072 2099 1266 2139 Exemplum
1282 2100 1434 2142 Epistolae
1453 2101 1518 2133 hoc
1535 2101 1589 2133 cst.

1085 2140 1211 2189 ,bCepit
1226 2151 1298 2180 me,
1325 2141 1382 2173 Vir
1405 2142 1596 2182 Clarissinie,
1620 2143 1756 2183 impetus
1772 2142 1882 2183 paucis
1903 2141 1943 2172 ab

1071 2182 1147 2213 hinc
1164 2183 1295 2229 diebus,
1318 2183 1479 2224 inquirere
1504 2185 1534 2215 in
1557 2184 1765 2224 quaestionem
1781 2182 1944 2215 difficilem

1070 2227 1108 2255 ac
1118 2224 1259 2256 nobilem
1275 2226 1314 2256 de
1324 2228 1472 2266 tempore
1489 2225 1603 2256 ablatae
1613 2225 1693 2265 patri
1711 2224 1878 2265 potestatis
1889 2232 1945 2255 ne-

1069 2265 1180 2297 candae
1197 2266 1294 2306 prolis
1305 2265 1377 2298 suae-‚2
1407 2267 1456 2298 Ad
1467 2276 1537 2298 eam
1554 2267 1614 2307 legi
1631 2275 1742 2307 magna
1758 2275 1831 2297 cum
1850 2273 1946 2297 amoe·

1070 2310 1172 2338 nitate
1195 2316 1214 2337 a
1238 2315 1271 2338 te
1294 2306 1408 2349 scripta
1430 2309 1461 2339 in
1480 2308 1689 2339 Commentario
1706 2309 1744 2339 ad
1761 2306 1822 2338 Tit.
1847 2307 1943 2339 Pand.

1069 2347 1119 2379 De
1132 2348 1176 2380 his
1189 2348 1317 2390 quisunt
1331 2350 1379 2388 sui
1393 2349 1440 2380 vel
1453 2349 1541 2380 alieni
1552 2350 1647 2390 juris:
1664 2358 1736 2380 cum
1753 2349 1853 2389 iisque
1870 2357 1945 2379 con·

1071 2390 1131 2421 tuli
1141 2398 1212 2430 quae
1229 2399 1353 2431 nupero
1371 2389 1539 2431 Opusculo
1557 2390 1603 2421 De
1611 2392 1678 2433 jiire
1695 2391 1857 2428 occiclendi,-
1872 2398 1940 2420 ven-

1070 2432 1174 2470 dendi,
1190 2430 1228 2466 δ’
1243 2434 1402 2473 exponendi
1416 2432 1514 2463 liberos
1528 2433 1606 2471 apud
1616 2432 1761 2463 Romanos
1772 2442 1795 2462 c.
1810 2441 1858 2463 ιν.
1870 2437 1941 2472 pag.

1074 2473 1273 2513 167.·¹contra
1295 2473 1436 2506 disseruit
1460 2474 1517 2506 Vir
1536 2473 1725 2506 Clariffimus
1741 2497 1750 2512 ,
1774 2472 1942 2505 Cornelius

1070 2513 1140 2546 Vtin
1161 2513 1412 2556 Bynkerslioek3
1435 2515 1588 2547 Senator:
1613 2524 1650 2546 ac
1667 2524 1740 2547 cum
1754 2513 1944 2555 aliquamdiu

1071 2562 1126 2586 me
1144 2555 1349 2588 detinuissent
1367 2556 1408 2587 ab
1423 2563 1464 2588 eo
1480 2557 1606 2598 prodita
1625 2556 1664 2587 ad
1681 2556 1701 2588 l.
1716 2567 1746 2596 5·
1763 2555 1806 2587 D.
1824 2556 1856 2585 de
1874 2554 1945 2595 Lege

1071 2596 1212 2639 Pompeja
1230 2599 1264 2628 de
1276 2598 1463 2638 parricidiis.-
1485 2598 1693 2629 animadvcrti
1715 2606 1800 2628 tuam
1819 2596 1945 2636 quidem

1071 2637 1263 2670 sententiam
1290 2640 1350 2670 illis
1377 2647 1442 2671 nori
1470 2640 1571 2680 premi
1597 2646 1650 2670 aut
1667 2638 1804 2680 impelli:
1828 2637 1880 2669 sed
1896 2635 1947 2667 ali-

1070 2680 1197 2725 ·quassei
1214 2678 1343 2712 offundi·
1364 2681 1556 2720 nubeculas,
1586 2680 1641 2712 etsi
1658 2689 1674 2711 a
1694 2679 1946 2711 contradictione

1068 2721 1268 2753 nonf2liberas
1281 2744 1291 2760 ,
1321 2721 1442 2754 futuras
1460 2731 1565 2754 tamen
1579 2721 1754 2762 aliquibus,
1778 2722 1808 2752 in
1826 2720 1873 2752 his
1890 2719 1946 2751 mi-

1070 2764 1135 2799 'r'ius
1149 2763 1405 2802 exercitatisfin
1422 2764 1560 2804 legendo
1583 2763 1816 2795 incommodas.
1839 2762 1945 2801 itaque

1071 2804 1245 2839 existimavi
1257 2803 1435 2843 ,faeturum
1454 2814 1504 2836 me
1521 2814 1588 2836 reni
1605 2803 1748 2836 studiosis
1765 2804 1871 2835 talium
1881 2810 1946 2833 non

1068 2843 1244 2888 ingratam:
1266 2844 1287 2877 fi
1311 2853 1417 2878 tecum
1435 2846 1466 2877 in
1482 2845 1716 2887 praesentiarum
1733 2842 1946 2876 communica-

1070 2894 1139 2919 rem
1146 2887 1399 2928 simplicissimam
1409 2887 1566 2919 Marciani
1578 2893 1737 2919 mentem:
1753 2891 1848 2926 prout
1863 2884 1943 2915 hanc

1069 2938 1087 2960 a
1104 2928 1220 2970 teipso
1238 2938 1279 2960 ex
1305 2930 1360 2960 tuo
1378 2929 1585 2970 Cemmencarz'o
1610 2928 1725 2960 didici:
1747 2934 1852 2963 tatus,
1875 2923 1943 2963 ejus·

1070 2969 1379 3002 demonstrationem
1397 2971 1435 3002 ad
1453 2969 1631 3003 refellenda
1654 2977 1725 3009 quae
1746 2976 1786 2999 ex
1810 2962 1941 3010 adver-so

1068 3011 1204 3044 confuse
1220 3011 1290 3043 sunt
1306 3011 1465 3052 disputata
1483 3022 1500 3043 a
1516 3018 1696 3044 memorato
1711 3009 1790 3041 Viro
1805 3004 1943 3045 Amplis-

1069 3053 1146 3086 fimo
1158 3077 1168 3093 ,
1187 3053 1389 3094 summopere
1405 3054 1575 3094 pertinere.
1607 3051 1683 3084 Feci
1699 3055 1803 3080 autem
1820 3046 1886 3077 hoc
1899 3054 1941 3077 eo

1069 3094 1229 3127 lubentius
1241 3119 1252 3135 ,
1268 3096 1342 3136 quia
1356 3094 1498 3134 credidi,
1509 3094 1597 3136 poffe
1610 3099 1704 3124 novae
1714 3088 1859 3135 Opefflln
1869 3094 1941 3118 ΝΟ·

1068 3146 1137 3180 rum
1153 3137 1288 3169 editioni
1328 3145 1398 3169 uam
1408 3137 1527 3177 parari,
1540 3143 1584 3166 ⁴ex
1599 3133 1683 3179 fama
1697 3129 1860 3176 intellexti,
1875 3136 1941 3159 non

1068 3177 1225 3211 inutiliter
1241 3146 1360 3210 alic‘iibi
1371 3177 1461 3209 inseri
1472 3188 1480 3209 z
1490 3176 1510 3208 fi
1524 3175 1652 3215 quidem
1664 3171 1759 3215 libeat
1773 3170 1829 3202 tibi
1840 3179 1871 3202 in
1883 3169 1942 3215 hac

1067 3218 1238 3252 matema
1257 3220 1321 3260 jam
1340 3218 1469 3260 grandi,
1492 3215 1682 3256 respondere
1704 3211 1939 3282 Obieffiong’m

1903 3259 1936 3281 ο·
