2036 3495
514 147 727 190 INDEX
778 142 1015 182 RERUM
1067 141 1104 177 δι
1158 141 1560 185 V'ERBORUM⁵

178 247 229 276 tui.
258 255 319 283 433.
350 247 468 284 pupillus
498 243 545 271 fibi
567 241 622 284 ipse
647 245 721 268 tuto·

181 293 242 313 rem
263 295 359 323 pete-re
383 283 486 318 nequit.
508 288 571 315 434.
592 280 657 307 hinc
682 283 723 305 tu-

182 329 228 351 tor
260 324 372 361 pupillis
404 320 497 347 invitis
526 318 585 345 dari
611 316 721 345 dicitur.

181 361 243 390 ibid.
265 362 312 397 qui
328 369 363 388 ex
379 358 526 386 voluntate
545 361 653 384 tutores
676 362 724 390 pe·

178 406 251 427 tant.
272 398 336 427 ibid.
357 396 402 424 cui
417 404 452 423 ex
472 394 642 422 necestitate.
662 390 726 420 ibid.

181 446 198 465 a
212 444 270 472 quo
284 441 425 472 petantur.
446 433 511 460 ibid.
532 440 612 468 poena
631 430 725 459 matris

180 482 237 501 non
257 472 386 508 petentis.
407 471 471 500 ibid.
492 471 548 506 seq.
577 469 635 504 ejus
658 474 726 496 tem-

181 516 385 547 peramentum.
407 513 470 545 436.
511 508 620 537 Liberti
641 506 725 534 etiam

181 555 301 577 tutorem
330 555 425 583 petere
449 547 562 575 debent.
587 544 649 573 ibid.
684 549 726 570 tu-

181 594 226 614 tor
248 585 359 622 cogitur
379 585 497 613 tutelam
523 592 629 621 gerere.
659 587 723 615 437.

180 623 207 650 ὄῑ
228 623 278 651 ubi
299 623 392 658 plures
417 623 505 657 sunt,
535 629 605 650 unus
631 621 725 656 potius

180 660 371 690 administrare
394 660 488 689 debet.
516 661 578 689 ibid.
606 659 666 693 ejus
687 656 726 684 sa-

180 699 294 727 tisdatio
316 706 468 736 antequam
486 705 572 735 gerat.
600 696 662 724 ibid.
686 694 726 721 in-

182 738 303 766 ventarii
316 737 467 766 confestio.
661 731 724 760 ibid.

144 774 256 804 Tutelae
281 774 493 804 administratio.
514 772 576 802 ibid.
594 776 674 799 tutor
696 770 725 796 in

183 821 216 840 ea
245 822 298 850 pro
327 813 444 841 domino
469 810 517 839 est.
545 809 608 839 ibid.
634 806 724 844 pupil-

183 851 239 880 ium
256 852 291 879 ali
307 873 314 883 .
336 849 449 879 educari
468 849 542 877 reste
557 854 655 876 curare
679 844 727 872 de-

181 890 242 918 bet.
262 889 324 919 ibid.
345 897 397 924 pro
419 886 530 923 pupillo
551 883 673 922 experiri
697 883 725 911 in

179 927 287 963 judicio
307 925 407 962 poten.
429 923 495 953 ibid.
515 931 570 953 tarn
593 924 622 951 in
642 928 725 956 agen-

180 965 218 992 do
235 986 242 999 ,
271 971 354 1000 quam
382 964 410 991 in
436 961 630 991 defendendo.
660 958 724 988 ibid.

182 1001 250 1038 quid
266 1002 285 1031 fi
299 1001 408 1039 pupillo
424 1000 587 1029 solvendum
605 999 645 1027 sit.
660 997 723 1026 ibid.

180 1040 237 1075 seq.
259 1046 337 1068 tutor
353 1038 462 1068 solvere
477 1046 531 1074 pro
548 1036 657 1074 pupillo
674 1044 723 1072 po-

179 1078 240 1106 test.
271 1084 336 1112 439.
364 1085 426 1113 quae
452 1076 505 1105 alia
530 1082 648 1112 erogare
675 1073 725 1109 ipsi

179 1115 212 1145 fit
236 1114 404 1153 permiffum.
424 1114 487 1143 ibid.
515 1114 583 1151 quid
605 1112 625 1141 fi
646 1120 725 1147 pater

178 1154 305 1189 quaedam
319 1154 355 1182 de
375 1151 615 1181 administratione
637 1149 726 1185 dispo-

180 1190 300 1221 fueritin
311 1190 557 1220 testamento.ibid.
572 1188 726 1225 periculum

179 1231 284 1259 tutelae.
297 1229 361 1257 ibid.
377 1228 412 1257 ad
420 1237 481 1266 quae
496 1233 573 1257 tutor
587 1232 726 1256 teneatur.

178 1268 242 1296 ibid.
264 1274 392 1296 tutorum
407 1267 544 1295 beneficia
561 1285 571 1299 ,
597 1265 645 1292 ubi
667 1263 727 1298 plu-

181 1314 225 1334 res
239 1307 310 1335 sunt.
326 1305 390 1334 ibid.
407 1304 499 1334 tutelae
515 1304 647 1332 aditiones.
661 1301 724 1329 ibid.

141 1344 261 1373 Tutoris
289 1343 437 1372 auctoritas
466 1341 534 1378 quid
576 1340 617 1368 fit.
658 1346 723 1373 439.

177 1381 293 1419 quando
311 1381 342 1409 fit
357 1380 507 1408 necessaria
522 1378 638 1414 pupillo.
659 1385 723 1411 440.

177 1420 197 1449 fi
219 1421 324 1455 absque
348 1427 380 1446 ea
403 1417 526 1454 pupillus
540 1416 638 1451 egerit.
660 1414 723 1442 ibid.

176 1465 213 1485 an
230 1463 307 1485 tutor
321 1456 356 1483 ad
378 1464 438 1483 eam
458 1452 635 1490 praebendam
659 1452 724 1487 cogi

177 1495 270 1533 poffit.
292 1494 352 1522 ibid.
375 1491 525 1527 quomodo
545 1499 577 1518 ea
600 1492 725 1525 interpo-

179 1533 272 1562 nenda
290 1533 331 1560 fit.
349 1529 527 1561 ibid.„satisne
541 1529 572 1557 fit
586 1528 605 1556 fi
620 1529 653 1556 ab
665 1535 722 1555 uno

179 1574 382 1607 interponatur.
403 1568 467 1596 ibid.
499 1566 526 1595 in
547 1567 648 1603 quibus
674 1573 723 1593 ne-

178 1610 263 1647 gotiis
286 1606 429 1641 interponi
452 1611 545 1641 queat.
576 1604 640 1632 ibid.
662 1603 718 1631 for-

178 1658 222 1678 ma
243 1643 410 1681 interpofitae
430 1643 499 1678 ejus.
518 1650 583 1678 441.
604 1641 720 1679 quando

178 1682 384 1722 interponenda
397 1681 439 1711 fit.
656 1679 720 1707 ibid.

139 1724 258 1756 Tutoris
279 1722 382 1751 factum
403 1718 553 1757 quomodo
569 1717 678 1755 pupillo
694 1717 722 1745 δι

177 1765 205 1792 in
231 1769 295 1790 eum
316 1759 404 1796 pariat
424 1757 573 1786 actionem.
600 1763 665 1790 441.
686 1763 721 1783 an

176 1801 202 1830 δι
218 1799 301 1828 dolus
313 1797 385 1832 ejus.
404 1803 472 1832 442.
492 1792 623 1824 diffensus
645 1798 722 1822 vete-

175 1846 248 1868 rum.
579 1831 643 1860 ibid.
663 1830 720 1867 seq.

138 1877 242 1908 Tutela
262 1871 373 1909 suspecti
387 1871 492 1900 tutoris
511 1870 672 1899 remotione
690 1868 720 1898 fi-

175 1915 252 1944 nitur
270 1912 389 1947 aliisque
409 1908 511 1938 modis.
538 1915 602 1943 443.
630 1907 719 1944 suspe-

174 1952 233 1981 &us
255 1955 332 1979 tutor
354 1947 415 1984 quis
431 1946 472 1977 fit.
492 1946 560 1976 ibid.
578 1945 654 1975 unde
671 1945 718 1973 de-

174 1989 288 2021 scendat
321 1985 433 2022 suspesti
460 1984 623 2023 postulatio.
658 1982 721 2011 ibid.

175 2027 250 2065 apud
273 2032 347 2063 quos
374 2023 554 2059 Magistratus
582 2021 720 2050 facienda.

172 2066 236 2096 ibid.
258 2064 307 2101 qui
324 2067 431 2091 tutores
452 2068 484 2090 ut
502 2060 614 2096 suspecti
628 2059 721 2096 postu-

175 2105 225 2134 lari
250 2108 364 2140 queant.
391 2106 456 2134 444.
486 2098 536 2136 qui
553 2105 603 2126 eos
625 2096 719 2134 postu-

173 2144 230 2172 lare
246 2145 360 2177 queant.
381 2136 445 2166 ibid.
462 2135 564 2173 quibus
582 2143 617 2164 ex
632 2135 718 2163 causis

172 2179 287 2217 suspecti
306 2181 516 2205 removeantur.
538 2173 602 2202 ibid.
625 2173 718 2209 postu-

174 2218 288 2248 lationis
310 2213 422 2251 suspecti
444 2212 570 2241 effeetus.
590 2219 655 2246 445.
676 2219 718 2253 re-

173 2254 310 2285 motionis
331 2252 459 2280 effestus.
485 2250 549 2278 ibid.
571 2248 628 2285 seq.
657 2248 716 2276 allae

174 2302 262 2331 poenae
283 2290 406 2329 suspeEti.
661 2289 717 2321 446

137 2331 245 2362 Tutelae
260 2328 410 2359 Excusatio
423 2349 431 2362 ‚
452 2326 528 2364 quid.
553 2324 618 2353 ibid.
645 2324 715 2353 intra

174 2369 251 2406 quod
266 2374 376 2404 tempus
391 2363 585 2403 proponenda.
600 2363 663 2391 ibid.
686 2361 716 2389 fit

174 2406 221 2435 vel
238 2406 265 2433 in
280 2412 389 2439 totum,
411 2403 456 2431 vel
471 2403 498 2431 in
514 2408 630 2438 partem.
651 2399 715 2429 ibid.

174 2443 244 2473 olim
258 2442 447 2479 appellabatur
465 2441 499 2469 ab
514 2439 569 2476 ipsa
585 2440 714 2471 datione,

175 2479 262 2510 hodie
285 2489 300 2508 a
323 2479 477 2515 rejectione
499 2477 583 2507 causae
604 2476 716 2506 exeusa—

790 236 885 263 tioris.
913 233 978 261 ibid.
1013 233 1069 269 seq.
1105 232 1248 261 excusatio
1276 243 1330 271 pro

788 273 920 302 tribunali
953 271 992 298 est
1032 272 1228 308 proponenda.
1265 280 1331 306 447.

791 313 883 348 plures
901 308 1091 346 proponenda:
1110 308 1179 336 suut.
1268 310 1331 338 ibid.

753 351 864 380 Tutelae
878 349 948 376 aetio
969 346 1079 376 dirtfta.
1101 348 1165 381 448.
1189 346 1245 383 seq.
1266 357 1332 384 qua-

793 389 824 416 lis
855 387 885 414 sit
902 407 909 420 ‚
945 385 1059 421 quando
1086 387 1177 412 detur.
1204 393 1269 420 449.
1298 385 1332 413 de

1398 246 1460 273 305.
1491 239 1558 276 quid
1583 239 1600 267 fi
1623 240 1727 270 arbiter
1753 243 1849 281 inique
1871 246 1946 274 arbi·

1398 284 1485 304 [ratus
1501 278 1540 306 sit.
1557 279 1618 306 ibid.
1643 280 1696 315 stq.
1719 284 1839 316 pretIum
1855 284 1951 311 conii-v

1397 314 1467 341 slei-e
1490 317 1514 343 in
1542 317 1661 352 pecunia
1683 326 1825 348 numerata
1848 321 1942 350 debet.

1399 356 1462 386 306.
1486 354 1540 389 seq.
1563 363 1597 382 an
1613 357 1731 391 pecunia
1751 356 1829 392 data,
1851 364 1944 387 utres

1400 393 1502 425 detur,
1525 391 1556 419 sit
1578 392 1715 421 venditio.
1890 405 1943 431 307

794 434 851 462 quo
867 425 957 452 detur.
979 423 1042 451 ibid.
1063 422 1097 450 de
1112 430 1170 450 non
1191 424 1273 458 gestis
1287 425 1334 450 da·
1361 427 1389 455 in
1409 429 1583 457 Venditione
1605 430 1747 459 servorum
1762 432 1858 461 titulus
1875 434 1945 462 sole-

794 471 837 491 tur
866 469 973 490 tantum
1011 460 1085 489 utilis
1119 462 1211 488 tutelae
1250 461 1332 488 aestio.

792 502 855 530 ibid.
878 500 932 536 seq.
955 500 989 527 ad
1011 499 1077 534 quid
1099 504 1176 525 tutor
1199 505 1336 527 teneatur.

791 548 855 575 450.
885 540 912 566 in
935 543 1078 573 quantum.
1101 536 1163 563 ibid.
1194 537 1338 573 exceptio-

792 586 842 606 nes
865 576 921 604 five
942 574 1078 604 beneficia
1101 574 1240 602 tutoribus
1262 582 1338 603 com·-

792 614 924 651 petentia.

754 653 865 681 'rutelae
881 651 954 679 aetio
969 650 1117 678 contraria.
1140 658 1204 685 452.
1226 649 1334 678 nullum

792 690 826 717 de
849 699 881 717 ea
897 688 950 716 fuit
966 688 1093 715 Praetoris
1113 687 1250 716 Edlstum.
1270 687 1336 714 ibid.

792 727 851 761 ejus
871 725 1030 762 descriptio,
1271 725 1334 754 ibid.

753 765 846 794 Tutor
860 764 941 793 falsus
955 763 973 791 si
990 763 1182 792 auctoritatem
1205 762 1278 791 suam
1298 763 1338 792 in-

791 802 966 839 terposuerit.
988 809 1052 836 452.
1076 800 1132 837 seq.
1180 801 1286 830 Praetor
1307 801 1335 828 in

791 841 930 877 integrum
960 839 1166 867 restitutionem
1195 839 1336 867 concedit·

792 887 856 914 453.
879 886 965 914 porro
987 885 1048 913 quae
1071 877 1142 905 affio
1163 878 1191 905 in
1210 883 1335 905 tutorem

791 918 870 944 illum
891 916 979 943 detur.
1001 914 1065 942 ibid.
1087 914 1142 951 seq.
1165 916 1210 943 cui
1234 915 1334 949 detur,

791 961 889 982 contra
910 960 994 988 quem
1007 974 1014 985 ,
1038 951 1072 980 ad
1088 951 1166 989 quid.
1278 961 1335 988 454

753 993 895 1021 Tutorum
919 989 1077 1024 fidejussor,
1099 991 1262 1019 nominator
1277 1011 1287 1025 ,
1309 993 1335 1019 ot

790 1030 882 1058 heres.
898 1036 962 1063 454.
978 1027 1118 1062 fidejussor
1137 1029 1237 1057 tutoris
1251 1030 1335 1057 etiam

793 1075 828 1095 ex
844 1067 921 1096 nudo
936 1066 1016 1101 paeto
1032 1072 1143 1093 tenetur
1164 1065 1183 1093 fi
1203 1075 1217 1093 a
1241 1072 1336 1094 tutore

792 1106 968 1135 nominetur.
991 1103 1149 1139 diciturque
1167 1104 1189 1130 is
1211 1104 1336 1132 nomina-

794 1149 840 1172 tor
874 1142 984 1171 tutoriS.
1013 1141 1075 1169 ibid.
1101 1141 1143 1169 vis
1164 1140 1245 1175 hujus
1269 1141 1336 1170 fide-

792 1181 928 1217 Juffionis.
947 1179 1010 1207 ibid.
1031 1178 1100 1215 quid
1114 1179 1133 1206 ss
1150 1179 1243 1214 plures
1262 1185 1335 1208 tuto-

793 1227 838 1248 res
857 1219 908 1247 sint
922 1239 929 1251 ,
951 1217 977 1245 ἃ
997 1226 1012 1244 a
1032 1216 1144 1253 singulis
1165 1216 1335 1252 fidejussores

791 1256 887 1294 singuli
920 1254 1022 1283 fuerint
1049 1254 1115 1283 dati.
1141 1262 1206 1289 455.
1234 1257 1335 1284 tutoris

791 1297 871 1323 heres
886 1300 1024 1330 quatenus
1039 1299 1175 1321 teneatur.
1198 1293 1262 1321 ibid.
1279 1294 1334 1329 seq.

752 1334 862 1363 Tutela:
877 1330 957 1368 gestae
971 1331 1103 1365 nomine,
1122 1337 1259 1365 quatenus
1272 1331 1334 1359 Ma-

789 1371 916 1408 gistratus
948 1369 1096 1396 conveniri
1123 1374 1238 1402 queant.
1267 1372 1332 1403 456.

791 1408 902 1446 quando
914 1406 1015 1434 affitioni
1032 1404 1193 1434 subfidiariae
1207 1413 1274 1434 tunc
1290 1409 1332 1435 lo-

792 1455 840 1474 cus
863 1445 903 1473 sit.
932 1444 995 1472 ibid.
1024 1444 1070 1472 cui
1092 1451 1125 1471 ea
1150 1442 1240 1472 detur.
1267 1445 1331 1473 ibid.

791 1490 890 1512 contra
907 1490 1000 1519 quem.
1022 1489 1086 1516 457.
1108 1488 1142 1509 an
1157 1488 1255 1509 contra
1271 1482 1331 1515 ejus

788 1521 919 1550 heredes.
941 1520 1004 1549 ibid.
1025 1528 1059 1547 an
1079 1519 1107 1548 in
1130 1519 1259 1547 ordinem
1274 1520 1331 1548 De-

790 1560 946 1588 curionum.
963 1557 1026 1586 ibid.
1046 1559 1074 1586 in
1089 1562 1222 1593 quantum
1239 1556 1329 1585 detur.

1186 1594 1250 1623 ibid.
1273 1594 1329 1631 seq.

749 1637 842 1665 Tutor
858 1634 998 1663 alienandi
1015 1635 1060 1670 Jus
1074 1641 1108 1661 an
1124 1632 1225 1661 habeat
1236 1655 1244 1667 ,
1266 1633 1332 1662 vide

787 1673 924 1702 Minorum
942 1675 1013 1702 bona.

1019 1729 1055 1758 V.

751 1787 822 1857 V
832 1787 952 1825 efflgalis
968 1795 1049 1824 ager,
1064 1785 1130 1815 vide
1146 1784 1330 1824 Empbyteulis.

843 1827 1021 1861 Vellejanum
1029 1823 1082 1854 SC.
1090 1826 1204 1861 quando
1219 1825 1330 1852 tactum.

786 1874 851 1902 274.
873 1865 960 1893 verba
975 1864 1044 1898 ejus.
1066 1871 1130 1898 275.
1154 1861 1331 1891 intercedere

785 1902 862 1942 quid.
884 1902 946 1931 ibid.
963 1901 1039 1938 seqq.
1060 1910 1122 1938 quae
1143 1901 1253 1930 feminae
1274 1899 1330 1928 hoc

788 1941 928 1971 beneficio
950 1939 1097 1976 gaudeant.
1120 1942 1183 1974 276.
1210 1945 1328 1974 quomo-

790 1980 828 2009 do
843 1980 987 2014 juventur.
1009 1977 1073 2005 ibid.
1095 1984 1159 2012 277.
1179 1976 1326 2013 quomodo
1355 1977 1406 2006 Vis
1421 1978 1511 2013 major
1523 1986 1594 2016 quae.

787 2017 922 2047 creditori
937 2016 1165 2050 succurritur,ne
1184 2016 1211 2042 in
1222 2013 1327 2042 damno
1355 2015 1463 2045 Vitium
1480 2016 1520 2044 rei
1535 2016 1602 2052 quid
1617 2016 1657 2045 sit.

1196 611 1259 640 ibid.
1281 612 1339 648 seq.

1403 466 1450 493 bat
1471 467 1548 495 collo
1567 467 1636 496 servi
1652 470 1790 504 appendi,
1814 471 1873 504 ejus
1891 473 1946 499 vir·

1403 508 1476 531 tutes
1495 505 1521 534 &
1538 505 1604 534 vitia
1621 506 1774 535 declarans.
1890 516 1946 544 352

1366 539 1482 606 Vendiji
1506 543 1577 572 τιξὶίο
1611 544 1655 571 cui
1687 543 1779 574 detur.
1812 553 1875 581 3²9-
1906 547 1946 575 ad'

1405 586 1454 614 qui
1477 599 1484 607 .
1878 586 1943 615 ibd.

1367 615 1503 658 Venditio
1513 639 1522 654 ‚
1541 618 1608 648 vide
1620 620 1713 650 Emtio.
1907 595 1914 614 Ζ

1366 653 1437 681 actio
1462 654 1497 682 de
1521 656 1548 683 in
1573 664 1631 686 rem
1653 659 1750 687 Verso.
1774 667 1837 694 272.
1865 660 1947 692 datur

1404 698 1439 733 ex
1459 695 1577 735 negotio
1595 695 1674 729 gesto
1695 705 1758 727 cum
1780 698 1898 734 persona
1916 709 1944 728 a·

1402 728 1470 772 henr
1487 731 1566 774 juris.
1586 732 1649 761 ibid.
1671 734 1726 770 seq.
1747 735 1781 763 ad
1795 736 1947 772 quid-273.

1403 766 1471 803 qu1d
1488 768 1616 798 wdeatur
1633 770 1662 799 in
1675 779 1734 801 rem
1747 773 1865 803 versum.
1879 776 1944 804 ibid.

1364 805 1480 834 Ventris
1494 806 1637 843 inspectio.
1890 816 1947 849 418

1363 841 1437 870 Villa
1452 845 1620 881 quotuplex.
1890 858 1946 886 334

1362 880 1412 925 Rei
1431 881 1589 925 Vindiqatio.
1622 892 1686 920 149.
1714 886 1845 915 vindicare
1866 889 1944 924 quid.

1399 919 1461 948 zbzd.
1484 921 1550 956 quid
1565 922 1616 951 hac
1631 924 1740 952 afflone
1754 931 1871 960 petatur.
1880 926 1945 954 ibid.

1402 957 1458 994 seq.
1485 961 1633 994 quomodo
1653 969 1696 989 res
1716 961 1881 998 designanda
1902 964 1944 992 sit.

1403 1003 1466 1030 150.
1495 1005 1555 1032 pars
1582 1006 1634 1034 pro
1668 998 1787 1028 indiviso
1809 1002 1949 1030 vmdicari.

1402 1033 1512 1069 potest,
1541 1036 1627 1064 modo
1648 1037 1755 1066 indicet
1777 1038 1852 1066 attor
1871 1047 1944 1076 quo—

1403 1078 1458 1099 tam
1482 1072 1618 1114 yindicet.
1647 1075 1710 1103 ibid.
1744 1076 1896 1113 aliquando
1917 1076 1944 1105 &

1403 1117 1465 1150 pars
1479 1117 1594 1139 incerta.
1615 1113 1676 1141 ibid.
1699 1113 1779 1142 datur
1796 1115 1856 1142 haec
1871 1116 1943 1143 actio

1403 1153 1429 1173 ei
1444 1148 1492 1189 qui
1508 1148 1535 1175 se
1553 1148 1699 1179 dominum
1717 1151 1779 1185 jure
1800 1153 1877 1180 civili
1896 1159 1945 1182 aut

1403 1190 1529 1226 genuum
1542 1186 1617 1215 dicit.
1636 1188 1699 1216 ibid.
1722 1197 1783 1223 151.
1805 1198 1874 1226 ergo
1888 1199 1945 1220 non

1402 1222 1582 1265 vindicantur
1602 1234 1663 1262 quae
1682 1235 1738 1255 non
1765 1227 1825 1256 sunt
1847 1228 1875 1256 in
1894 1228 1944 1258 do-

1401 1267 1491 1288 muno
1507 1261 1611 1290 nostro.
1630 1272 1692 1299 150.
1714 1272 1744 1292 ut
1760 1265 1839 1293 liberi
1854 1265 1944 1295 homi·

1401 1304 1461 1340 nea.
1481 1299 1545 1327 ibid.
1568 1299 1646 1329 liberi
1669 1310 1684 1329 a
1704 1308 1781 1338 patre
1793 1303 1855 1338 J'ure
1874 1304 1945 1342 Qui-

1400 1341 1493 1364 ritium
1509 1336 1647 1366 vindicari
1662 1340 1782 1375 possunt.
1797 1341 1860 1369 ibid.
1877 1349 1945 1371 cons

1402 1378 1443 1399 tra
1464 1382 1546 1409 quem
1575 1375 1636 1403 haec
1662 1378 1733 1405 aetio
1760 1377 1849 1406 detur.
1879 1387 1943 1414 152.

1397 1417 1462 1450 reus
1475 1419 1532 1440 non
1551 1412 1659 1440 necesse
1673 1413 1758 1442 habet
1774 1422 1870 1443 contra
1883 1417 1942 1445 vin-

1397 1446 1500 1475 dicare.
1515 1449 1578 1477 ibid.
1600 1449 1680 1478 datur
1694 1451 1753 1480 haec
1768 1453 1838 1481 aetio
1855 1453 1939 1483 etiam

1397 1490 1496 1512 contra
1512 1485 1617 1514 nudum
1634 1486 1822 1518 detentorem.
1840 1490 1900 1519 ibid.
1912 1491 1939 1519 ἃ

1398 1528 1497 1550 contra
1514 1531 1578 1552 eum
1593 1524 1642 1559 qui
1659 1523 1727 1553 dolo
1742 1527 1809 1554 fecit
1827 1535 1863 1555 ne
1879 1537 1942 1563 pos-

1397 1559 1507 1588 fideret.
1531 1568 1592 1596 153.
1617 1570 1669 1589 nec
1684 1570 1740 1590 non
1758 1571 1821 1592 eum
1836 1566 1884 1601 qui
1900 1566 1942 1594 liti

1399 1598 1426 1626 se
1441 1598 1554 1626 obtulit.
1569 1599 1631 1627 ibid.
1653 1599 1711 1627 haec
1724 1600 1795 1629 aetio
1811 1601 1891 1630 datur
1907 1603 1942 1631 ad

1400 1635 1598 1665 restituendam
1615 1646 1682 1666 rem.
1699 1638 1761 1665 ibid.
1782 1648 1845 1667 curn
1863 1641 1942 1669 omni

1397 1672 1485 1702 causa.
1506 1675 1569 1703 ibid.
1585 1674 1610 1703 δι,
1626 1675 1767 1704 fructibus.
1783 1678 1845 1705 ibid.
1863 1677 1940 1715 seqq.

1397 1718 1471 1748 quos
1486 1719 1638 1749 perceptos
1646 1713 1808 1743 Publiciana
1823 1725 1838 1743 a
1855 1718 1941 1744 tertio

1395 1747 1530 1779 vindicat.
1564 1754 1627 1786 156.
1656 1750 1682 1779 &
1708 1760 1725 1780 a
1752 1752 1778 1781 se
1805 1753 1939 1789 possessos

1396 1786 1535 1816 exstantes
1554 1788 1692 1824 restituit,
1713 1790 1762 1818 nisi
1779 1799 1828 1819 eos
1847 1791 1941 1820 usuce-

1397 1826 1479 1862 perit.
1499 1826 1562 1854 ibid.
1582 1827 1661 1864 quod
1674 1827 1718 1861 jus
1737 1827 1769 1856 fit
1782 1828 1942 1865 possessoris

1397 1863 1731 1901 respectuimpensarum.
1799 1874 1861 1901 157.
1885 1867 1942 1903 seq.

1359 1900 1497 1930 viridaria
1519 1903 1587 1931 olim
1604 1902 1784 1933 aedificiorum
1800 1905 1876 1933 tectis
1892 1905 1942 1934 im-

1396 1941 1586 1976 ponebantur.
1885 1946 1940 1978 165

1885 1985 1941 2016 ³³2

1881 2025 1940 2054 454

785 2057 826 2085 fit.
849 2057 913 2091 278.
941 2053 1056 2091 quando
1076 2054 1129 2084 SC.
1148 2052 1244 2082 cess‘et.
1263 2052 1327 2081 ibid.
1356 2052 1528 2082 Univerfitas
1553 2054 1629 2089 quid.
1659 2061 1703 2090 73.
1724 2053 1786 2092 quis
1805 2055 1864 2089 ejus
1887 2065 1937 2085 ne-

785 2103 819 2122 an
837 2091 1035 2122 renuntiando.
1265 2091 1328 2120 ibid.

746 2132 898 2164 Venditio,
919 2131 954 2159 de
972 2139 1004 2158 ea
1021 2129 1158 2159 Edictum.
1182 2136 1247 2163 302.
1268 2130 1328 2164 ejus

1394 2092 1473 2128 gotia
1488 2098 1577 2128 gerat.
1598 2093 1661 2122 ibid.
1684 2092 1741 2130 seq.
1761 2094 1882 2122 maxime
1894 2093 1938 2129 ju-

1395 2129 1513 2158 dicialia.
1902 2139 1937 2167 74

785 2170 921 2198 definitio.
955 2168 1018 2197 ibid.
1055 2168 1249 2196 substantialia.
1290 2167 1326 2195 ei.
1356 2166 1559 2196 Univerfitates
1594 2177 1654 2205 quo
1691 2168 1754 2204 jure
1787 2169 1937 2206 gaudeant.

783 2208 847 2237 ibid.
876 2206 1027 2235 consensus
1047 2213 1152 2234 merus.
1173 2205 1238 2234 ibid.
1258 2205 1326 2241 quid

1878 2215 1934 2244 340

784 2247 802 2276 si
837 2245 917 2274 arrha
950 2243 1074 2273 accedat.
1110 2251 1172 2278 303.
1202 2244 1323 2280 pretium
1354 2243 1466 2272 Vocare
1482 2243 1509 2271 in
1522 2245 1582 2279 jus,
1604 2244 1671 2273 vide
1685 2245 1882 2281 Injusvocare.

782 2284 861 2320 quid.
881 2282 943 2312 ibid.
966 2290 1066 2311 verum
1082 2282 1138 2310 effe
1153 2281 1247 2310 debet.
1258 2281 1321 2309 ibid.
1354 2281 1500 2310 Urbanum
1516 2281 1649 2318 praedium
1664 2282 1753 2319 quod.

782 2328 899 2350 certum.
938 2328 1001 2356 304.
1036 2320 1110 2348 valet
1142 2318 1271 2348 venditio
1304 2319 1325 2347 fi
1352 2317 1387 2346 de
1400 2319 1506 2348 usuris.

1881 2286 1934 2318 165

1881 2328 1936 2355 370

783 2359 945 2388 conferatur
960 2358 1043 2395 pretii
1061 2358 1189 2386 definit10
1205 2358 1232 2386 in
1254 2357 1325 2386 arbi·
1352 2356 1506 2386 Usurarum
1525 2358 1569 2392 jus
1589 2357 1728 2388 diversum
1754 2368 1770 2387 a
1791 2359 1930 2388 fruftibus.

782 2399 865 2427 trium
882 2397 995 2426 alterius
1010 2396 1248 2426 contrahentium.
1262 2395 1324 2424 ibid.

1879 2402 1932 2428 154

781 2435 849 2474 quid
873 2437 892 2464 fi
917 2437 946 2464 in
964 2435 1041 2463 tertii
1056 2435 1155 2464 incerti
1175 2433 1321 2463 arbitrium
1354 2432 1385 2462 de
1410 2431 1466 2470 Usu
1493 2431 1531 2469 δ’
1551 2433 1721 2464 habitatione.
1752 2438 1814 2469 163.
1861 2431 1934 2460 Usus

784 2473 956 2504 conferatur.
976 2473 1039 2502 ibid.
1066 2472 1136 2510 quid
1155 2472 1175 2502 fi
1196 2472 1225 2501 in
1246 2472 1327 2503 certi.

1393 2471 1471 2509 quid.
1872 2468 1937 2497 ibici.

1630 3266 1933 3321 INDEX

2006 1935 2036 2059 l
