2036 3495
621 87 907 134 JULlus

87 188 198 220 certe,
222 178 271 211 De
280 178 399 222 placitis
413 176 645 218 Philofiipborum
659 176 707 207 lib.
749 199 756 207 .
773 186 798 208 c.
817 185 854 218 15
865 201 875 218 ,
892 186 966 210 cum

88 224 261 264 quaeritur,
281 232 320 254 an
328 222 424 262 faetus
446 220 478 251 in
494 224 574 250 utero
591 186 750 256 animalsst
762 241 772 256 ‚
794 217 887 250 Plato
903 220 966 251 ani-

88 265 148 297 mal
171 262 281 303 censet,
304 265 373 306 quia
397 260 434 296 δ’
456 265 607 293 moveatur
628 259 659 290 in
685 265 765 291 utero
792 258 829 294 &³
855 261 964 293 alatur.

88 305 191 338 Stoici
211 311 323 346 partem
345 303 477 341 ventris,
499 309 556 333 non
573 300 701 333 animal:
724 307 814 343 utque
823 301 965 341 fruetus,

88 347 143 390 qui
152 345 291 388 stirpium
305 350 406 387 partes
411 344 510 383 sunt,
533 343 582 374 ubi
596 347 762 374 maturuere
777 342 927 383 defluunt:
942 345 966 374 i-

89 396 123 421 za
137 397 196 421 rem
208 397 319 430 quoque
335 386 435 418 habere
452 387 485 415 de
493 384 585 425 foetu.
629 383 848 425 Empedocles
858 386 967 426 faetum

87 438 148 462 non
170 428 222 471 effe
243 429 356 471 quidem
380 425 507 465 animal,
522 425 635 466 spiritu
653 431 748 457 tamen
762 428 918 467 praditum
934 428 966 458 in

87 476 176 503 utero.
194 471 324 512 primam
333 473 430 500 autem
440 467 574 498 animalis
585 467 800 508 respirationem
801 468 872 508 fieri
880 493 890 508 ,
900 478 966 500 cum

84 517 177 554 partu
191 512 303 550 editur,
318 510 465 542 decedente
480 509 598 539 humore
608 509 659 550 qui
673 507 711 550 esi
725 510 756 540 in
764 510 843 550 fatu
854 534 863 549 ,
881 509 918 545 δέ’
933 511 965 542 in

86 551 222 594 exhausti
238 553 329 584 locum
333 551 505 591 succedente
518 550 550 581 in
565 551 636 589 vasa
653 552 776 591 reserata
791 551 852 582 ae're
868 557 958 583 exter-

87 603 137 627 no.
166 594 334 635 Diogenes
347 592 512 624 inanimata
526 591 605 631 nasci
615 593 772 632 animalia,
780 593 826 628 sed
841 603 906 625 cum
921 604 966 626 ca·

87 636 165 667 lore.-
184 641 271 677 atque
285 632 406 671 insitum
421 633 542 664 calorem
551 632 643 671 fimul
657 640 743 675 atque
753 641 857 666 natum
877 633 915 675 est
931 646 964 667 a·

83 676 194 715 nimal,
218 677 348 707 animum
364 676 397 706 in
414 674 563 715 pulmones
578 676 732 707 attrahere.
764 675 964 717 Herophilus

86 717 250 750 naturalem
259 717 353 757 foetui
367 718 398 748 in
420 724 499 748 utero
509 740 519 756 ,
535 726 592 747 non
609 717 762 748 animalem
779 723 886 749 motum
896 724 963 759 per-

85 759 194 798 mittit,
209 765 358 799 motusque
371 759 487 798 caulam
503 759 561 789 edit
576 767 686 790 nervos.
711 759 851 791 animalia
867 767 964 791 autem

85 807 148 832 tum
169 802 283 832 demum
299 798 368 840 fieri
383 823 395 840 ,
424 809 491 832 cum
506 809 542 832 ex
558 805 636 831 utero
654 799 745 842 effusa
762 800 875 842 aliquid
889 801 964 832 ae'ris

81 843 147 875 ‘acci
168 843 242 873 iunt.
702 848 710 868 ί

124 849 187 915 Sgd
199 883 440 924 qualiscumque
455 882 554 915 fuerit
564 891 601 915 ea
611 883 710 915 ratio:
725 883 846 925 placuit
861 883 964 924 Popu-

84 925 105 958 li
114 924 249 957 Romani
261 925 403 957 moribus
415 923 563 957 adversus
572 925 677 965 legem
692 924 862 957 Romuli&
874 924 963 956 Duo-

84 967 191 1000 decim
215 965 435 1005 Tabularum,
458 965 643 1007 parentibus
667 966 715 1007 jus
739 965 820 1005 esse,
845 966 963 998 liberos

83 1007 364 1049 sanguinolentos,
389 1007 408 1039 li
426 1008 472 1040 eis
490 1008 672 1046 videretur,
692 1008 824 1039 tollere:
848 1007 890 1039 fin
907 1008 962 1039 mi-

37 1058 40 1061 ·
83 1058 161 1089 nus,
184 1059 349 1091 exponere
364 1056 417 1080 aut
434 1058 549 1081 necare
564 1048 628 1080 fine
646 1048 841 1081 discrimine:
856 1049 962 1080 value-

83 1099 224 1129 runtque
240 1091 271 1122 hi
282 1100 388 1123 mores
404 1091 603 1132 temporibus
613 1089 812 1130 Principum,
826 1089 881 1121 sub
897 1091 962 1130 qui-

84 1132 143 1165 bus
161 1132 339 1164 floruerunt
355 1131 595 1172 Jurisconsulti,
619 1141 659 1163 ex
676 1131 791 1171 quibus
807 1139 960 1176 excerpta

83 1173 155 1205 sunt
169 1174 398 1206 Pandestaruin
416 1173 613 1214 Fragmenta.
638 1171 719 1203 Usus
736 1180 824 1204 certe
837 1172 882 1204 his
900 1172 960 1204 fuit

85 1213 188 1247 Caesar
211 1214 384 1256 Augustus;
408 1224 480 1246 cum
503 1214 585 1252 apud
600 1213 808 1251 Suetonium,
834 1212 960 1244 Otiavz'o

84 1266 109 1287 c.
119 1260 170 1297 65.
190 1255 242 1287 Ex
258 1262 339 1296 nepte
348 1255 456 1295 Jahn,
466 1254 531 1296 post
546 1256 775 1293 damnationem,
792 1254 899 1285 editum
917 1255 960 1286 in·

82 1298 195 1337 fantem
212 1298 327 1338 agnosci
342 1297 437 1337 alique
455 1298 561 1327 vetuit.
605 1295 679 1327 Nec
700 1303 822 1327 tantum
840 1295 963 1337 Caesar;

83 1337 178 1369 sed&
190 1339 313 1377 privati.
338 1337 526 1369 Suetonium
543 1337 634 1375 audi,
655 1336 789 1377 Caligula
803 1347 828 1368 c.
846 1347 877 1377 5.
897 1337 963 1382 Quo

83 1378 238 1419 defunt'tus
264 1376 302 1419 est
325 1380 371 1409 die
387 1402 397 1417 ,
428 1379 559 1420 lapidata
571 1380 649 1418 sunt
672 1379 776 1419 templa
791 1402 801 1417 ,
816 1378 962 1419 subversa

77 1419 181 1453 Deum
190 1430 264 1459 arae,
281 1420 372 1451 Lares
386 1422 584 1462 aquibusdam
591 1419 761 1459 familiares
771 1421 802 1450 in
814 1421 963 1460 publicum

82 1461 206 1504 abJetii,
223 1467 332 1503 partus
354 1463 510 1504 conjugum
538 1459 667 1505 expoftti.
713 1460 786 1492 Nec
808 1462 885 1493 alius
900 1461 962 1494 fuit

80 1501 204 1535 Tacito
228 1504 368 1542 animus3
391 1512 463 1535 cum
481 1503 684 1543 Judaeorum,
710 1501 961 1535 Germanorum-

82 1553 165 1585 que,
191 1554 240 1576 res
263 1553 448 1585 exponens,
468 1546 519 1576 lib.
544 1556 575 1585 5.
599 1542 713 1585 Histor.
729 1554 754 1575 c.
769 1555 799 1586 5.
818 1544 847 1576 δι
864 1544 960 1583 Defi-

81 1591 115 1618 tu
126 1609 141 1625 ,
159 1587 301 1625 moribus,
324 1586 360 1620 ὅ)
373 1586 486 1627 populis
501 1586 664 1618 Germanice
678 1596 704 1617 c.
724 1595 769 1622 19·
788 1595 893 1627 neque
909 1586 958 1626 Ju-

77 1628 182 1667 'daeis,
206 1636 311 1669 neque
337 1626 527 1665 Germanis,
551 1628 581 1659 in
603 1636 694 1659 more
717 1627 852 1667 positum
869 1627 960 1660 fuiffe

79 1666 234 1701 scriberet
249 1691 259 1708 ‚
289 1669 457 1701 Numerum
470 1669 624 1700 liberorum
645 1668 734 1708 finire
750 1692 759 1707 ‚
789 1675 840 1700 aut
862 1679 958 1710 quem0

80 1717 85 1719 “
105 1719 173 1741 uam
190 1720 226 1741 ex
249 1711 368 1752 agnatis
384 1720 506 1746 necare3
534 1719 628 1750 quam
651 1710 738 1750 quod
756 1710 815 1741 suis
834 1711 959 1744 civibus

95 1760 112 1782 e
137 1759 204 1783 rem
229 1761 366 1790 novam,
389 1761 426 1783 ac
452 1753 578 1792 dignam
606 1751 835 1791 admiratione,
859 1761 958 1784 anno·

80 1800 149 1824 tare
172 1791 374 1824 existimaret.
407 1793 438 1825 id
461 1802 540 1824 vero
565 1793 711 1833 ineptum
735 1792 863 1832 fuiss'et,
886 1793 906 1825 fi
927 1804 957 1825 a·

78 1833 146 1876 pud
162 1832 326 1866 Romanos
342 1835 427 1866 idem
445 1842 531 1873 tum,
549 1835 637 1875 quod
653 1834 737 1872 apud
755 1833 957 1874 Germanos,

78 1874 270 1914 sudaeosve‚
291 1876 339 1916 jus
362 1875 478 1908 fuiffet.
523 1873 602 1908 Non
628 1875 781 1908 dissimilis
797 1874 859 1908 fuit
875 1877 958 1908 ratio

79 1915 125 1959 Q.
143 1916 244 1949 Curtii
257 1917 308 1948 lib.
326 1926 357 1954 9.
377 1927 402 1949 c.
424 1927 451 1949 1.
468 1917 509 1949 de
524 1926 626 1959 regno
651 1917 792 1958 Sophitis
819 1917 861 1949 ita
886 1917 957 1950 scri-

77 1957 204 1997 bentis,
227 1958 325 1997 Gens,
349 1965 382 1990 ut
394 1959 527 1997 barbari,
542 1960 691 2000 sapientia
708 1959 841 1998 excellit,
865 1960 957 1990 bonis-

77 2006 133 2040 'que
146 2000 273 2030 moribus
287 2001 410 2042 regitur,
430 2001 544 2041 genitos
559 2000 659 2031 liberos
673 2010 730 2031 non
736 2007 894 2041 parentum
910 2011 957 2032 ar-

77 2041 162 2071 bitrio
186 2040 292 2072 tollunt
308 2042 467 2083 aiuntque:
483 2042 537 2083 sed
553 2051 669 2080 eorum,
692 2041 956 2083 quibusspeaanaz·

76 2081 238 2119 infantium
253 2082 385 2114 habitum
399 2092 471 2114 cura
486 2084 627 2114 mandata
643 2081 692 2122 esi.
702 2082 731 2121 fi
745 2093 815 2125 quos
830 2081 956 2125 insignes

77 2128 131 2154 aut
145 2124 245 2164 aliqua
259 2125 449 2156 membrorum
457 2131 544 2165 parte
562 2125 679 2155 inutiles
694 2130 888 2164 notaverunt,
907 2134 953 2156 ne-

76 2165 138 2195 cari
148 2165 263 2206 jubent.
307 2165 439 2198 Factum
459 2166 557 2207 igitur
572 2165 683 2198 Rornae
700 2166 858 2198 utentium
875 2175 952 2198 con-

76 2204 262 2245 suetudine,
286 2214 321 2238 ut
338 2216 397 2247 pro
411 2208 478 2247 jure
494 2206 644 2247 Romuli,
669 2207 699 2239 δι
716 2206 794 2239 XII.
812 2207 952 2239 Tabula*-

76 2255 165 2285 rum,
189 2247 270 2278 duro
296 2255 392 2288 atque
417 2248 590 2281 inhumano
609 2272 618 2287 ,
640 2250 757 2281 deinde
777 2249 825 2290 jus
848 2250 952 2281 multo

76 2288 182 2319 adhuc
206 2288 312 2320 durius
329 2297 425 2329 atque
443 2289 583 2330 injustius
605 2290 793 2331 surreperet.
834 2291 882 2322 Ac
899 2300 952 2322 ne-

75 2327 140 2360 scio
152 2352 161 2368 ,
175 2338 213 2361 an
231 2329 295 2361 hoc
311 2329 397 2361 sensu
413 2329 550 2362 Tacitus
567 2332 595 2363 d.
614 2340 638 2363 c.
658 2340 704 2368 19.
722 2331 888 2372 postquam
905 2333 950 2363 di-

75 2370 143 2409 xit,
166 2371 249 2411 apud
269 2370 469 2412 Germanos,
493 2372 660 2404 Numerum
676 2373 828 2404 liberorum
838 2372 949 2413 finire,

75 2418 128 2442 aut
145 2421 316 2454 quemquam
334 2422 371 2445 ex
388 2414 505 2455 agnatis
519 2423 620 2446 necare
631 2437 641 2454 ‚
659 2412 815 2455 flagitium
832 2415 949 2453 baberi,

73 2459 151 2484 mox
165 2453 323 2494 subjiciat,
342 2454 471 2497 Plusque
479 2456 518 2487 ibi
531 2456 615 2487 bonos
629 2465 718 2486 mores
732 2455 847 2495 valere,
863 2465 951 2498 quam

74 2494 145 2525 alibi
154 2496 241 2526 bonas
252 2495 334 2536 leges.
359 2496 423 2527 Aut
434 2496 518 2528 enim
529 2505 579 2528 me
590 2496 672 2528 fallit
682 2497 864 2537 conjectura
873 2520 884 2537 ,
899 2505 954 2529 aut

76 2535 116 2566 ad
133 2536 219 2576 leges
237 2535 388 2576 Romuli,
412 2538 442 2569 ἃ
463 2537 537 2570 XII.
555 2537 751 2570 Tabularum
764 2562 773 2577 ‚
797 2538 952 2570 intendit:

102 2585 154 2608 uas
171 2578 257 2608 bonas
271 2585 384 2617 vocat3
403 2588 469 2610 non
486 2581 573 2620 quod
589 2580 723 2611 omnino
740 2579 839 2611 essent
855 2580 952 2618 tales,

90 2617 130 2648 ed
146 2619 234 2657 quod
250 2619 401 2651 meliores
419 2620 518 2652 ess'ent
533 2621 675 2653 moribus
697 2621 855 2661 peffimis,
880 2621 953 2661 post

77 2666 130 2689 eas
146 2657 304 2690 insecutis.
327 2659 389 2691 Sed
409 2662 496 2701 qu'od
512 2663 553 2694 de
569 2663 715 2703 utrisque
733 2663 820 2701 dixi,
835 2662 951 2704 aperti-

74 2707 113 2731 us
125 2697 264 2730 ostendit
276 2698 514 2741 Tertullianus,
530 2703 581 2734 Aa
591 2704 722 2735 nationes
737 2703 785 2735 lib.
804 2713 830 2735 1.
848 2714 871 2734 c.
894 2712 929 2744 ¹5
940 2726 950 2743 ,

74 2747 173 2786 quum
188 2740 228 2786 de
244 2738 295 2771 sua
306 2747 401 2773 aetate
417 2743 508 2783 (quae
522 2743 634 2776 incidit
649 2745 680 2776 in
696 2744 840 2786 Septimii
856 2745 951 2776 Seve-

75 2782 102 2813 ri
120 2787 353 2821 principatum:
376 2790 443 2814 turn
461 2785 545 2816 enim
564 2786 596 2817 id
617 2784 736 2826 scripfit
753 2785 857 2826 opus)
882 2785 952 2817 fere

75 2823 120 2853 ita
142 2821 303 2863 loquitur,
324 2822 399 2854 Non
415 2824 498 2855 aliter
512 2834 562 2856 vos
579 2835 687 2867 quoque
702 2828 885 2866 infanticida
898 2828 950 2868 qui

75 2863 206 2903 infantes
228 2869 378 2895 enecantes
400 2864 508 2907 legibus
530 2867 644 2907 quidem
663 2868 853 2907 prohibemini
871 2891 880 2906 ‚
900 2869 949 2905 sed

74 2904 163 2936 nullm
179 2905 273 2945 magis
296 2928 304 2936 .
316 2929 322 2936 .
335 2929 342 2937 .
355 2928 362 2936 .
387 2914 415 2935 es
431 2912 490 2937 tam
505 2907 621 2948 impune
638 2913 698 2939 tam
711 2909 807 2943 secure
811 2910 872 2949 sub
889 2919 947 2940 om-

77 2948 160 2977 nium
171 2946 343 2985 conscientia
358 2948 445 2977 unius
459 2957 480 2978 ω
496 2971 503 2978 .
513 2971 521 2979 .
534 2971 542 2978 .
554 2970 561 2979 .
579 2948 688 2979 tabellis
698 2950 868 2982 eluduntur.
893 2951 949 2981 Sea

74 2996 126 3019 nec
144 2996 173 3019 eo
190 2985 315 3028 distant,
332 2985 362 3025 fi
377 2997 429 3018 vos
444 2997 502 3019 non
518 2990 579 3019 ritu
589 2989 687 3028 sacri,
703 2999 736 3020 ne
758 3000 792 3021 ue
807 3014 814 3021 .
830 3014 837 3022 .
850 3014 858 3022 .
871 3014 878 3021 .
897 2992 946 3023 tis.

73 3030 178 3071 atquin
200 3029 251 3060 hoc
273 3029 421 3069 asperius,
445 3030 520 3070 quod
537 3030 652 3071 frigore
667 3036 718 3061 aut
727 3000 811 3069 jqame
823 3038 876 3063 aut
891 3030 948 3071 best

74 3092 186 3102 .....
218 3071 276 3109 tis,
299 3075 352 3101 aut
374 3070 500 3110 longiore
514 3071 546 3101 in
567 3072 651 3112 aquis
672 3078 757 3102 morte
771 3072 865 3112 semer
886 3075 946 3105 itis.

73 3109 210 3143 Mutilus
225 3111 314 3143 locus
331 3109 394 3143 est:
417 3111 489 3150 sed,
514 3112 590 3153 quid
605 3112 704 3151 velit,
720 3113 829 3144 claret.
885 3115 946 3146 hri-

71 3150 189 3184 stianos
204 3153 289 3185 enim
307 3151 454 3185 defendit
465 3152 791 3195 adversusvulgarem
809 3152 946 3188 Gentili-
979 3153 1045 3197 stit.
1061 3166 1085 3189 c.
1096 3167 1145 3191 20.

967 87 992 122 P
1024 98 1046 122 A
1077 99 1100 124 u
1134 96 1153 121 t
1190 96 1211 123 υ
1246 86 1380 132 s,¹&c.

1829 92 1899 137 216?

1009 175 1166 210 santicidii
1181 176 1285 220 specie
1301 174 1463 219 religionis
1483 178 1648 211 commisti.
1685 174 1763 210 Earn
1780 184 1887 210 autem

1009 220 1199 252 calumniam
1208 220 1274 261 qu‘o
1283 218 1399 251 fortius
1417 219 1569 262 infringat
1579 220 1796 252 Tertullianus
1807 230 1816 259 3
1829 221 1888 259 uic,

1007 260 1200 293 infanticidii
1219 263 1339 293 crimen
1350 283 1359 299 ,
1375 260 1397 292 fi
1413 262 1501 302 quod
1516 263 1610 294 cadat
1628 264 1657 293 in
1670 261 1885 300 Christianos,

1009 302 1041 333 in
1062 302 1110 333 his
1126 303 1235 343 inique
1257 303 1360 343 puniri
1380 312 1396 333 a
1420 303 1623 335 Gentilibus:
1648 305 1720 344 qui,
1744 305 1886 344 quamvis

1010 343 1132 384 legibus
1148 353 1223 384 quas
1241 343 1302 376 ess'e
1320 344 1470 384 Romuli,
1493 346 1521 376 &
1539 344 1611 378 Xll.
1628 345 1823 377 Tabularum
1843 346 1888 376 ui-

1009 385 1061 424 xi,
1085 386 1317 425 prohibeantur
1339 395 1454 418 necare
1475 386 1613 418 infantes
1634 397 1744 418 reeens
1763 388 1887 426 edit0s3

1011 433 1115 458 tamen
1136 429 1283 468 quotidie
1296 437 1351 460 eos
1369 436 1486 459 necent
1502 430 1631 469 impune
1648 430 1677 460 ὃς
1694 429 1819 468 iecore,
1845 429 1888 460 le—

1008 468 1102 509 gibus
1127 469 1186 500 illis
1209 469 1322 501 delusis
1346 478 1442 510 atque
1466 470 1626 510 abrogatis
1654 471 1779 501 tabellis
1800 494 1809 509 ,
1834 469 1886 501 seu

1008 508 1186 550 suffragiis,
1217 512 1306 541 unius
1333 512 1421 542 orbis:
1443 509 1484 541 fic
1507 521 1589 542 enim
1617 513 1806 551 legendum3
1831 511 1885 543 nili

1007 560 1080 583 curn
1096 551 1288 584 Dostiffimo
1304 551 1384 584 Viro
1395 576 1404 591 ,
1427 552 1550 592 jacobo
1566 551 1798 592 Gotliofredo,
1823 562 1886 585 ma-

1010 593 1067 632 lis,
1083 595 1173 624 unius
1188 596 1290 625 atatis.
1314 594 1422 635 Atque
1439 595 1502 625 lioc
1517 603 1557 625 eo
1574 595 1825 634 adhuc-iniquius
1842 605 1889 626 es-

1009 633 1057 672 se,
1081 634 1299 667 Tertullianus
1323 637 1390 667 ait:
1412 637 1502 676 quod
1526 635 1693 667 Christiani
1717 637 1888 674 dicuntur,

1008 674 1165 708 infantem
1181 686 1296 709 necare
1311 679 1349 709 ad
1368 676 1453 709 usum
1470 677 1513 709 rei
1531 676 1644 716 sacrae3
1662 678 1692 708 ὅ(
1709 677 1751 708 ob
1769 677 1798 709 id
1817 678 1887 709 reli-

1007 717 1113 757 gionis
1137 719 1201 749 sive
1224 728 1353 758 errore,
1376 719 1440 750 sive
1465 721 1692 757 veneratione,
1717 718 1887 750 exculhnui

1008 759 1089 789 sunt.
1134 758 1281 791 Gentiles
1306 770 1411 791 autem
1437 761 1554 792 nullam
1571 760 1689 792 habent
1707 760 1886 791 excusatio·

1008 808 1102 838 nem3
1120 802 1192 839 quia
1209 800 1363 833 infantem
1376 811 1480 844 neque
1492 804 1554 834 ritu
1567 802 1660 840 sacri,
1678 811 1781 842 neque
1792 800 1884 840 Diis,

1007 849 1142 878 necant,
1160 841 1210 872 sed
1221 842 1352 873 arbitrio
1366 844 1431 875 sun.
1458 843 1622 879 Postremo
1634 842 1763 875 interest
1774 867 1782 881 ,
1795 848 1884 884 quod

1007 880 1175 912 Christiani
1196 881 1354 915 infantem
1370 886 1568 918 interficiunt
1585 885 1649 917 fine
1665 885 1799 916 notabili
1816 894 1884 916 cru-

1006 922 1156 954 delirate:
1173 922 1322 955 Gentiles
1333 935 1438 957 antem
1450 936 1521 958 cum
1536 926 1693 959 infantem
1705 935 1884 967 exponunt,

1005 962 1142 1004 asperius
1161 973 1231 996 eum
1250 975 1383 997 necant:
1411 977 1527 1007 nempe
1544 968 1684 1010 frigore,
1709 978 1761 999 aut
1777 968 1884 1007 farne,

1006 1011 1061 1036 aut
1071 1004 1241 1051 bestiarum
1252 1006 1369 1038 laniatu
1381 1031 1389 1046 ,
1401 1017 1453 1039 aut
1466 1010 1610 1050 longiore
1626 1011 1655 1041 in
1668 1011 1755 1050 aquis
1767 1017 1883 1042 morte.

1007 1044 1103 1077 Unde
1120 1045 1222 1085 effici,
1247 1055 1281 1078 ut
1302 1049 1444 1089 iniquum
1468 1049 1524 1089 sit,
1550 1051 1743 1084 Christianos
1761 1061 1777 1082 a
1795 1051 1884 1083 Gen·

1007 1087 1114 1119 tilibus
1131 1088 1233 1128 puniri
1250 1089 1294 1120 ob
1312 1090 1342 1120 id
1360 1092 1446 1130 quod
1464 1090 1643 1124 Gentilium
1662 1093 1804 1124 moribus
1822 1094 1885 1133 pla-

1005 1138 1045 1160 ne
1061 1129 1250 1169 impunitum
1269 1131 1456 1172 licitumque
1472 1133 1518 1164 lit.
1537 1134 1697 1173 Superiori
1714 1134 1886 1165 Tei-tulliu—

1004 1172 1034 1201 ni
1051 1171 1128 1202 loco
1144 1172 1174 1202 i'n
1193 1171 1311 1203 summa
1328 1182 1381 1213 pai·
1398 1173 1442 1204 est
1460 1173 1590 1214 sequens
1609 1185 1649 1206 cx
1666 1176 1731 1215 ejus
1747 1177 1886 1217 Apologo-

1004 1212 1059 1242 tico
1074 1212 1210 1252 adversus
1226 1213 1333 1244 Gentes
1348 1224 1372 1245 c.
1394 1223 1442 1246 lx.
1464 1216 1519 1245 Sed
1534 1218 1670 1257 qil-'mium
1685 1220 1718 1246 (le
1733 1218 1885 1256 infantici-

1003 1254 1048 1283 dio
1066 1254 1139 1284 nihil
1153 1253 1289 1295 interest,
1300 1256 1385 1293 sacro
1399 1267 1437 1287 an
1454 1258 1570 1288 arbitrio
1583 1264 1781 1298 perpetretur,
1798 1259 1884 1297 (litet

1007 1295 1039 1324 (le
1060 1296 1219 1334 parricidio
1236 1296 1367 1339 intersit)
1392 1304 1546 1329 convertar
1562 1300 1599 1329 ad
1613 1300 1758 1340 populum,
1804 1299 1884 1344 Quot

1006 1336 1099 1367 vultis
1122 1346 1159 1374 ex
1179 1338 1223 1368 his
1244 1337 1516 1380 circunstantibus,
1544 1339 1580 1375 ὅ)
1602 1342 1633 1372 in
1652 1339 1885 1381 Christianorum

996 1379 1175 1418 sanguinem
1199 1380 1368 1420 hiantibus,
1392 1380 1428 1415 ὅ)
1446 1380 1511 1422 ipfis
1528 1384 1615 1413 etiam
1633 1384 1712 1413 voln's
1722 1380 1884 1423 justsffimis

1006 1418 1235 1463 &severiffimis
1250 1422 1282 1451 in
1291 1431 1342 1453 nos
1354 1420 1616 1463 Proefidihusaputl
1626 1425 1884 1464 consci'entiuspczl-

995 1462 1077 1500 sem,
1094 1463 1146 1502 qui
1161 1468 1243 1492 natos
1253 1462 1311 1500 fibi
1326 1463 1426 1494 liberos
1442 1464 1580 1496 enecent?
1605 1465 1635 1495 Si
1651 1467 1720 1507 qnid
1736 1465 1772 1500 ὅ)
1790 1467 1822 1496 (le
1835 1475 1883 1506 ge-

1003 1511 1070 1532 nere
1085 1503 1167 1533 necis*
1176 1502 1286 1543 differt.
1325 1504 1435 1546 Utique
1451 1506 1595 1536 crudelius
1611 1507 1641 1536 in
1658 1509 1883 1547 aquaspirituni

1004 1544 1199 1585 extorquetis,
1223 1551 1277 1576 aut
1289 1546 1404 1587 frigori
1428 1545 1463 1581 ὅ)
1473 1548 1556 1587 sami
1574 1545 1609 1581 &²
1627 1549 1747 1578 canibus
1764 1549 1882 1588 exponi-

1003 1586 1051 1615 tis.
1096 1584 1178 1616 Ferro
1202 1587 1277 1618 enim
1300 1588 1372 1618 mori
1394 1595 1462 1619 aetas
1484 1598 1594 1629 quoqne
1615 1589 1706 1630 major
1729 1591 1880 1629 optaverit.

1002 1625 1098 1657 Nobis
1108 1636 1174 1658 vero
1185 1627 1333 1660 homicidio
1335 1628 1422 1669 fhmel
1432 1630 1583 1661 interdicto
1593 1653 1602 1668 ,
1618 1632 1704 1661 etiam
1717 1636 1883 1671 conceptum

1001 1674 1081 1698 utero
1098 1669 1167 1700 dum
1177 1670 1272 1700 adhuc
1276 1670 1305 1710 s
1318 1680 1336 1700 n
1359 1672 1404 1701 uis
1420 1671 1450 1702 in
1462 1672 1600 1703 hominem
1617 1672 1789 1703 deliberatur
1801 1695 1810 1711 ,
1827 1673 1883 1703 clis—

992 1709 1108 1749 Jolvere
1124 1719 1181 1741 non
1199 1711 1273 1743 licet.
1356 1713 1482 1744 omicidia·
1491 1711 1643 1754 festinatio
1660 1710 1716 1753 eft,
1735 1713 1882 1754 prohibere

1001 1750 1099 1790 nasci,
1116 1761 1167 1782 nec
1182 1752 1271 1790 refert
1287 1759 1388 1785 natam
1403 1755 1468 1796 quis
1487 1756 1590 1795 eripiat
1607 1756 1753 1794 animam,
1770 1764 1810 1786 an
1827 1760 1879 1787 na-

991 1795 1121 1832 scentem
1138 1791 1285 1833 diliurbet.
1316 1794 1410 1826 Homo
1427 1794 1465 1836 est
1482 1795 1518 1830 {5⁹
1535 1797 1586 1838 qui
1599 1794 1637 1836 est
1649 1798 1787 1835 futurus.
1812 1796 1878 1829 Eti-

1001 1843 1047 1865 am
1057 1833 1176 1873 frueius
1186 1837 1278 1866 omnis
1288 1836 1353 1877 jam
1368 1838 1400 1867 'in
1415 1838 1519 1874 semine
1535 1836 1582 1877 esi.
1609 1837 1770 1870 Obscurus
1788 1839 1880 1870 locus

1001 1874 1063 1906 est:
1087 1874 1139 1907 sed
1156 1876 1330 1910 illustrabo.
1371 1877 1589 1911 Tertullianus
1606 1879 1719 1919 Populi
1739 1881 1879 1920 appella-

1001 1917 1091 1948 tione
1116 1917 1256 1958 defignat
1278 1917 1446 1957 Gentiles3
1470 1921 1499 1951 ἃ
1524 1921 1668 1952 adversus
1690 1922 1760 1954 illos
1779 1929 1813 1953 ut
1830 1922 1878 1953 su*

999 1958 1147 1998 periore,
1171 1960 1213 1991 lic
1230 1960 1313 1999 hoc,
1336 1963 1411 1993 loco
1428 1961 1806 2000 defentiithristianos‚
1831 1964 1877 1994 in-

998 1999 1157 2032 fanticidii
1176 2002 1206 2032 in
1225 2001 1316 2033 sacris
1336 2003 1365 2034 δι
1383 2002 1557 2043 suspectos,
1581 2004 1610 2034 ὅ(
1628 2004 1729 2043 puniri
1749 2003 1876 2037 solitos:

997 2039 1050 2072 sed
1075 2049 1187 2082 putat,
1210 2043 1240 2074 in
1266 2043 1313 2074 his
1338 2044 1368 2075 id
1386 2045 1488 2084 puniri
1507 2054 1548 2076 co
1572 2044 1731 2086 injustius,
1755 2047 1844 2086 quod
1860 2055 1878 2077 a

998 2081 1185 2116 Gentilibus
1208 2085 1305 2116 etiam
1330 2084 1393 2116 fine
1422 2085 1511 2118 sacris
1528 2087 1659 2125 impune
1677 2087 1876 2119 admittitur:

998 2134 1070 2156 nani
1102 2134 1159 2156 eos
1191 2126 1327 2166 publicis
1357 2127 1499 2159 moribus
1530 2126 1680 2159 subnixos
1697 2151 1705 2167 ‚
1730 2131 1875 2169 quamvis

997 2166 1096 2206 impie
1110 2167 1193 2206 apud
1210 2166 1454 2207 conscientiam,
1479 2177 1583 2200 tamen
1601 2169 1739 2201 infantes
1760 2180 1873 2201 reeens

996 2215 1087 2239 natos
1104 2230 1113 2246 ‚
1139 2217 1195 2247 pro
1220 2208 1351 2240 arbitrio
1376 2209 1463 2241 licite
1490 2220 1624 2242 enecare
1641 2234 1650 2250 ,
1680 2221 1744 2243 non
1770 2213 1874 2244 dicam

995 2248 1082 2280 ferro
1100 2273 1108 2286 ,
1140 2250 1226 2289 quod
1253 2248 1290 2281 fit
1311 2250 1439 2289 levius;
1472 2250 1523 2282 sed
1550 2253 1638 2293 quod
1661 2254 1820 2284 crudelius
1841 2254 1871 2285 iri

995 2289 1194 2330 expolitione
1210 2289 1272 2329 est,
1296 2300 1395 2332 aqua,
1419 2292 1559 2334 frigore,
1578 2301 1631 2325 aut
1646 2303 1759 2325 canum
1779 2295 1872 2326 lania-

996 2340 1039 2362 tu.
1072 2331 1136 2361 hoc
1160 2340 1258 2372 porro
1281 2333 1350 2373 J‘ure
1374 2335 1439 2373 uti,
1463 2343 1527 2366 non
1547 2335 1605 2366 hos
1624 2335 1663 2366 de
1682 2335 1790 2367 infima
1807 2336 1873 2377 ple-

994 2373 1055 2409 be,
1080 2372 1133 2404 sed
1155 2379 1259 2405 totum
1279 2375 1455 2415 Populum,
1480 2377 1510 2408 i'n
1529 2385 1636 2416 coque
1654 2377 1749 2407 etiam
1774 2376 1877 2409 lione-¹

994 2413 1158 2452 stiffimos,
1182 2413 1266 2456 finge
1289 2416 1440 2448 Praelides
1454 2439 1463 2455 ,
1495 2417 1577 2456 ipsos
1596 2417 1677 2449 visos
1695 2417 1871 2457 iustissimos

996 2455 1026 2486 &
1051 2455 1258 2488 severiffimos
1274 2480 1284 2496 ,
1307 2467 1378 2488 cum
1405 2460 1435 2489 in
1464 2457 1660 2490 Christianos
1677 2482 1686 2497 ‚
1717 2460 1800 2500 quasi
1824 2462 1871 2492 in«

995 2495 1165 2528 fanticidas
1183 2521 1192 2535 ‚
1216 2496 1272 2529 etii
1299 2498 1438 2530 insontes
1462 2500 1572 2539 injuria
1600 2500 1868 2534 animadvertunt.

995 2546 1067 2569 nam
1093 2537 1288 2570 Christianos
1313 2540 1352 2570 ab
1379 2541 1467 2572 omni
1494 2542 1632 2573 bominis
1662 2543 1768 2582 caede,
1794 2552 1871 2575 tam-

995 2588 1090 2618 quam
1113 2589 1130 2610 a
1153 2578 1228 2611 Deo
1253 2580 1347 2613 semel
1369 2582 1548 2621 prohibita,
1571 2583 1745 2615 abstinere:
1769 2594 1869 2624 usque

995 2621 1148 2665 adeonut
1164 2630 1227 2652 non
1246 2623 1347 2653 modo
1367 2632 1432 2654 nori
1450 2632 1567 2655 necent
1585 2624 1723 2657 infantes
1737 2627 1799 2666 jam
1817 2637 1867 2658 na-

995 2669 1067 2700 tos;
1092 2662 1144 2693 led
1169 2672 1209 2693 ne
1234 2671 1413 2704 conceptos
1438 2666 1564 2703 quidem
1588 2675 1733 2699 materno
1753 2677 1866 2705 utere,

994 2703 1023 2734 &
1039 2703 1143 2734 adbuc
1159 2703 1334 2743 informes,
1349 2704 1403 2737 fibi
1425 2706 1612 2746 dissolvere,
1629 2707 1709 2741 salva
1727 2711 1865 2749 pictate,

993 2744 1091 2789 licere
1110 2744 1308 2776 existiment:
1330 2755 1504 2788 utcumque
1527 2749 1577 2780 vel
1605 2750 1636 2781 id
1664 2751 1793 2791 impune
1811 2760 1867 2789 pu-

992 2784 1080 2816 blico
1101 2786 1170 2825 jure
1194 2788 1412 2826 permittatur:
1436 2789 1499 2821 hoc
1522 2799 1699 2830 praetextu,
1724 2791 1806 2829 quasi
1823 2792 1868 2823 in-

992 2825 1081 2864 fans,
1106 2828 1248 2859 nonduin
1274 2829 1395 2869 editus,
1420 2832 1563 2863 nondum
1590 2833 1689 2864 homo
1712 2832 1758 2864 fit.
1792 2840 1865 2864 nam

992 2876 1096 2898 rerum
1113 2877 1251 2900 naturam
1268 2873 1560 2913 contemplantibus
1572 2875 1686 2914 magis,
1699 2882 1791 2912 quam
1808 2882 1865 2913 po-

992 2908 1132 2948 pularem
1157 2911 1342 2950 opinionem
1362 2937 1371 2951 ‚
1403 2913 1464 2945 effe
1496 2915 1662 2946 homicidii
1686 2913 1864 2945 festinatio-

992 2958 1086 2996 nem,
1111 2951 1281 2991 prohibere
1297 2954 1397 2993 nasci;
1421 2965 1482 2987 nec
1504 2956 1643 2993 referi-e,
1669 2963 1771 2986 natam
1791 2956 1870 2995 quis..

992 2999 1104 3031 eripiat
1125 2993 1277 3033 animam,
1301 3004 1339 3027 an
1363 2997 1543 3028 nascentem
1563 2995 1726 3027 disturbet.
1759 2995 1865 3029 homi-

991 3041 1064 3064 nem
1083 3035 1201 3074 quippe
1217 3034 1297 3075 ess'e,
1314 3038 1345 3069 δε
1361 3040 1413 3078 qui
1428 3038 1471 3069 est
1489 3037 1630 3068 futurus:
1653 3039 1862 3077 quemadmo—

991 3073 1065 3106 dum
1082 3074 1201 3107 fructus
1220 3080 1324 3110 omnis
1337 3080 1398 3119 jam
1418 3079 1462 3110 est
1481 3080 1510 3109 in
1533 3077 1658 3109 lemine.
1705 3078 1756 3109 Sic
1782 3078 1864 3113 Ter-⁴

990 3115 1146 3149 tullianus.
1191 3117 1280 3160 Quid
1305 3119 1511 3152 Lactantius?
1535 3119 1559 3149 is
1575 3119 1624 3149 lib.
1642 3123 1672 3150 6.
1689 3118 1798 3153 Divin.
1819 3124 1863 3153 m·

1170 3160 1338 3201 postquam
1356 3160 1520 3206 complura
1531 3161 1690 3192 enarravit
1705 3164 1788 3203 apud
1806 3163 1864 3195 ho-

69 3201 125 3228 um
140 3193 346 3236 calumniam,
362 3195 506 3237 aquibus
521 3193 686 3230 Christiani
705 3194 825 3229 fiebant
839 3197 884 3230 rei
900 3198 945 3230 in·
986 3198 1085 3233 mines
1110 3200 1214 3239 licita,
1238 3201 1290 3234 sed
1317 3202 1498 3234 Christianis
1518 3201 1648 3242 illicita;
1673 3204 1776 3244 qualia
1793 3205 1864 3236 sunu

115 3231 195 3268 Tom.
216 3234 247 3268 I.

1098 3239 1240 3273 Nnn2
1819 3256 1847 3278 m
