<?xml version="1.0" encoding="UTF-8"?>
<!DOCTYPE html PUBLIC "-//W3C//DTD XHTML 1.0 Transitional//EN"
    "http://www.w3.org/TR/xhtml1/DTD/xhtml1-transitional.dtd">
<html xmlns="http://www.w3.org/1999/xhtml" xml:lang="en" lang="en">
 <head>
  <title>
</title>
<meta http-equiv="Content-Type" content="text/html;charset=utf-8" />
  <meta name='ocr-system' content='tesseract 3.04.00' />
  <meta name='ocr-capabilities' content='ocr_page ocr_carea ocr_par ocr_line ocrx_word'/>
</head>
<body>
  <div class='ocr_page' id='page_1' title='image "./gerardinoodtnovi00nood_0400.png"; bbox 0 0 2036 3495; ppageno 0'>
   <div class='ocr_carea' id='block_1_1' title="bbox 182 106 1082 692">
    <p class='ocr_par' dir='ltr' id='par_1_1' title="bbox 182 106 1082 692">
     <span class='ocr_line' id='line_1_1' title="bbox 187 106 1082 159; baseline -0.003 -14"><span class='ocrx_word' id='word_1_1' title='bbox 187 121 258 159; x_wconf 79' lang='lat'>374</span> <span class='ocrx_word' id='word_1_2' title='bbox 775 106 809 143; x_wconf 91' lang='lat' dir='ltr'>G</span> <span class='ocrx_word' id='word_1_3' title='bbox 834 117 854 141; x_wconf 81' lang='lat' dir='ltr'>E</span> <span class='ocrx_word' id='word_1_4' title='bbox 879 115 901 141; x_wconf 74' lang='lat' dir='ltr'>n</span> <span class='ocrx_word' id='word_1_5' title='bbox 927 114 948 139; x_wconf 79' lang='lat' dir='ltr'>A</span> <span class='ocrx_word' id='word_1_6' title='bbox 973 117 995 142; x_wconf 82' lang='lat' dir='ltr'>R</span> <span class='ocrx_word' id='word_1_7' title='bbox 1021 115 1044 140; x_wconf 87' lang='lat' dir='ltr'>D</span> <span class='ocrx_word' id='word_1_8' title='bbox 1069 116 1082 142; x_wconf 95' lang='lat'>1</span> 
     </span>
     <span class='ocr_line' id='line_1_2' title="bbox 188 192 1062 239; baseline -0.008 -6"><span class='ocrx_word' id='word_1_9' title='bbox 188 205 275 233; x_wconf 77' lang='lat' dir='ltr'>ratur</span> <span class='ocrx_word' id='word_1_10' title='bbox 291 200 310 233; x_wconf 84' lang='lat' dir='ltr'>l.</span> <span class='ocrx_word' id='word_1_11' title='bbox 328 209 354 232; x_wconf 89' lang='lat'>2.</span> <span class='ocrx_word' id='word_1_12' title='bbox 377 196 397 229; x_wconf 85' lang='lat' dir='ltr'>l.</span> <span class='ocrx_word' id='word_1_13' title='bbox 418 207 448 236; x_wconf 73' lang='lat'>33.</span> <span class='ocrx_word' id='word_1_14' title='bbox 469 192 505 231; x_wconf 63' lang='grc' dir='ltr'>δ’</span> <span class='ocrx_word' id='word_1_15' title='bbox 521 196 540 227; x_wconf 88' lang='lat' dir='ltr'>l.</span> <span class='ocrx_word' id='word_1_16' title='bbox 559 205 588 236; x_wconf 89' lang='lat'>5.</span> <span class='ocrx_word' id='word_1_17' title='bbox 608 195 649 227; x_wconf 92' lang='lat' dir='ltr'>D.</span> <span class='ocrx_word' id='word_1_18' title='bbox 675 194 803 239; x_wconf 75' lang='lat' dir='ltr'>Quando</span> <span class='ocrx_word' id='word_1_19' title='bbox 821 195 880 225; x_wconf 82' lang='lat' dir='ltr'>dies</span> <span class='ocrx_word' id='word_1_20' title='bbox 904 195 1062 236; x_wconf 78' lang='lat' dir='ltr'>legatorum</span> 
     </span>
     <span class='ocr_line' id='line_1_3' title="bbox 190 235 1062 281; baseline -0.006 -8"><span class='ocrx_word' id='word_1_21' title='bbox 190 237 516 281; x_wconf 68' lang='lat' dir='ltr'>velfirlez‘commz&#39;ffiirum</span> <span class='ocrx_word' id='word_1_22' title='bbox 530 238 621 268; x_wconf 84' lang='lat' dir='ltr'>cedat.</span> <span class='ocrx_word' id='word_1_23' title='bbox 653 235 754 268; x_wconf 88' lang='lat' dir='ltr'>Porro</span> <span class='ocrx_word' id='word_1_24' title='bbox 772 235 953 276; x_wconf 82' lang='lat' dir='ltr'>priusquam</span> <span class='ocrx_word' id='word_1_25' title='bbox 968 236 1062 268; x_wconf 80' lang='lat' dir='ltr'>cedat</span> 
     </span>
     <span class='ocr_line' id='line_1_4' title="bbox 189 276 1061 318; baseline -0.006 -4"><span class='ocrx_word' id='word_1_26' title='bbox 189 281 380 314; x_wconf 67' lang='lat' dir='ltr'>ususfructus</span> <span class='ocrx_word' id='word_1_27' title='bbox 404 280 491 318; x_wconf 87' lang='lat' dir='ltr'>dies,</span> <span class='ocrx_word' id='word_1_28' title='bbox 515 288 580 310; x_wconf 90' lang='lat' dir='ltr'>non</span> <span class='ocrx_word' id='word_1_29' title='bbox 599 276 644 309; x_wconf 87' lang='lat' dir='ltr'>est</span> <span class='ocrx_word' id='word_1_30' title='bbox 660 276 872 309; x_wconf 70' lang='lat' dir='ltr'>ususfrucrus:</span> <span class='ocrx_word' id='word_1_31' title='bbox 897 278 969 318; x_wconf 87' lang='lat' dir='ltr'>quia</span> <span class='ocrx_word' id='word_1_32' title='bbox 987 285 1061 309; x_wconf 87' lang='lat' dir='ltr'>ante</span> 
     </span>
     <span class='ocr_line' id='line_1_5' title="bbox 188 317 1060 361; baseline -0.006 -7"><span class='ocrx_word' id='word_1_33' title='bbox 188 332 253 355; x_wconf 85' lang='lat' dir='ltr'>non</span> <span class='ocrx_word' id='word_1_34' title='bbox 270 320 314 353; x_wconf 89' lang='lat' dir='ltr'>est</span> <span class='ocrx_word' id='word_1_35' title='bbox 330 321 383 361; x_wconf 88' lang='lat' dir='ltr'>qui</span> <span class='ocrx_word' id='word_1_36' title='bbox 403 328 509 351; x_wconf 77' lang='lat' dir='ltr'>utatur</span> <span class='ocrx_word' id='word_1_37' title='bbox 527 319 659 351; x_wconf 84' lang='lat' dir='ltr'>fruatur.</span> <span class='ocrx_word' id='word_1_38' title='bbox 682 319 727 350; x_wconf 86' lang='lat' dir='ltr'>lta</span> <span class='ocrx_word' id='word_1_39' title='bbox 742 326 894 359; x_wconf 85' lang='lat' dir='ltr'>apparet,</span> <span class='ocrx_word' id='word_1_40' title='bbox 910 317 1060 350; x_wconf 90' lang='lat' dir='ltr'>usumfru-</span> 
     </span>
     <span class='ocr_line' id='line_1_6' title="bbox 186 359 1060 396; baseline -0.006 -1"><span class='ocrx_word' id='word_1_41' title='bbox 186 365 269 396; x_wconf 78' lang='lat' dir='ltr'>ctum</span> <span class='ocrx_word' id='word_1_42' title='bbox 287 372 327 393; x_wconf 88' lang='lat' dir='ltr'>ex</span> <span class='ocrx_word' id='word_1_43' title='bbox 337 363 387 393; x_wconf 88' lang='lat' dir='ltr'>die</span> <span class='ocrx_word' id='word_1_44' title='bbox 403 360 569 392; x_wconf 85' lang='lat' dir='ltr'>constitui:</span> <span class='ocrx_word' id='word_1_45' title='bbox 586 366 738 392; x_wconf 84' lang='lat' dir='ltr'>caeterum</span> <span class='ocrx_word' id='word_1_46' title='bbox 755 367 828 391; x_wconf 87' lang='lat' dir='ltr'>ante</span> <span class='ocrx_word' id='word_1_47' title='bbox 843 360 929 391; x_wconf 89' lang='lat' dir='ltr'>diem</span> <span class='ocrx_word' id='word_1_48' title='bbox 944 359 1060 392; x_wconf 88' lang='lat' dir='ltr'>consti-</span> 
     </span>
     <span class='ocr_line' id='line_1_7' title="bbox 186 401 1060 444; baseline -0.003 -9"><span class='ocrx_word' id='word_1_49' title='bbox 186 411 308 442; x_wconf 87' lang='lat' dir='ltr'>tutum,</span> <span class='ocrx_word' id='word_1_50' title='bbox 331 412 437 444; x_wconf 90' lang='lat' dir='ltr'>neque</span> <span class='ocrx_word' id='word_1_51' title='bbox 461 401 636 434; x_wconf 69' lang='lat' dir='ltr'>frustuario</span> <span class='ocrx_word' id='word_1_52' title='bbox 662 402 800 441; x_wconf 88' lang='lat' dir='ltr'>deberi,</span> <span class='ocrx_word' id='word_1_53' title='bbox 824 410 930 441; x_wconf 90' lang='lat' dir='ltr'>neque</span> <span class='ocrx_word' id='word_1_54' title='bbox 954 402 1060 432; x_wconf 85' lang='lat' dir='ltr'>abeo</span> 
     </span>
     <span class='ocr_line' id='line_1_8' title="bbox 185 442 1060 485; baseline -0.003 -9"><span class='ocrx_word' id='word_1_55' title='bbox 185 444 339 476; x_wconf 83' lang='lat' dir='ltr'>vindicari</span> <span class='ocrx_word' id='word_1_56' title='bbox 357 455 365 477; x_wconf 89' lang='lat'>:</span> <span class='ocrx_word' id='word_1_57' title='bbox 390 445 462 485; x_wconf 89' lang='lat' dir='ltr'>quia</span> <span class='ocrx_word' id='word_1_58' title='bbox 480 451 554 475; x_wconf 88' lang='lat' dir='ltr'>ante</span> <span class='ocrx_word' id='word_1_59' title='bbox 568 443 671 476; x_wconf 87' lang='lat' dir='ltr'>nullus</span> <span class='ocrx_word' id='word_1_60' title='bbox 689 443 744 475; x_wconf 83' lang='lat' dir='ltr'>est.</span> <span class='ocrx_word' id='word_1_61' title='bbox 788 443 831 474; x_wconf 86' lang='lat' dir='ltr'>At</span> <span class='ocrx_word' id='word_1_62' title='bbox 849 442 933 475; x_wconf 87' lang='lat' dir='ltr'>enim</span> <span class='ocrx_word' id='word_1_63' title='bbox 952 452 993 474; x_wconf 87' lang='lat' dir='ltr'>ex</span> <span class='ocrx_word' id='word_1_64' title='bbox 1009 442 1060 473; x_wconf 90' lang='lat' dir='ltr'>die</span> 
     </span>
     <span class='ocr_line' id='line_1_9' title="bbox 183 483 1058 527; baseline -0.003 -10"><span class='ocrx_word' id='word_1_65' title='bbox 183 485 357 517; x_wconf 85' lang='lat' dir='ltr'>constituta</span> <span class='ocrx_word' id='word_1_66' title='bbox 373 485 482 527; x_wconf 68' lang='lat' dir='ltr'>praedii</span> <span class='ocrx_word' id='word_1_67' title='bbox 508 485 639 517; x_wconf 88' lang='lat' dir='ltr'>servitus</span> <span class='ocrx_word' id='word_1_68' title='bbox 651 507 661 522; x_wconf 88' lang='lat'><strong>‚</strong></span> <span class='ocrx_word' id='word_1_69' title='bbox 683 486 779 516; x_wconf 88' lang='lat' dir='ltr'>etiam</span> <span class='ocrx_word' id='word_1_70' title='bbox 794 492 869 515; x_wconf 88' lang='lat' dir='ltr'>ante</span> <span class='ocrx_word' id='word_1_71' title='bbox 887 485 972 516; x_wconf 88' lang='lat' dir='ltr'>diem</span> <span class='ocrx_word' id='word_1_72' title='bbox 990 483 1058 525; x_wconf 85' lang='lat' dir='ltr'>ipso</span> 
     </span>
     <span class='ocr_line' id='line_1_10' title="bbox 182 524 1057 568; baseline -0.002 -10"><span class='ocrx_word' id='word_1_73' title='bbox 182 527 250 568; x_wconf 88' lang='lat' dir='ltr'>jure</span> <span class='ocrx_word' id='word_1_74' title='bbox 275 526 399 559; x_wconf 79' lang='lat' dir='ltr'>existit:</span> <span class='ocrx_word' id='word_1_75' title='bbox 424 527 453 558; x_wconf 72' lang='grc' dir='ltr'>ἀ</span> <span class='ocrx_word' id='word_1_76' title='bbox 474 527 579 565; x_wconf 86' lang='lat' dir='ltr'>potest</span> <span class='ocrx_word' id='word_1_77' title='bbox 598 525 667 566; x_wconf 83' lang='lat' dir='ltr'>ipso</span> <span class='ocrx_word' id='word_1_78' title='bbox 680 525 747 566; x_wconf 91' lang='lat' dir='ltr'>jure</span> <span class='ocrx_word' id='word_1_79' title='bbox 765 525 916 556; x_wconf 81' lang='lat' dir='ltr'>vindicari</span> <span class='ocrx_word' id='word_1_80' title='bbox 931 526 951 557; x_wconf 82' lang='lat' dir='ltr'>l.</span> <span class='ocrx_word' id='word_1_81' title='bbox 967 535 997 565; x_wconf 89' lang='lat'>4.</span> <span class='ocrx_word' id='word_1_82' title='bbox 1015 524 1057 556; x_wconf 89' lang='lat' dir='ltr'>D.</span> 
     </span>
     <span class='ocr_line' id='line_1_11' title="bbox 184 565 1057 608; baseline -0.003 -8"><span class='ocrx_word' id='word_1_83' title='bbox 184 569 429 608; x_wconf 78' lang='lat' dir='ltr'>deservituzibus.</span> <span class='ocrx_word' id='word_1_84' title='bbox 461 567 581 599; x_wconf 87' lang='lat' dir='ltr'>Verum</span> <span class='ocrx_word' id='word_1_85' title='bbox 599 567 747 605; x_wconf 86' lang='lat' dir='ltr'>interest,</span> <span class='ocrx_word' id='word_1_86' title='bbox 764 567 853 608; x_wconf 90' lang='lat' dir='ltr'>quod</span> <span class='ocrx_word' id='word_1_87' title='bbox 870 568 981 607; x_wconf 84' lang='lat' dir='ltr'>praedii</span> <span class='ocrx_word' id='word_1_88' title='bbox 999 565 1057 597; x_wconf 82' lang='lat' dir='ltr'>ser-</span> 
     </span>
     <span class='ocr_line' id='line_1_12' title="bbox 182 607 1058 651; baseline -0.001 -11"><span class='ocrx_word' id='word_1_89' title='bbox 182 611 267 641; x_wconf 93' lang='lat' dir='ltr'>vitus</span> <span class='ocrx_word' id='word_1_90' title='bbox 287 619 351 641; x_wconf 89' lang='lat' dir='ltr'>non</span> <span class='ocrx_word' id='word_1_91' title='bbox 368 610 412 642; x_wconf 88' lang='lat' dir='ltr'>est</span> <span class='ocrx_word' id='word_1_92' title='bbox 428 609 570 651; x_wconf 80' lang='lat' dir='ltr'>personae</span> <span class='ocrx_word' id='word_1_93' title='bbox 583 609 650 648; x_wconf 74' lang='lat' dir='ltr'>ius,</span> <span class='ocrx_word' id='word_1_94' title='bbox 673 617 778 648; x_wconf 86' lang='lat' dir='ltr'>neque</span> <span class='ocrx_word' id='word_1_95' title='bbox 796 610 837 638; x_wconf 79' lang='lat' dir='ltr'>ex</span> <span class='ocrx_word' id='word_1_96' title='bbox 853 607 995 648; x_wconf 86' lang='lat' dir='ltr'>personae</span> <span class='ocrx_word' id='word_1_97' title='bbox 1011 607 1058 639; x_wconf 90' lang='lat' dir='ltr'>fa-</span> 
     </span>
     <span class='ocr_line' id='line_1_13' title="bbox 183 648 1059 692; baseline -0.003 -8"><span class='ocrx_word' id='word_1_98' title='bbox 183 650 236 683; x_wconf 72' lang='lat' dir='ltr'>cro</span> <span class='ocrx_word' id='word_1_99' title='bbox 260 651 418 691; x_wconf 83' lang='lat' dir='ltr'>consistit,</span> <span class='ocrx_word' id='word_1_100' title='bbox 442 660 546 692; x_wconf 87' lang='lat' dir='ltr'>neque</span> <span class='ocrx_word' id='word_1_101' title='bbox 571 650 638 690; x_wconf 79' lang='lat' dir='ltr'>ejus</span> <span class='ocrx_word' id='word_1_102' title='bbox 656 658 761 682; x_wconf 88' lang='lat' dir='ltr'>morte</span> <span class='ocrx_word' id='word_1_103' title='bbox 785 648 913 689; x_wconf 84' lang='lat' dir='ltr'>finitur3</span> <span class='ocrx_word' id='word_1_104' title='bbox 936 648 990 682; x_wconf 86' lang='lat' dir='ltr'>sed</span> <span class='ocrx_word' id='word_1_105' title='bbox 1013 648 1059 681; x_wconf 89' lang='lat' dir='ltr'>est</span> 
     </span>
    </p>
   </div>
   <div class='ocr_carea' id='block_1_2' title="bbox 912 732 1078 768">
    <p class='ocr_par' dir='ltr' id='par_1_2' title="bbox 912 732 1078 768">
     <span class='ocr_line' id='line_1_14' title="bbox 912 732 1078 768; baseline 0 -1"><span class='ocrx_word' id='word_1_106' title='bbox 912 732 1078 768; x_wconf 69' lang='lat' dir='ltr'>CAPU</span> 
     </span>
    </p>
   </div>
   <div class='ocr_carea' id='block_1_3' title="bbox 1148 103 1378 142">
    <p class='ocr_par' dir='ltr' id='par_1_3' title="bbox 1148 103 1378 142">
     <span class='ocr_line' id='line_1_15' title="bbox 1148 103 1378 142; baseline -0.004 -2"><span class='ocrx_word' id='word_1_107' title='bbox 1148 103 1378 142; x_wconf 68' lang='lat' dir='ltr'>Nooua-</span> 
     </span>
    </p>
   </div>
   <div class='ocr_carea' id='block_1_4' title="bbox 1101 191 1976 681">
    <p class='ocr_par' dir='ltr' id='par_1_4' title="bbox 1101 191 1976 681">
     <span class='ocr_line' id='line_1_16' title="bbox 1104 191 1970 236; baseline -0.003 -10"><span class='ocrx_word' id='word_1_108' title='bbox 1104 194 1214 236; x_wconf 87' lang='lat' dir='ltr'>praedii</span> <span class='ocrx_word' id='word_1_109' title='bbox 1238 194 1390 235; x_wconf 83' lang='lat' dir='ltr'>qualitas,</span> <span class='ocrx_word' id='word_1_110' title='bbox 1413 191 1477 225; x_wconf 89' lang='lat' dir='ltr'>five</span> <span class='ocrx_word' id='word_1_111' title='bbox 1498 192 1546 234; x_wconf 83' lang='lat' dir='ltr'>jus</span> <span class='ocrx_word' id='word_1_112' title='bbox 1569 191 1656 232; x_wconf 85' lang='lat' dir='ltr'>quod</span> <span class='ocrx_word' id='word_1_113' title='bbox 1672 191 1793 234; x_wconf 68' lang='lat' dir='ltr'>praedio</span> <span class='ocrx_word' id='word_1_114' title='bbox 1809 194 1970 229; x_wconf 86' lang='lat' dir='ltr'>constitui.-</span> 
     </span>
     <span class='ocr_line' id='line_1_17' title="bbox 1105 233 1970 277; baseline 0.003 -11"><span class='ocrx_word' id='word_1_115' title='bbox 1105 244 1174 274; x_wconf 70' lang='grc' dir='ltr'>ειη,</span> <span class='ocrx_word' id='word_1_116' title='bbox 1197 235 1227 267; x_wconf 84' lang='lat'>&amp;</span> <span class='ocrx_word' id='word_1_117' title='bbox 1244 237 1364 276; x_wconf 86' lang='lat' dir='ltr'>praedio</span> <span class='ocrx_word' id='word_1_118' title='bbox 1391 234 1544 272; x_wconf 86' lang='lat' dir='ltr'>inhaeret,</span> <span class='ocrx_word' id='word_1_119' title='bbox 1567 241 1664 274; x_wconf 85' lang='lat' dir='ltr'>atque</span> <span class='ocrx_word' id='word_1_120' title='bbox 1685 233 1802 275; x_wconf 85' lang='lat' dir='ltr'>ipsum,</span> <span class='ocrx_word' id='word_1_121' title='bbox 1826 244 1891 268; x_wconf 92' lang='lat' dir='ltr'>non</span> <span class='ocrx_word' id='word_1_122' title='bbox 1906 237 1970 277; x_wconf 69' lang='lat' dir='ltr'>ejus</span> 
     </span>
     <span class='ocr_line' id='line_1_18' title="bbox 1104 275 1971 317; baseline 0.001 -9"><span class='ocrx_word' id='word_1_123' title='bbox 1104 276 1289 316; x_wconf 90' lang='lat' dir='ltr'>dominum,</span> <span class='ocrx_word' id='word_1_124' title='bbox 1312 277 1471 317; x_wconf 84' lang='lat' dir='ltr'>sequitur3</span> <span class='ocrx_word' id='word_1_125' title='bbox 1493 284 1599 315; x_wconf 88' lang='lat' dir='ltr'>neque</span> <span class='ocrx_word' id='word_1_126' title='bbox 1625 275 1726 314; x_wconf 75' lang='lat' dir='ltr'>adeo,</span> <span class='ocrx_word' id='word_1_127' title='bbox 1750 282 1787 306; x_wconf 89' lang='lat' dir='ltr'>ut</span> <span class='ocrx_word' id='word_1_128' title='bbox 1809 275 1870 308; x_wconf 87' lang='lat' dir='ltr'>esse</span> <span class='ocrx_word' id='word_1_129' title='bbox 1894 278 1971 309; x_wconf 85' lang='lat' dir='ltr'>inci-</span> 
     </span>
     <span class='ocr_line' id='line_1_19' title="bbox 1104 315 1974 359; baseline 0.001 -10"><span class='ocrx_word' id='word_1_130' title='bbox 1104 318 1187 358; x_wconf 84' lang='lat' dir='ltr'>piat,</span> <span class='ocrx_word' id='word_1_131' title='bbox 1202 326 1257 350; x_wconf 90' lang='lat' dir='ltr'>aut</span> <span class='ocrx_word' id='word_1_132' title='bbox 1275 318 1457 359; x_wconf 84' lang='lat' dir='ltr'>adquiratur</span> <span class='ocrx_word' id='word_1_133' title='bbox 1474 326 1515 349; x_wconf 89' lang='lat' dir='ltr'>ex</span> <span class='ocrx_word' id='word_1_134' title='bbox 1531 317 1602 354; x_wconf 88' lang='lat' dir='ltr'>die,</span> <span class='ocrx_word' id='word_1_135' title='bbox 1626 315 1781 348; x_wconf 81' lang='lat' dir='ltr'>desiderat</span> <span class='ocrx_word' id='word_1_136' title='bbox 1797 317 1913 350; x_wconf 89' lang='lat' dir='ltr'>utentis</span> <span class='ocrx_word' id='word_1_137' title='bbox 1929 318 1974 350; x_wconf 84' lang='lat' dir='ltr'>fa-</span> 
     </span>
     <span class='ocr_line' id='line_1_20' title="bbox 1104 356 1974 399; baseline 0 -9"><span class='ocrx_word' id='word_1_138' title='bbox 1104 359 1199 391; x_wconf 67' lang='lat' dir='ltr'>ctum.</span> <span class='ocrx_word' id='word_1_139' title='bbox 1225 368 1338 391; x_wconf 87' lang='lat' dir='ltr'>contra</span> <span class='ocrx_word' id='word_1_140' title='bbox 1360 359 1443 398; x_wconf 89' lang='lat' dir='ltr'>fuit,</span> <span class='ocrx_word' id='word_1_141' title='bbox 1466 366 1562 399; x_wconf 89' lang='lat' dir='ltr'>atque</span> <span class='ocrx_word' id='word_1_142' title='bbox 1585 356 1736 397; x_wconf 82' lang='lat' dir='ltr'>adquifita</span> <span class='ocrx_word' id='word_1_143' title='bbox 1760 357 1805 389; x_wconf 90' lang='lat' dir='ltr'>est</span> <span class='ocrx_word' id='word_1_144' title='bbox 1822 356 1974 399; x_wconf 83' lang='lat' dir='ltr'>servitus,</span> 
     </span>
     <span class='ocr_line' id='line_1_21' title="bbox 1102 398 1971 441; baseline 0 -10"><span class='ocrx_word' id='word_1_145' title='bbox 1102 410 1143 432; x_wconf 83' lang='lat' dir='ltr'>ex</span> <span class='ocrx_word' id='word_1_146' title='bbox 1160 409 1226 441; x_wconf 87' lang='lat' dir='ltr'>quo</span> <span class='ocrx_word' id='word_1_147' title='bbox 1239 400 1410 432; x_wconf 90' lang='lat' dir='ltr'>constituta</span> <span class='ocrx_word' id='word_1_148' title='bbox 1425 399 1490 440; x_wconf 79' lang='lat' dir='ltr'>est3</span> <span class='ocrx_word' id='word_1_149' title='bbox 1508 408 1568 431; x_wconf 86' lang='lat' dir='ltr'>nec</span> <span class='ocrx_word' id='word_1_150' title='bbox 1584 398 1691 440; x_wconf 87' lang='lat' dir='ltr'>potest</span> <span class='ocrx_word' id='word_1_151' title='bbox 1706 398 1784 440; x_wconf 87' lang='lat' dir='ltr'>fingi</span> <span class='ocrx_word' id='word_1_152' title='bbox 1800 399 1916 432; x_wconf 90' lang='lat' dir='ltr'>deinde</span> <span class='ocrx_word' id='word_1_153' title='bbox 1927 400 1971 431; x_wconf 91' lang='lat' dir='ltr'>ob</span> 
     </span>
     <span class='ocr_line' id='line_1_22' title="bbox 1102 439 1975 482; baseline 0 -9"><span class='ocrx_word' id='word_1_154' title='bbox 1102 441 1163 473; x_wconf 89' lang='lat' dir='ltr'>diei</span> <span class='ocrx_word' id='word_1_155' title='bbox 1189 442 1405 482; x_wconf 74' lang='lat' dir='ltr'>adjectionem</span> <span class='ocrx_word' id='word_1_156' title='bbox 1431 449 1485 473; x_wconf 89' lang='lat' dir='ltr'>aut</span> <span class='ocrx_word' id='word_1_157' title='bbox 1511 450 1577 473; x_wconf 90' lang='lat' dir='ltr'>non</span> <span class='ocrx_word' id='word_1_158' title='bbox 1601 439 1693 471; x_wconf 89' lang='lat' dir='ltr'>fuisse</span> <span class='ocrx_word' id='word_1_159' title='bbox 1708 463 1719 479; x_wconf 91' lang='lat'><strong><em>‚</em></strong></span> <span class='ocrx_word' id='word_1_160' title='bbox 1741 448 1794 472; x_wconf 90' lang='lat' dir='ltr'>aut</span> <span class='ocrx_word' id='word_1_161' title='bbox 1818 449 1884 473; x_wconf 93' lang='lat' dir='ltr'>non</span> <span class='ocrx_word' id='word_1_162' title='bbox 1912 440 1975 473; x_wconf 77' lang='lat' dir='ltr'>ess&#39;e</span> 
     </span>
     <span class='ocr_line' id='line_1_23' title="bbox 1102 480 1973 527; baseline 0 -13"><span class='ocrx_word' id='word_1_163' title='bbox 1102 483 1222 524; x_wconf 82' lang='lat' dir='ltr'>praedio</span> <span class='ocrx_word' id='word_1_164' title='bbox 1239 482 1400 524; x_wconf 79' lang='lat' dir='ltr'>adquisita.</span> <span class='ocrx_word' id='word_1_165' title='bbox 1438 482 1541 527; x_wconf 83' lang='lat' dir='ltr'>Quod</span> <span class='ocrx_word' id='word_1_166' title='bbox 1555 482 1577 514; x_wconf 87' lang='lat' dir='ltr'>fi</span> <span class='ocrx_word' id='word_1_167' title='bbox 1593 491 1635 513; x_wconf 83' lang='lat' dir='ltr'>ex</span> <span class='ocrx_word' id='word_1_168' title='bbox 1652 482 1705 513; x_wconf 86' lang='lat' dir='ltr'>die</span> <span class='ocrx_word' id='word_1_169' title='bbox 1720 480 1893 514; x_wconf 89' lang='lat' dir='ltr'>constituta</span> <span class='ocrx_word' id='word_1_170' title='bbox 1908 481 1973 514; x_wconf 85' lang='lat' dir='ltr'>ser-</span> 
     </span>
     <span class='ocr_line' id='line_1_24' title="bbox 1101 522 1975 565; baseline 0 -10"><span class='ocrx_word' id='word_1_171' title='bbox 1101 524 1186 556; x_wconf 90' lang='lat' dir='ltr'>vitus</span> <span class='ocrx_word' id='word_1_172' title='bbox 1197 547 1205 561; x_wconf 87' lang='lat'><strong>‚</strong></span> <span class='ocrx_word' id='word_1_173' title='bbox 1221 525 1342 565; x_wconf 84' lang='lat' dir='ltr'>praedio</span> <span class='ocrx_word' id='word_1_174' title='bbox 1359 524 1486 565; x_wconf 86' lang='lat' dir='ltr'>quaefita</span> <span class='ocrx_word' id='word_1_175' title='bbox 1502 523 1548 556; x_wconf 88' lang='lat' dir='ltr'>est</span> <span class='ocrx_word' id='word_1_176' title='bbox 1563 531 1638 555; x_wconf 89' lang='lat' dir='ltr'>ante</span> <span class='ocrx_word' id='word_1_177' title='bbox 1653 524 1758 562; x_wconf 81' lang='lat' dir='ltr'>diem3</span> <span class='ocrx_word' id='word_1_178' title='bbox 1782 522 1905 564; x_wconf 83' lang='lat' dir='ltr'>quaeso,</span> <span class='ocrx_word' id='word_1_179' title='bbox 1921 522 1975 564; x_wconf 88' lang='lat' dir='ltr'>qui</span> 
     </span>
     <span class='ocr_line' id='line_1_25' title="bbox 1101 565 1976 607; baseline 0 -11"><span class='ocrx_word' id='word_1_180' title='bbox 1101 565 1206 607; x_wconf 87' lang='lat' dir='ltr'>potest</span> <span class='ocrx_word' id='word_1_181' title='bbox 1218 565 1305 604; x_wconf 86' lang='lat' dir='ltr'>fieri,</span> <span class='ocrx_word' id='word_1_182' title='bbox 1321 575 1361 598; x_wconf 89' lang='lat' dir='ltr'>ne</span> <span class='ocrx_word' id='word_1_183' title='bbox 1379 566 1487 606; x_wconf 84' lang='lat' dir='ltr'>praedii</span> <span class='ocrx_word' id='word_1_184' title='bbox 1504 565 1653 597; x_wconf 86' lang='lat' dir='ltr'>dominus</span> <span class='ocrx_word' id='word_1_185' title='bbox 1665 566 1812 606; x_wconf 88' lang='lat' dir='ltr'>eamipso</span> <span class='ocrx_word' id='word_1_186' title='bbox 1825 566 1894 606; x_wconf 87' lang='lat' dir='ltr'>jure</span> <span class='ocrx_word' id='word_1_187' title='bbox 1911 566 1976 596; x_wconf 90' lang='lat' dir='ltr'>vin-</span> 
     </span>
     <span class='ocr_line' id='line_1_26' title="bbox 1101 605 1974 680; baseline 0.002 -43"><span class='ocrx_word' id='word_1_188' title='bbox 1101 607 1326 680; x_wconf 54' lang='grc' dir='ltr'>όῑςεείὲὶξιίηη</span> <span class='ocrx_word' id='word_1_189' title='bbox 1343 609 1388 639; x_wconf 88' lang='lat' dir='ltr'>uti</span> <span class='ocrx_word' id='word_1_190' title='bbox 1403 607 1541 639; x_wconf 81' lang='lat' dir='ltr'>vindicat</span> <span class='ocrx_word' id='word_1_191' title='bbox 1557 607 1711 648; x_wconf 87' lang='lat' dir='ltr'>praedium</span> <span class='ocrx_word' id='word_1_192' title='bbox 1727 606 1815 648; x_wconf 83' lang='lat' dir='ltr'>cujus</span> <span class='ocrx_word' id='word_1_193' title='bbox 1832 615 1868 639; x_wconf 86' lang='lat' dir='ltr'>ea</span> <span class='ocrx_word' id='word_1_194' title='bbox 1883 605 1974 639; x_wconf 89' lang='lat' dir='ltr'>servi·</span> 
     </span>
     <span class='ocr_line' id='line_1_27' title="bbox 1103 657 1237 681; baseline -0.007 0"><span class='ocrx_word' id='word_1_195' title='bbox 1103 657 1153 681; x_wconf 87' lang='lat' dir='ltr'>tus</span> <span class='ocrx_word' id='word_1_196' title='bbox 1170 657 1188 680; x_wconf 88' lang='lat' dir='ltr'>e</span> <span class='ocrx_word' id='word_1_197' title='bbox 1229 674 1237 680; x_wconf 91' lang='lat'>.</span> 
     </span>
    </p>
   </div>
   <div class='ocr_carea' id='block_1_5' title="bbox 1101 732 1255 769">
    <p class='ocr_par' dir='ltr' id='par_1_5' title="bbox 1101 732 1255 769">
     <span class='ocr_line' id='line_1_28' title="bbox 1101 732 1255 769; baseline 0.013 -3"><span class='ocrx_word' id='word_1_198' title='bbox 1101 743 1124 766; x_wconf 86' lang='lat' dir='ltr'>T</span> <span class='ocrx_word' id='word_1_199' title='bbox 1181 732 1255 769; x_wconf 85' lang='lat'>111.</span> 
     </span>
    </p>
   </div>
   <div class='ocr_carea' id='block_1_6' title="bbox 542 808 1621 857">
    <p class='ocr_par' dir='ltr' id='par_1_6' title="bbox 542 808 1621 857">
     <span class='ocr_line' id='line_1_29' title="bbox 542 808 1621 857; baseline -0.001 -13"><span class='ocrx_word' id='word_1_200' title='bbox 542 809 777 857; x_wconf 68' lang='lat' dir='ltr'>Usunfiufbum</span> <span class='ocrx_word' id='word_1_201' title='bbox 795 809 919 856; x_wconf 84' lang='lat' dir='ltr'>Judicis</span> <span class='ocrx_word' id='word_1_202' title='bbox 927 808 1087 856; x_wconf 75' lang='lat' dir='ltr'>fhiztentia</span> <span class='ocrx_word' id='word_1_203' title='bbox 1105 808 1248 856; x_wconf 73' lang='lat' dir='ltr'>constitui</span> <span class='ocrx_word' id='word_1_204' title='bbox 1264 810 1297 844; x_wconf 81' lang='lat' dir='ltr'>in</span> <span class='ocrx_word' id='word_1_205' title='bbox 1308 809 1436 857; x_wconf 81' lang='lat' dir='ltr'>judiciis</span> <span class='ocrx_word' id='word_1_206' title='bbox 1456 808 1621 856; x_wconf 74' lang='lat' dir='ltr'>divifhriir.</span> 
     </span>
    </p>
   </div>
   <div class='ocr_carea' id='block_1_7' title="bbox 179 897 1061 1395">
    <p class='ocr_par' dir='ltr' id='par_1_7' title="bbox 179 897 1061 1395">
     <span class='ocr_line' id='line_1_30' title="bbox 182 897 1061 976; baseline -0.001 -45"><span class='ocrx_word' id='word_1_207' title='bbox 182 900 333 976; x_wconf 85' lang='lat' dir='ltr'>Nunc</span> <span class='ocrx_word' id='word_1_208' title='bbox 356 898 520 931; x_wconf 83' lang='lat' dir='ltr'>videamus</span> <span class='ocrx_word' id='word_1_209' title='bbox 547 899 587 931; x_wconf 92' lang='lat' dir='ltr'>de</span> <span class='ocrx_word' id='word_1_210' title='bbox 611 897 766 930; x_wconf 87' lang='lat' dir='ltr'>sententia</span> <span class='ocrx_word' id='word_1_211' title='bbox 790 897 921 938; x_wconf 88' lang='lat' dir='ltr'>Judicis.</span> <span class='ocrx_word' id='word_1_212' title='bbox 944 908 1014 930; x_wconf 85' lang='lat' dir='ltr'>nam</span> <span class='ocrx_word' id='word_1_213' title='bbox 1031 899 1061 930; x_wconf 82' lang='lat'>&amp;</span> 
     </span>
     <span class='ocr_line' id='line_1_31' title="bbox 287 939 1058 980; baseline 0 -8"><span class='ocrx_word' id='word_1_214' title='bbox 287 951 323 972; x_wconf 88' lang='lat' dir='ltr'>ea</span> <span class='ocrx_word' id='word_1_215' title='bbox 339 940 543 973; x_wconf 87' lang='lat' dir='ltr'>constituitur</span> <span class='ocrx_word' id='word_1_216' title='bbox 569 939 762 971; x_wconf 65' lang='lat' dir='ltr'>ususfructus</span> <span class='ocrx_word' id='word_1_217' title='bbox 786 941 815 971; x_wconf 90' lang='lat' dir='ltr'>in</span> <span class='ocrx_word' id='word_1_218' title='bbox 831 940 952 980; x_wconf 89' lang='lat' dir='ltr'>judicio</span> <span class='ocrx_word' id='word_1_219' title='bbox 970 939 1058 972; x_wconf 88' lang='lat' dir='ltr'>fami-</span> 
     </span>
     <span class='ocr_line' id='line_1_32' title="bbox 183 981 1058 1021; baseline -0.001 -7"><span class='ocrx_word' id='word_1_220' title='bbox 183 982 234 1014; x_wconf 84' lang='lat' dir='ltr'>]iae</span> <span class='ocrx_word' id='word_1_221' title='bbox 249 982 440 1014; x_wconf 72' lang='lat' dir='ltr'>erciscundae</span> <span class='ocrx_word' id='word_1_222' title='bbox 465 982 495 1014; x_wconf 73' lang='grc' dir='ltr'>ὅ(</span> <span class='ocrx_word' id='word_1_223' title='bbox 520 983 683 1013; x_wconf 88' lang='lat' dir='ltr'>communi</span> <span class='ocrx_word' id='word_1_224' title='bbox 701 982 894 1013; x_wconf 87' lang='lat' dir='ltr'>dividundo:</span> <span class='ocrx_word' id='word_1_225' title='bbox 918 981 938 1012; x_wconf 84' lang='lat' dir='ltr'>ss</span> <span class='ocrx_word' id='word_1_226' title='bbox 955 981 1058 1021; x_wconf 78' lang='lat' dir='ltr'>judex</span> 
     </span>
     <span class='ocr_line' id='line_1_33' title="bbox 180 1022 1057 1065; baseline 0.001 -11"><span class='ocrx_word' id='word_1_227' title='bbox 180 1023 232 1054; x_wconf 83' lang='lat' dir='ltr'>alii</span> <span class='ocrx_word' id='word_1_228' title='bbox 253 1024 479 1064; x_wconf 72' lang='lat' dir='ltr'>adiudicaverit</span> <span class='ocrx_word' id='word_1_229' title='bbox 493 1024 742 1065; x_wconf 78' lang='lat' dir='ltr'>proprietatem,</span> <span class='ocrx_word' id='word_1_230' title='bbox 761 1023 810 1054; x_wconf 90' lang='lat' dir='ltr'>alii</span> <span class='ocrx_word' id='word_1_231' title='bbox 828 1022 1057 1055; x_wconf 66' lang='lat' dir='ltr'>usumfructum</span> 
     </span>
     <span class='ocr_line' id='line_1_34' title="bbox 181 1064 1057 1107; baseline 0 -11"><span class='ocrx_word' id='word_1_232' title='bbox 181 1065 203 1098; x_wconf 78' lang='lat' dir='ltr'>l.</span> <span class='ocrx_word' id='word_1_233' title='bbox 218 1068 248 1096; x_wconf 90' lang='lat'>6.</span> <span class='ocrx_word' id='word_1_234' title='bbox 264 1065 293 1107; x_wconf 88' lang='lat'>§.</span> <span class='ocrx_word' id='word_1_235' title='bbox 315 1075 341 1097; x_wconf 84' lang='lat'>1.</span> <span class='ocrx_word' id='word_1_236' title='bbox 361 1065 402 1096; x_wconf 87' lang='lat' dir='ltr'>D.</span> <span class='ocrx_word' id='word_1_237' title='bbox 419 1066 453 1096; x_wconf 87' lang='lat' dir='ltr'>de</span> <span class='ocrx_word' id='word_1_238' title='bbox 467 1064 637 1105; x_wconf 68' lang='lat' dir='ltr'>usufruftu.</span> <span class='ocrx_word' id='word_1_239' title='bbox 661 1064 707 1096; x_wconf 91' lang='lat' dir='ltr'>est</span> <span class='ocrx_word' id='word_1_240' title='bbox 721 1072 800 1095; x_wconf 84' lang='lat' dir='ltr'>vero</span> <span class='ocrx_word' id='word_1_241' title='bbox 820 1065 885 1104; x_wconf 86' lang='lat' dir='ltr'>ejus</span> <span class='ocrx_word' id='word_1_242' title='bbox 901 1065 1057 1104; x_wconf 86' lang='lat' dir='ltr'>adjudica-</span> 
     </span>
     <span class='ocr_line' id='line_1_35' title="bbox 181 1104 1056 1146; baseline -0.001 -8"><span class='ocrx_word' id='word_1_243' title='bbox 181 1106 278 1138; x_wconf 87' lang='lat' dir='ltr'>tionis</span> <span class='ocrx_word' id='word_1_244' title='bbox 293 1106 445 1139; x_wconf 76' lang='lat' dir='ltr'>effectus:</span> <span class='ocrx_word' id='word_1_245' title='bbox 467 1114 502 1137; x_wconf 91' lang='lat' dir='ltr'>ut</span> <span class='ocrx_word' id='word_1_246' title='bbox 518 1106 710 1138; x_wconf 73' lang='lat' dir='ltr'>ususfructus</span> <span class='ocrx_word' id='word_1_247' title='bbox 728 1105 830 1137; x_wconf 85' lang='lat' dir='ltr'>statim</span> <span class='ocrx_word' id='word_1_248' title='bbox 848 1104 902 1137; x_wconf 88' lang='lat' dir='ltr'>fiat</span> <span class='ocrx_word' id='word_1_249' title='bbox 921 1107 985 1146; x_wconf 70' lang='lat' dir='ltr'>eius</span> <span class='ocrx_word' id='word_1_250' title='bbox 1004 1106 1056 1137; x_wconf 93' lang='lat' dir='ltr'>cui</span> 
     </span>
     <span class='ocr_line' id='line_1_36' title="bbox 186 1145 1056 1189; baseline 0.001 -10"><span class='ocrx_word' id='word_1_251' title='bbox 186 1148 383 1189; x_wconf 81' lang='lat' dir='ltr'>adJ&#39;udicatus</span> <span class='ocrx_word' id='word_1_252' title='bbox 403 1147 447 1179; x_wconf 90' lang='lat' dir='ltr'>est</span> <span class='ocrx_word' id='word_1_253' title='bbox 463 1147 492 1189; x_wconf 83' lang='lat'>§.</span> <span class='ocrx_word' id='word_1_254' title='bbox 509 1148 564 1179; x_wconf 78' lang='lat' dir='ltr'>ult.</span> <span class='ocrx_word' id='word_1_255' title='bbox 582 1146 656 1187; x_wconf 83' lang='lat' dir='ltr'>Inst.</span> <span class='ocrx_word' id='word_1_256' title='bbox 669 1148 703 1177; x_wconf 78' lang='lat' dir='ltr'>de</span> <span class='ocrx_word' id='word_1_257' title='bbox 719 1145 809 1187; x_wconf 84' lang='lat' dir='ltr'>officio</span> <span class='ocrx_word' id='word_1_258' title='bbox 825 1147 961 1187; x_wconf 77' lang='lat' dir='ltr'>Judicis:</span> <span class='ocrx_word' id='word_1_259' title='bbox 982 1156 1056 1180; x_wconf 86' lang='lat' dir='ltr'>cum</span> 
     </span>
     <span class='ocr_line' id='line_1_37' title="bbox 179 1187 1056 1230; baseline 0 -10"><span class='ocrx_word' id='word_1_260' title='bbox 179 1189 320 1230; x_wconf 88' lang='lat' dir='ltr'>alioquin</span> <span class='ocrx_word' id='word_1_261' title='bbox 337 1190 515 1225; x_wconf 89' lang='lat' dir='ltr'>dominium</span> <span class='ocrx_word' id='word_1_262' title='bbox 538 1197 591 1220; x_wconf 89' lang='lat' dir='ltr'>aut</span> <span class='ocrx_word' id='word_1_263' title='bbox 616 1188 749 1220; x_wconf 90' lang='lat' dir='ltr'>servitus</span> <span class='ocrx_word' id='word_1_264' title='bbox 765 1188 882 1228; x_wconf 76' lang='lat' dir='ltr'>judicis</span> <span class='ocrx_word' id='word_1_265' title='bbox 901 1187 1056 1220; x_wconf 86' lang='lat' dir='ltr'>sententia</span> 
     </span>
     <span class='ocr_line' id='line_1_38' title="bbox 183 1229 1054 1272; baseline 0.001 -11"><span class='ocrx_word' id='word_1_266' title='bbox 183 1231 365 1262; x_wconf 84' lang='lat' dir='ltr'>declaretur</span> <span class='ocrx_word' id='word_1_267' title='bbox 379 1231 493 1272; x_wconf 83' lang='lat' dir='ltr'>magis,</span> <span class='ocrx_word' id='word_1_268' title='bbox 509 1239 603 1270; x_wconf 86' lang='lat' dir='ltr'>quam</span> <span class='ocrx_word' id='word_1_269' title='bbox 621 1229 830 1262; x_wconf 86' lang='lat' dir='ltr'>constituatur</span> <span class='ocrx_word' id='word_1_270' title='bbox 844 1230 863 1261; x_wconf 80' lang='lat' dir='ltr'>l.</span> <span class='ocrx_word' id='word_1_271' title='bbox 883 1234 910 1264; x_wconf 87' lang='lat'>8.</span> <span class='ocrx_word' id='word_1_272' title='bbox 925 1229 993 1271; x_wconf 80' lang='lat'>§.4.</span> <span class='ocrx_word' id='word_1_273' title='bbox 1013 1229 1054 1262; x_wconf 90' lang='lat' dir='ltr'>D.</span> 
     </span>
     <span class='ocr_line' id='line_1_39' title="bbox 183 1270 1055 1312; baseline 0 -9"><span class='ocrx_word' id='word_1_274' title='bbox 183 1272 217 1303; x_wconf 85' lang='lat' dir='ltr'>Si</span> <span class='ocrx_word' id='word_1_275' title='bbox 221 1273 356 1312; x_wconf 70' lang='lat' dir='ltr'>servitus</span> <span class='ocrx_word' id='word_1_276' title='bbox 372 1273 546 1303; x_wconf 74' lang='lat' dir='ltr'>vindicetur.</span> <span class='ocrx_word' id='word_1_277' title='bbox 571 1272 691 1304; x_wconf 90' lang='lat' dir='ltr'>Verum</span> <span class='ocrx_word' id='word_1_278' title='bbox 711 1272 846 1311; x_wconf 87' lang='lat' dir='ltr'>speciale</span> <span class='ocrx_word' id='word_1_279' title='bbox 861 1272 910 1312; x_wconf 86' lang='lat' dir='ltr'>jus</span> <span class='ocrx_word' id='word_1_280' title='bbox 928 1270 973 1303; x_wconf 89' lang='lat' dir='ltr'>est</span> <span class='ocrx_word' id='word_1_281' title='bbox 991 1270 1055 1303; x_wconf 89' lang='lat' dir='ltr'>sen—</span> 
     </span>
     <span class='ocr_line' id='line_1_40' title="bbox 181 1312 1053 1353; baseline 0 -9"><span class='ocrx_word' id='word_1_282' title='bbox 181 1315 291 1344; x_wconf 88' lang='lat' dir='ltr'>tentiae</span> <span class='ocrx_word' id='word_1_283' title='bbox 307 1312 427 1352; x_wconf 84' lang='lat' dir='ltr'>Judicis</span> <span class='ocrx_word' id='word_1_284' title='bbox 446 1313 476 1344; x_wconf 91' lang='lat' dir='ltr'>in</span> <span class='ocrx_word' id='word_1_285' title='bbox 491 1313 616 1353; x_wconf 87' lang='lat' dir='ltr'>judiciis</span> <span class='ocrx_word' id='word_1_286' title='bbox 635 1312 790 1345; x_wconf 86' lang='lat' dir='ltr'>divisoriis</span> <span class='ocrx_word' id='word_1_287' title='bbox 808 1312 860 1343; x_wconf 90' lang='lat' dir='ltr'>uni</span> <span class='ocrx_word' id='word_1_288' title='bbox 878 1313 1053 1353; x_wconf 90' lang='lat' dir='ltr'>proprieta-</span> 
     </span>
     <span class='ocr_line' id='line_1_41' title="bbox 182 1353 1055 1395; baseline 0 -10"><span class='ocrx_word' id='word_1_289' title='bbox 182 1361 247 1387; x_wconf 80' lang='lat' dir='ltr'>tem</span> <span class='ocrx_word' id='word_1_290' title='bbox 271 1354 478 1395; x_wconf 82' lang='lat' dir='ltr'>adjudicantis</span> <span class='ocrx_word' id='word_1_291' title='bbox 493 1377 504 1394; x_wconf 90' lang='lat'><strong>,</strong></span> <span class='ocrx_word' id='word_1_292' title='bbox 526 1355 617 1387; x_wconf 88' lang='lat' dir='ltr'>alteri</span> <span class='ocrx_word' id='word_1_293' title='bbox 641 1353 887 1387; x_wconf 74' lang='lat' dir='ltr'>usumfructum:</span> <span class='ocrx_word' id='word_1_294' title='bbox 911 1363 948 1386; x_wconf 89' lang='lat' dir='ltr'>ea</span> <span class='ocrx_word' id='word_1_295' title='bbox 971 1354 1055 1386; x_wconf 89' lang='lat' dir='ltr'>enim</span> 
     </span>
    </p>
   </div>
   <div class='ocr_carea' id='block_1_8' title="bbox 900 1436 1066 1473">
    <p class='ocr_par' dir='ltr' id='par_1_8' title="bbox 900 1436 1066 1473">
     <span class='ocr_line' id='line_1_42' title="bbox 900 1436 1066 1473; baseline 0.018 -3"><span class='ocrx_word' id='word_1_296' title='bbox 900 1436 1066 1473; x_wconf 54' lang='lat' dir='ltr'>Capu</span> 
     </span>
    </p>
   </div>
   <div class='ocr_carea' id='block_1_9' title="bbox 1096 893 1995 1393">
    <p class='ocr_par' dir='ltr' id='par_1_9' title="bbox 1096 893 1995 1393">
     <span class='ocr_line' id='line_1_43' title="bbox 1102 893 1995 934; baseline -0.002 -4"><span class='ocrx_word' id='word_1_297' title='bbox 1102 898 1305 930; x_wconf 86' lang='lat' dir='ltr'>constituitur</span> <span class='ocrx_word' id='word_1_298' title='bbox 1329 896 1533 929; x_wconf 70' lang='lat' dir='ltr'>ususfructus.</span> <span class='ocrx_word' id='word_1_299' title='bbox 1579 896 1668 930; x_wconf 88' lang='lat' dir='ltr'>Idem</span> <span class='ocrx_word' id='word_1_300' title='bbox 1692 894 1773 934; x_wconf 81' lang='lat' dir='ltr'>effe,</span> <span class='ocrx_word' id='word_1_301' title='bbox 1797 894 1818 927; x_wconf 86' lang='lat' dir='ltr'>fi</span> <span class='ocrx_word' id='word_1_302' title='bbox 1836 895 1887 927; x_wconf 91' lang='lat' dir='ltr'>uni</span> <span class='ocrx_word' id='word_1_303' title='bbox 1905 893 1995 928; x_wconf 51' lang='lat' dir='ltr'>fun·¹</span> 
     </span>
     <span class='ocr_line' id='line_1_44' title="bbox 1102 936 1976 979; baseline -0.002 -8"><span class='ocrx_word' id='word_1_304' title='bbox 1102 941 1193 979; x_wconf 90' lang='lat' dir='ltr'>dum,</span> <span class='ocrx_word' id='word_1_305' title='bbox 1211 940 1300 971; x_wconf 86' lang='lat' dir='ltr'>alteri</span> <span class='ocrx_word' id='word_1_306' title='bbox 1312 937 1541 970; x_wconf 68' lang='lat' dir='ltr'>usumfructum</span> <span class='ocrx_word' id='word_1_307' title='bbox 1553 937 1780 978; x_wconf 81' lang='lat' dir='ltr'>adjudicaverit</span> <span class='ocrx_word' id='word_1_308' title='bbox 1790 936 1892 976; x_wconf 83' lang='lat' dir='ltr'>Judex</span> <span class='ocrx_word' id='word_1_309' title='bbox 1902 961 1912 975; x_wconf 90' lang='lat'><strong>‚</strong></span> <span class='ocrx_word' id='word_1_310' title='bbox 1923 936 1976 969; x_wconf 86' lang='lat' dir='ltr'>Ul-</span> 
     </span>
     <span class='ocr_line' id='line_1_45' title="bbox 1100 979 1976 1022; baseline -0.003 -9"><span class='ocrx_word' id='word_1_311' title='bbox 1100 983 1210 1022; x_wconf 90' lang='lat' dir='ltr'>pianus</span> <span class='ocrx_word' id='word_1_312' title='bbox 1230 980 1339 1013; x_wconf 64' lang='lat' dir='ltr'>austor</span> <span class='ocrx_word' id='word_1_313' title='bbox 1355 980 1399 1011; x_wconf 88' lang='lat' dir='ltr'>est</span> <span class='ocrx_word' id='word_1_314' title='bbox 1417 981 1475 1012; x_wconf 81' lang='lat' dir='ltr'>i.6.</span> <span class='ocrx_word' id='word_1_315' title='bbox 1494 980 1524 1021; x_wconf 54' lang='grc' dir='ltr'>ὃ.</span> <span class='ocrx_word' id='word_1_316' title='bbox 1544 989 1591 1012; x_wconf 92' lang='lat'>10.</span> <span class='ocrx_word' id='word_1_317' title='bbox 1608 979 1650 1011; x_wconf 91' lang='lat' dir='ltr'>D.</span> <span class='ocrx_word' id='word_1_318' title='bbox 1669 979 1821 1010; x_wconf 82' lang='lat' dir='ltr'>Communi</span> <span class='ocrx_word' id='word_1_319' title='bbox 1836 979 1976 1017; x_wconf 70' lang='lat' dir='ltr'>dividun-</span> 
     </span>
     <span class='ocr_line' id='line_1_46' title="bbox 1098 1018 1973 1061; baseline -0.003 -7"><span class='ocrx_word' id='word_1_320' title='bbox 1098 1024 1151 1054; x_wconf 84' lang='lat' dir='ltr'>do:</span> <span class='ocrx_word' id='word_1_321' title='bbox 1175 1023 1206 1054; x_wconf 84' lang='lat'>&amp;</span> <span class='ocrx_word' id='word_1_322' title='bbox 1228 1022 1423 1060; x_wconf 87' lang='lat' dir='ltr'>notandum,</span> <span class='ocrx_word' id='word_1_323' title='bbox 1448 1031 1520 1053; x_wconf 91' lang='lat' dir='ltr'>eum</span> <span class='ocrx_word' id='word_1_324' title='bbox 1537 1021 1568 1052; x_wconf 91' lang='lat' dir='ltr'>in</span> <span class='ocrx_word' id='word_1_325' title='bbox 1585 1020 1604 1053; x_wconf 91' lang='lat' dir='ltr'>l.</span> <span class='ocrx_word' id='word_1_326' title='bbox 1624 1025 1671 1052; x_wconf 89' lang='lat'>16.</span> <span class='ocrx_word' id='word_1_327' title='bbox 1689 1021 1717 1061; x_wconf 61' lang='grc' dir='ltr'>ἓ.</span> <span class='ocrx_word' id='word_1_328' title='bbox 1740 1028 1764 1051; x_wconf 90' lang='lat'>1.</span> <span class='ocrx_word' id='word_1_329' title='bbox 1787 1018 1829 1050; x_wconf 92' lang='lat' dir='ltr'>D.</span> <span class='ocrx_word' id='word_1_330' title='bbox 1849 1018 1973 1051; x_wconf 66' lang='lat' dir='ltr'>Familia</span> 
     </span>
     <span class='ocr_line' id='line_1_47' title="bbox 1098 1059 1973 1104; baseline -0.006 -9"><span class='ocrx_word' id='word_1_331' title='bbox 1098 1064 1266 1104; x_wconf 67' lang='lat' dir='ltr'>erciscundae</span> <span class='ocrx_word' id='word_1_332' title='bbox 1284 1072 1437 1104; x_wconf 79' lang='lat' dir='ltr'>praeterea</span> <span class='ocrx_word' id='word_1_333' title='bbox 1458 1062 1593 1094; x_wconf 86' lang='lat' dir='ltr'>scribere</span> <span class='ocrx_word' id='word_1_334' title='bbox 1610 1071 1650 1093; x_wconf 83' lang='lat' dir='ltr'>ex</span> <span class='ocrx_word' id='word_1_335' title='bbox 1666 1061 1778 1101; x_wconf 85' lang='lat' dir='ltr'>Juliani</span> <span class='ocrx_word' id='word_1_336' title='bbox 1799 1059 1973 1100; x_wconf 83' lang='lat' dir='ltr'>sententia,</span> 
     </span>
     <span class='ocr_line' id='line_1_48' title="bbox 1098 1102 1976 1145; baseline -0.006 -8"><span class='ocrx_word' id='word_1_337' title='bbox 1098 1104 1119 1137; x_wconf 90' lang='lat' dir='ltr'>fi</span> <span class='ocrx_word' id='word_1_338' title='bbox 1135 1106 1234 1145; x_wconf 78' lang='lat' dir='ltr'>judex</span> <span class='ocrx_word' id='word_1_339' title='bbox 1250 1105 1300 1136; x_wconf 87' lang='lat' dir='ltr'>alii</span> <span class='ocrx_word' id='word_1_340' title='bbox 1318 1104 1451 1136; x_wconf 88' lang='lat' dir='ltr'>fundum</span> <span class='ocrx_word' id='word_1_341' title='bbox 1463 1127 1472 1142; x_wconf 88' lang='lat'>,</span> <span class='ocrx_word' id='word_1_342' title='bbox 1487 1104 1537 1135; x_wconf 87' lang='lat' dir='ltr'>alii</span> <span class='ocrx_word' id='word_1_343' title='bbox 1555 1102 1802 1140; x_wconf 71' lang='lat' dir='ltr'>usumfructum,</span> <span class='ocrx_word' id='word_1_344' title='bbox 1817 1102 1976 1141; x_wconf 80' lang='lat' dir='ltr'>adjudica-</span> 
     </span>
     <span class='ocr_line' id='line_1_49' title="bbox 1099 1142 1972 1185; baseline -0.005 -7"><span class='ocrx_word' id='word_1_345' title='bbox 1099 1148 1199 1185; x_wconf 88' lang='lat' dir='ltr'>verit;</span> <span class='ocrx_word' id='word_1_346' title='bbox 1222 1156 1288 1178; x_wconf 86' lang='lat' dir='ltr'>non</span> <span class='ocrx_word' id='word_1_347' title='bbox 1305 1146 1535 1177; x_wconf 90' lang='lat' dir='ltr'>communicari</span> <span class='ocrx_word' id='word_1_348' title='bbox 1550 1144 1790 1176; x_wconf 62' lang='lat' dir='ltr'>usumfructum.</span> <span class='ocrx_word' id='word_1_349' title='bbox 1838 1142 1872 1174; x_wconf 82' lang='lat' dir='ltr'>Id</span> <span class='ocrx_word' id='word_1_350' title='bbox 1895 1153 1972 1175; x_wconf 86' lang='lat' dir='ltr'>vero</span> 
     </span>
     <span class='ocr_line' id='line_1_50' title="bbox 1099 1185 1974 1228; baseline -0.005 -9"><span class='ocrx_word' id='word_1_351' title='bbox 1099 1188 1167 1220; x_wconf 92' lang='lat' dir='ltr'>vult</span> <span class='ocrx_word' id='word_1_352' title='bbox 1183 1211 1193 1228; x_wconf 87' lang='lat'>‚</span> <span class='ocrx_word' id='word_1_353' title='bbox 1218 1195 1316 1219; x_wconf 87' lang='lat' dir='ltr'>unum</span> <span class='ocrx_word' id='word_1_354' title='bbox 1341 1188 1456 1219; x_wconf 88' lang='lat' dir='ltr'>nudam</span> <span class='ocrx_word' id='word_1_355' title='bbox 1480 1186 1661 1218; x_wconf 83' lang='lat' dir='ltr'>habitururn</span> <span class='ocrx_word' id='word_1_356' title='bbox 1684 1185 1775 1217; x_wconf 85' lang='lat' dir='ltr'>fundi</span> <span class='ocrx_word' id='word_1_357' title='bbox 1801 1185 1974 1225; x_wconf 86' lang='lat' dir='ltr'>proprieta-</span> 
     </span>
     <span class='ocr_line' id='line_1_51' title="bbox 1099 1226 1975 1268; baseline -0.002 -8"><span class='ocrx_word' id='word_1_358' title='bbox 1099 1237 1186 1268; x_wconf 88' lang='lat' dir='ltr'>tem,</span> <span class='ocrx_word' id='word_1_359' title='bbox 1208 1230 1341 1261; x_wconf 87' lang='lat' dir='ltr'>alterum</span> <span class='ocrx_word' id='word_1_360' title='bbox 1366 1228 1498 1260; x_wconf 87' lang='lat' dir='ltr'>solidum</span> <span class='ocrx_word' id='word_1_361' title='bbox 1526 1229 1592 1268; x_wconf 82' lang='lat' dir='ltr'>eJ&#39;us</span> <span class='ocrx_word' id='word_1_362' title='bbox 1616 1226 1853 1259; x_wconf 72' lang='lat' dir='ltr'>usumfructum.</span> <span class='ocrx_word' id='word_1_363' title='bbox 1878 1234 1975 1266; x_wconf 82' lang='lat' dir='ltr'>atque</span> 
     </span>
     <span class='ocr_line' id='line_1_52' title="bbox 1098 1266 1973 1311; baseline -0.003 -10"><span class='ocrx_word' id='word_1_364' title='bbox 1098 1270 1163 1302; x_wconf 89' lang='lat' dir='ltr'>hoc</span> <span class='ocrx_word' id='word_1_365' title='bbox 1179 1279 1310 1311; x_wconf 87' lang='lat' dir='ltr'>quoque</span> <span class='ocrx_word' id='word_1_366' title='bbox 1327 1269 1480 1310; x_wconf 75' lang='lat' dir='ltr'>singulare</span> <span class='ocrx_word' id='word_1_367' title='bbox 1495 1270 1543 1310; x_wconf 87' lang='lat' dir='ltr'>jus</span> <span class='ocrx_word' id='word_1_368' title='bbox 1561 1269 1616 1300; x_wconf 85' lang='lat' dir='ltr'>est.</span> <span class='ocrx_word' id='word_1_369' title='bbox 1638 1269 1670 1300; x_wconf 92' lang='lat' dir='ltr'>in</span> <span class='ocrx_word' id='word_1_370' title='bbox 1689 1268 1796 1309; x_wconf 85' lang='lat' dir='ltr'>legato</span> <span class='ocrx_word' id='word_1_371' title='bbox 1814 1275 1902 1299; x_wconf 88' lang='lat' dir='ltr'>certe</span> <span class='ocrx_word' id='word_1_372' title='bbox 1918 1266 1973 1299; x_wconf 80' lang='lat' dir='ltr'>ali·</span> 
     </span>
     <span class='ocr_line' id='line_1_53' title="bbox 1099 1307 1975 1353; baseline -0.002 -10"><span class='ocrx_word' id='word_1_373' title='bbox 1099 1319 1147 1343; x_wconf 90' lang='lat' dir='ltr'>ter</span> <span class='ocrx_word' id='word_1_374' title='bbox 1171 1311 1334 1353; x_wconf 87' lang='lat' dir='ltr'>respondit</span> <span class='ocrx_word' id='word_1_375' title='bbox 1359 1310 1498 1351; x_wconf 79' lang='lat' dir='ltr'>Julianus</span> <span class='ocrx_word' id='word_1_376' title='bbox 1509 1311 1528 1342; x_wconf 85' lang='lat' dir='ltr'>l.</span> <span class='ocrx_word' id='word_1_377' title='bbox 1545 1313 1577 1341; x_wconf 85' lang='lat'>6.</span> <span class='ocrx_word' id='word_1_378' title='bbox 1595 1309 1638 1341; x_wconf 92' lang='lat' dir='ltr'>D.</span> <span class='ocrx_word' id='word_1_379' title='bbox 1654 1311 1688 1341; x_wconf 83' lang='lat' dir='ltr'>de</span> <span class='ocrx_word' id='word_1_380' title='bbox 1703 1307 1859 1350; x_wconf 62' lang='lat' dir='ltr'>usufrufiiu</span> <span class='ocrx_word' id='word_1_381' title='bbox 1874 1316 1975 1341; x_wconf 83' lang='lat' dir='ltr'>earum</span> 
     </span>
     <span class='ocr_line' id='line_1_54' title="bbox 1096 1351 1594 1393; baseline 0 -9"><span class='ocrx_word' id='word_1_382' title='bbox 1096 1363 1214 1385; x_wconf 85' lang='lat' dir='ltr'>rerum:</span> <span class='ocrx_word' id='word_1_383' title='bbox 1236 1360 1270 1385; x_wconf 91' lang='lat' dir='ltr'>ut</span> <span class='ocrx_word' id='word_1_384' title='bbox 1285 1352 1348 1393; x_wconf 85' lang='lat' dir='ltr'>jam</span> <span class='ocrx_word' id='word_1_385' title='bbox 1367 1352 1439 1384; x_wconf 89' lang='lat' dir='ltr'>alibi</span> <span class='ocrx_word' id='word_1_386' title='bbox 1458 1351 1594 1384; x_wconf 86' lang='lat' dir='ltr'>ostendi.-</span> 
     </span>
    </p>
   </div>
   <div class='ocr_carea' id='block_1_10' title="bbox 1090 1436 1239 1472">
    <p class='ocr_par' dir='ltr' id='par_1_10' title="bbox 1090 1436 1239 1472">
     <span class='ocr_line' id='line_1_55' title="bbox 1090 1436 1239 1472; baseline -0.007 0"><span class='ocrx_word' id='word_1_387' title='bbox 1090 1448 1113 1472; x_wconf 79' lang='grc' dir='ltr'>τ</span> <span class='ocrx_word' id='word_1_388' title='bbox 1168 1436 1239 1472; x_wconf 89' lang='lat' dir='ltr'>IV.</span> 
     </span>
    </p>
   </div>
   <div class='ocr_carea' id='block_1_11' title="bbox 670 1512 1469 1561">
    <p class='ocr_par' dir='ltr' id='par_1_11' title="bbox 670 1512 1469 1561">
     <span class='ocr_line' id='line_1_56' title="bbox 670 1512 1469 1561; baseline 0 -13"><span class='ocrx_word' id='word_1_389' title='bbox 670 1512 906 1561; x_wconf 66' lang='lat' dir='ltr'>Usumfruc‘tum</span> <span class='ocrx_word' id='word_1_390' title='bbox 922 1515 1017 1549; x_wconf 80' lang='lat' dir='ltr'>etiarn</span> <span class='ocrx_word' id='word_1_391' title='bbox 1038 1513 1104 1560; x_wconf 79' lang='lat' dir='ltr'>Iege</span> <span class='ocrx_word' id='word_1_392' title='bbox 1120 1512 1265 1560; x_wconf 78' lang='lat' dir='ltr'>constitui</span> <span class='ocrx_word' id='word_1_393' title='bbox 1282 1524 1356 1548; x_wconf 88' lang='lat' dir='ltr'>novo</span> <span class='ocrx_word' id='word_1_394' title='bbox 1373 1512 1469 1559; x_wconf 70' lang='lat' dir='ltr'>Jure.</span> 
     </span>
    </p>
   </div>
   <div class='ocr_carea' id='block_1_12' title="bbox 159 1601 1054 3257">
    <p class='ocr_par' dir='ltr' id='par_1_12' title="bbox 159 1601 1054 2600">
     <span class='ocr_line' id='line_1_57' title="bbox 253 1601 1052 1643; baseline -0.001 -8"><span class='ocrx_word' id='word_1_395' title='bbox 253 1602 381 1635; x_wconf 72' lang='lat' dir='ltr'>actenus</span> <span class='ocrx_word' id='word_1_396' title='bbox 396 1602 520 1635; x_wconf 91' lang='lat' dir='ltr'>ostendi</span> <span class='ocrx_word' id='word_1_397' title='bbox 535 1601 764 1636; x_wconf 70' lang='lat' dir='ltr'>usumfructum</span> <span class='ocrx_word' id='word_1_398' title='bbox 779 1602 853 1643; x_wconf 87' lang='lat' dir='ltr'>Jure</span> <span class='ocrx_word' id='word_1_399' title='bbox 864 1602 958 1636; x_wconf 86' lang='lat' dir='ltr'>Civili</span> <span class='ocrx_word' id='word_1_400' title='bbox 974 1612 1052 1634; x_wconf 89' lang='lat' dir='ltr'>con-</span> 
     </span>
     <span class='ocr_line' id='line_1_58' title="bbox 265 1644 1052 1684; baseline 0 -8"><span class='ocrx_word' id='word_1_401' title='bbox 265 1644 350 1676; x_wconf 86' lang='lat' dir='ltr'>stitui</span> <span class='ocrx_word' id='word_1_402' title='bbox 368 1644 489 1676; x_wconf 87' lang='lat' dir='ltr'>domini</span> <span class='ocrx_word' id='word_1_403' title='bbox 506 1645 693 1683; x_wconf 90' lang='lat' dir='ltr'>voluntate,</span> <span class='ocrx_word' id='word_1_404' title='bbox 717 1645 747 1676; x_wconf 87' lang='lat'>&amp;</span> <span class='ocrx_word' id='word_1_405' title='bbox 764 1644 882 1684; x_wconf 86' lang='lat' dir='ltr'>Judicis</span> <span class='ocrx_word' id='word_1_406' title='bbox 897 1645 1052 1676; x_wconf 82' lang='lat' dir='ltr'>sententia</span> 
     </span>
     <span class='ocr_line' id='line_1_59' title="bbox 171 1685 1050 1727; baseline -0.001 -9"><span class='ocrx_word' id='word_1_407' title='bbox 171 1686 202 1718; x_wconf 87' lang='lat' dir='ltr'>in</span> <span class='ocrx_word' id='word_1_408' title='bbox 223 1686 345 1727; x_wconf 82' lang='lat' dir='ltr'>judicio</span> <span class='ocrx_word' id='word_1_409' title='bbox 370 1685 500 1718; x_wconf 88' lang='lat' dir='ltr'>familiae</span> <span class='ocrx_word' id='word_1_410' title='bbox 523 1685 716 1718; x_wconf 70' lang='lat' dir='ltr'>erciscundae</span> <span class='ocrx_word' id='word_1_411' title='bbox 739 1686 770 1718; x_wconf 71' lang='grc' dir='ltr'>ὅ(</span> <span class='ocrx_word' id='word_1_412' title='bbox 793 1688 956 1718; x_wconf 89' lang='lat' dir='ltr'>communi</span> <span class='ocrx_word' id='word_1_413' title='bbox 972 1686 1050 1718; x_wconf 88' lang='lat' dir='ltr'>divi-</span> 
     </span>
     <span class='ocr_line' id='line_1_60' title="bbox 170 1727 1049 1769; baseline 0 -10"><span class='ocrx_word' id='word_1_414' title='bbox 170 1727 290 1760; x_wconf 86' lang='lat' dir='ltr'>dundo.</span> <span class='ocrx_word' id='word_1_415' title='bbox 309 1737 409 1769; x_wconf 88' lang='lat' dir='ltr'>porro</span> <span class='ocrx_word' id='word_1_416' title='bbox 427 1737 517 1769; x_wconf 84' lang='lat' dir='ltr'>agam</span> <span class='ocrx_word' id='word_1_417' title='bbox 537 1728 577 1760; x_wconf 90' lang='lat' dir='ltr'>de</span> <span class='ocrx_word' id='word_1_418' title='bbox 594 1727 756 1769; x_wconf 87' lang='lat' dir='ltr'>lege:qua</span> <span class='ocrx_word' id='word_1_419' title='bbox 774 1737 861 1759; x_wconf 92' lang='lat' dir='ltr'>novo</span> <span class='ocrx_word' id='word_1_420' title='bbox 881 1727 955 1768; x_wconf 89' lang='lat' dir='ltr'>Jure</span> <span class='ocrx_word' id='word_1_421' title='bbox 972 1737 1049 1759; x_wconf 91' lang='lat' dir='ltr'>con-</span> 
     </span>
     <span class='ocr_line' id='line_1_61' title="bbox 163 1768 1054 1809; baseline 0.001 -9"><span class='ocrx_word' id='word_1_422' title='bbox 163 1768 303 1801; x_wconf 83' lang='lat' dir='ltr'>stituitur</span> <span class='ocrx_word' id='word_1_423' title='bbox 322 1769 534 1802; x_wconf 68' lang='lat' dir='ltr'>ususfructus:</span> <span class='ocrx_word' id='word_1_424' title='bbox 552 1778 624 1801; x_wconf 90' lang='lat' dir='ltr'>cum</span> <span class='ocrx_word' id='word_1_425' title='bbox 643 1770 668 1800; x_wconf 88' lang='lat' dir='ltr'>is</span> <span class='ocrx_word' id='word_1_426' title='bbox 685 1769 799 1801; x_wconf 88' lang='lat' dir='ltr'>modus</span> <span class='ocrx_word' id='word_1_427' title='bbox 817 1777 891 1801; x_wconf 90' lang='lat' dir='ltr'>ante</span> <span class='ocrx_word' id='word_1_428' title='bbox 910 1769 983 1809; x_wconf 86' lang='lat' dir='ltr'>Jure</span> <span class='ocrx_word' id='word_1_429' title='bbox 999 1769 1054 1801; x_wconf 91' lang='lat' dir='ltr'>Ci-</span> 
     </span>
     <span class='ocr_line' id='line_1_62' title="bbox 167 1810 1047 1852; baseline 0.001 -11"><span class='ocrx_word' id='word_1_430' title='bbox 167 1811 222 1842; x_wconf 89' lang='lat' dir='ltr'>vili</span> <span class='ocrx_word' id='word_1_431' title='bbox 244 1810 322 1843; x_wconf 88' lang='lat' dir='ltr'>esset</span> <span class='ocrx_word' id='word_1_432' title='bbox 339 1812 534 1852; x_wconf 87' lang='lat' dir='ltr'>incognitus.</span> <span class='ocrx_word' id='word_1_433' title='bbox 559 1810 763 1842; x_wconf 89' lang='lat' dir='ltr'>constituitur</span> <span class='ocrx_word' id='word_1_434' title='bbox 777 1818 885 1842; x_wconf 86' lang='lat' dir='ltr'>autem</span> <span class='ocrx_word' id='word_1_435' title='bbox 906 1811 978 1852; x_wconf 86' lang='lat' dir='ltr'>lege</span> <span class='ocrx_word' id='word_1_436' title='bbox 993 1819 1047 1852; x_wconf 88' lang='lat' dir='ltr'>pa-</span> 
     </span>
     <span class='ocr_line' id='line_1_63' title="bbox 169 1851 1049 1893; baseline 0 -9"><span class='ocrx_word' id='word_1_437' title='bbox 169 1853 209 1884; x_wconf 91' lang='lat' dir='ltr'>tri</span> <span class='ocrx_word' id='word_1_438' title='bbox 226 1852 256 1884; x_wconf 90' lang='lat' dir='ltr'>in</span> <span class='ocrx_word' id='word_1_439' title='bbox 275 1852 368 1885; x_wconf 88' lang='lat' dir='ltr'>bonis</span> <span class='ocrx_word' id='word_1_440' title='bbox 384 1852 439 1884; x_wconf 86' lang='lat' dir='ltr'>filii</span> <span class='ocrx_word' id='word_1_441' title='bbox 460 1853 490 1884; x_wconf 90' lang='lat' dir='ltr'>in</span> <span class='ocrx_word' id='word_1_442' title='bbox 510 1851 668 1893; x_wconf 87' lang='lat' dir='ltr'>potestate</span> <span class='ocrx_word' id='word_1_443' title='bbox 686 1851 872 1891; x_wconf 85' lang='lat' dir='ltr'>existentis,</span> <span class='ocrx_word' id='word_1_444' title='bbox 896 1861 962 1884; x_wconf 93' lang='lat' dir='ltr'>non</span> <span class='ocrx_word' id='word_1_445' title='bbox 980 1861 1049 1884; x_wconf 88' lang='lat' dir='ltr'>om-</span> 
     </span>
     <span class='ocr_line' id='line_1_64' title="bbox 167 1893 1049 1934; baseline -0.001 -8"><span class='ocrx_word' id='word_1_446' title='bbox 167 1894 280 1933; x_wconf 86' lang='lat' dir='ltr'>nibus,</span> <span class='ocrx_word' id='word_1_447' title='bbox 305 1893 357 1926; x_wconf 86' lang='lat' dir='ltr'>sed</span> <span class='ocrx_word' id='word_1_448' title='bbox 375 1894 578 1926; x_wconf 76' lang='lat' dir='ltr'>adventitiis:</span> <span class='ocrx_word' id='word_1_449' title='bbox 603 1895 718 1934; x_wconf 87' lang='lat' dir='ltr'>idque,</span> <span class='ocrx_word' id='word_1_450' title='bbox 735 1901 769 1925; x_wconf 84' lang='lat' dir='ltr'>ut</span> <span class='ocrx_word' id='word_1_451' title='bbox 788 1894 873 1932; x_wconf 78' lang='lat' dir='ltr'>dixi,</span> <span class='ocrx_word' id='word_1_452' title='bbox 890 1903 979 1925; x_wconf 93' lang='lat' dir='ltr'>novo</span> <span class='ocrx_word' id='word_1_453' title='bbox 997 1893 1049 1934; x_wconf 88' lang='lat' dir='ltr'>Ju-</span> 
     </span>
     <span class='ocr_line' id='line_1_65' title="bbox 168 1934 1048 1977; baseline 0.001 -10"><span class='ocrx_word' id='word_1_454' title='bbox 168 1945 212 1967; x_wconf 87' lang='lat' dir='ltr'>re.</span> <span class='ocrx_word' id='word_1_455' title='bbox 238 1945 308 1967; x_wconf 88' lang='lat' dir='ltr'>nam</span> <span class='ocrx_word' id='word_1_456' title='bbox 333 1936 410 1968; x_wconf 92' lang='lat' dir='ltr'>olim</span> <span class='ocrx_word' id='word_1_457' title='bbox 430 1936 585 1977; x_wconf 87' lang='lat' dir='ltr'>quidquid</span> <span class='ocrx_word' id='word_1_458' title='bbox 605 1935 794 1976; x_wconf 84' lang='lat' dir='ltr'>adquirebat</span> <span class='ocrx_word' id='word_1_459' title='bbox 810 1934 1048 1974; x_wconf 83' lang='lat' dir='ltr'>filiusfamilias,</span> 
     </span>
     <span class='ocr_line' id='line_1_66' title="bbox 168 1976 1048 2018; baseline 0 -10"><span class='ocrx_word' id='word_1_460' title='bbox 168 1978 233 2017; x_wconf 80' lang='lat' dir='ltr'>ejus</span> <span class='ocrx_word' id='word_1_461' title='bbox 250 1980 427 2018; x_wconf 85' lang='lat' dir='ltr'>proprietas</span> <span class='ocrx_word' id='word_1_462' title='bbox 444 1978 540 2018; x_wconf 88' lang='lat' dir='ltr'>pleno</span> <span class='ocrx_word' id='word_1_463' title='bbox 555 1978 624 2017; x_wconf 80' lang='lat' dir='ltr'>J&#39;ure</span> <span class='ocrx_word' id='word_1_464' title='bbox 642 1984 708 2008; x_wconf 90' lang='lat' dir='ltr'>erat</span> <span class='ocrx_word' id='word_1_465' title='bbox 725 1976 820 2015; x_wconf 83' lang='lat' dir='ltr'>patris</span> <span class='ocrx_word' id='word_1_466' title='bbox 836 1977 866 2007; x_wconf 91' lang='lat' dir='ltr'>in</span> <span class='ocrx_word' id='word_1_467' title='bbox 885 1977 973 2017; x_wconf 84' lang='lat' dir='ltr'>cujus</span> <span class='ocrx_word' id='word_1_468' title='bbox 990 1985 1048 2016; x_wconf 89' lang='lat' dir='ltr'>po-</span> 
     </span>
     <span class='ocr_line' id='line_1_67' title="bbox 169 2017 1046 2050; baseline -0.002 0"><span class='ocrx_word' id='word_1_469' title='bbox 169 2018 281 2050; x_wconf 82' lang='lat' dir='ltr'>testate</span> <span class='ocrx_word' id='word_1_470' title='bbox 305 2026 371 2050; x_wconf 88' lang='lat' dir='ltr'>erat</span> <span class='ocrx_word' id='word_1_471' title='bbox 396 2017 490 2050; x_wconf 82' lang='lat' dir='ltr'>filius.</span> <span class='ocrx_word' id='word_1_472' title='bbox 521 2028 571 2050; x_wconf 88' lang='lat' dir='ltr'>res</span> <span class='ocrx_word' id='word_1_473' title='bbox 595 2026 690 2050; x_wconf 87' lang='lat' dir='ltr'>nota:</span> <span class='ocrx_word' id='word_1_474' title='bbox 715 2018 745 2049; x_wconf 84' lang='lat'>&amp;</span> <span class='ocrx_word' id='word_1_475' title='bbox 761 2019 844 2049; x_wconf 88' lang='lat' dir='ltr'>clare</span> <span class='ocrx_word' id='word_1_476' title='bbox 858 2017 981 2049; x_wconf 85' lang='lat' dir='ltr'>Seneca</span> <span class='ocrx_word' id='word_1_477' title='bbox 997 2018 1046 2049; x_wconf 86' lang='lat' dir='ltr'>lib.</span> 
     </span>
     <span class='ocr_line' id='line_1_68' title="bbox 168 2059 1047 2100; baseline -0.002 -9"><span class='ocrx_word' id='word_1_478' title='bbox 168 2069 196 2100; x_wconf 89' lang='lat'>7.</span> <span class='ocrx_word' id='word_1_479' title='bbox 215 2062 247 2091; x_wconf 79' lang='lat' dir='ltr'>de</span> <span class='ocrx_word' id='word_1_480' title='bbox 264 2060 407 2100; x_wconf 82' lang='lat' dir='ltr'>beneficiis</span> <span class='ocrx_word' id='word_1_481' title='bbox 423 2071 446 2091; x_wconf 89' lang='lat' dir='ltr'>c.</span> <span class='ocrx_word' id='word_1_482' title='bbox 457 2070 486 2099; x_wconf 81' lang='lat'>4.</span> <span class='ocrx_word' id='word_1_483' title='bbox 506 2060 617 2091; x_wconf 84' lang='lat' dir='ltr'>Omnia</span> <span class='ocrx_word' id='word_1_484' title='bbox 631 2060 725 2100; x_wconf 85' lang='lat' dir='ltr'>patris</span> <span class='ocrx_word' id='word_1_485' title='bbox 737 2059 808 2097; x_wconf 85' lang='lat' dir='ltr'>sunt</span> <span class='ocrx_word' id='word_1_486' title='bbox 845 2068 887 2089; x_wconf 72' lang='grc' dir='ltr'>τιατ</span> <span class='ocrx_word' id='word_1_487' title='bbox 902 2060 933 2089; x_wconf 81' lang='lat' dir='ltr'>in</span> <span class='ocrx_word' id='word_1_488' title='bbox 948 2060 1047 2090; x_wconf 86' lang='lat' dir='ltr'>libero-</span> 
     </span>
     <span class='ocr_line' id='line_1_69' title="bbox 167 2099 1043 2142; baseline 0 -11"><span class='ocrx_word' id='word_1_489' title='bbox 167 2111 233 2132; x_wconf 78' lang='lat' dir='ltr'>rum</span> <span class='ocrx_word' id='word_1_490' title='bbox 250 2103 432 2142; x_wconf 83' lang='lat' dir='ltr'>manufimt.</span> <span class='ocrx_word' id='word_1_491' title='bbox 464 2102 546 2133; x_wconf 84' lang='lat' dir='ltr'>adeo</span> <span class='ocrx_word' id='word_1_492' title='bbox 563 2101 641 2133; x_wconf 86' lang='lat' dir='ltr'>nihil</span> <span class='ocrx_word' id='word_1_493' title='bbox 658 2108 725 2132; x_wconf 85' lang='lat' dir='ltr'>erat</span> <span class='ocrx_word' id='word_1_494' title='bbox 743 2108 810 2132; x_wconf 88' lang='lat' dir='ltr'>tum</span> <span class='ocrx_word' id='word_1_495' title='bbox 853 2099 1043 2139; x_wconf 87' lang='lat' dir='ltr'>liifarnilias‚</span> 
     </span>
     <span class='ocr_line' id='line_1_70' title="bbox 168 2140 1045 2184; baseline -0.002 -10"><span class='ocrx_word' id='word_1_496' title='bbox 168 2142 222 2174; x_wconf 84' lang='lat' dir='ltr'>nisi</span> <span class='ocrx_word' id='word_1_497' title='bbox 234 2142 302 2182; x_wconf 87' lang='lat' dir='ltr'>jure</span> <span class='ocrx_word' id='word_1_498' title='bbox 320 2143 435 2184; x_wconf 87' lang='lat' dir='ltr'>peculii</span> <span class='ocrx_word' id='word_1_499' title='bbox 454 2153 492 2174; x_wconf 87' lang='lat' dir='ltr'>ex</span> <span class='ocrx_word' id='word_1_500' title='bbox 510 2142 657 2184; x_wconf 72' lang='lat' dir='ltr'>permissu</span> <span class='ocrx_word' id='word_1_501' title='bbox 675 2143 783 2182; x_wconf 88' lang='lat' dir='ltr'>patris.</span> <span class='ocrx_word' id='word_1_502' title='bbox 819 2140 871 2173; x_wconf 89' lang='lat' dir='ltr'>De</span> <span class='ocrx_word' id='word_1_503' title='bbox 886 2140 1045 2180; x_wconf 90' lang='lat' dir='ltr'>Tiberio,</span> 
     </span>
     <span class='ocr_line' id='line_1_71' title="bbox 165 2182 1043 2225; baseline 0 -11"><span class='ocrx_word' id='word_1_504' title='bbox 165 2185 227 2225; x_wconf 80' lang='lat' dir='ltr'>J&#39;am</span> <span class='ocrx_word' id='word_1_505' title='bbox 250 2193 398 2225; x_wconf 80' lang='lat' dir='ltr'>arrogato</span> <span class='ocrx_word' id='word_1_506' title='bbox 423 2184 461 2216; x_wconf 88' lang='lat' dir='ltr'>ab</span> <span class='ocrx_word' id='word_1_507' title='bbox 484 2183 643 2224; x_wconf 79' lang='lat' dir='ltr'>Augusto,</span> <span class='ocrx_word' id='word_1_508' title='bbox 666 2183 860 2221; x_wconf 81' lang='lat' dir='ltr'>Suetonius,</span> <span class='ocrx_word' id='word_1_509' title='bbox 887 2182 996 2214; x_wconf 84' lang='lat' dir='ltr'>Tiberio</span> <span class='ocrx_word' id='word_1_510' title='bbox 1018 2193 1043 2214; x_wconf 81' lang='lat' dir='ltr'>c.</span> 
     </span>
     <span class='ocr_line' id='line_1_72' title="bbox 169 2223 1045 2266; baseline -0.001 -10"><span class='ocrx_word' id='word_1_511' title='bbox 169 2234 216 2266; x_wconf 84' lang='lat'>¹5·</span> <span class='ocrx_word' id='word_1_512' title='bbox 242 2226 308 2258; x_wconf 86' lang='lat' dir='ltr'>Nec</span> <span class='ocrx_word' id='word_1_513' title='bbox 324 2226 480 2266; x_wconf 76' lang='lat' dir='ltr'>quidquam</span> <span class='ocrx_word' id='word_1_514' title='bbox 492 2223 588 2266; x_wconf 78' lang='lat' dir='ltr'>postea</span> <span class='ocrx_word' id='word_1_515' title='bbox 599 2232 653 2266; x_wconf 87' lang='lat' dir='ltr'>pro</span> <span class='ocrx_word' id='word_1_516' title='bbox 666 2224 880 2266; x_wconf 80' lang='lat' dir='ltr'>patrefamilias</span> <span class='ocrx_word' id='word_1_517' title='bbox 895 2225 970 2266; x_wconf 71' lang='lat' dir='ltr'>egizt</span> <span class='ocrx_word' id='word_1_518' title='bbox 991 2230 1045 2255; x_wconf 82' lang='lat' dir='ltr'>aut</span> 
     </span>
     <span class='ocr_line' id='line_1_73' title="bbox 161 2266 1044 2309; baseline -0.001 -11"><span class='ocrx_word' id='word_1_519' title='bbox 161 2268 216 2309; x_wconf 84' lang='lat' dir='ltr'>jus</span> <span class='ocrx_word' id='word_1_520' title='bbox 238 2268 313 2308; x_wconf 82' lang='lat' dir='ltr'>quod</span> <span class='ocrx_word' id='word_1_521' title='bbox 337 2268 487 2307; x_wconf 77' lang='lat' dir='ltr'>adoptione</span> <span class='ocrx_word' id='word_1_522' title='bbox 511 2267 646 2305; x_wconf 77' lang='lat' dir='ltr'>amiserat</span> <span class='ocrx_word' id='word_1_523' title='bbox 670 2276 706 2297; x_wconf 84' lang='lat' dir='ltr'>ex</span> <span class='ocrx_word' id='word_1_524' title='bbox 731 2266 792 2297; x_wconf 79' lang='lat' dir='ltr'>ulla</span> <span class='ocrx_word' id='word_1_525' title='bbox 805 2272 889 2307; x_wconf 77' lang='lat' dir='ltr'>purte</span> <span class='ocrx_word' id='word_1_526' title='bbox 904 2267 1044 2297; x_wconf 83' lang='lat' dir='ltr'>retinuit:</span> 
     </span>
     <span class='ocr_line' id='line_1_74' title="bbox 167 2306 1042 2349; baseline -0.003 -9"><span class='ocrx_word' id='word_1_527' title='bbox 167 2318 236 2340; x_wconf 82' lang='lat' dir='ltr'>nam</span> <span class='ocrx_word' id='word_1_528' title='bbox 252 2317 344 2349; x_wconf 82' lang='lat' dir='ltr'>neque</span> <span class='ocrx_word' id='word_1_529' title='bbox 360 2309 499 2346; x_wconf 77' lang='lat' dir='ltr'>donavit,</span> <span class='ocrx_word' id='word_1_530' title='bbox 523 2317 614 2349; x_wconf 82' lang='lat' dir='ltr'>neque</span> <span class='ocrx_word' id='word_1_531' title='bbox 631 2306 815 2345; x_wconf 63' lang='lat' dir='ltr'>manumisit,</span> <span class='ocrx_word' id='word_1_532' title='bbox 839 2317 889 2337; x_wconf 81' lang='lat' dir='ltr'>nec</span> <span class='ocrx_word' id='word_1_533' title='bbox 904 2307 1042 2338; x_wconf 79' lang='lat' dir='ltr'>heredita-</span> 
     </span>
     <span class='ocr_line' id='line_1_75' title="bbox 165 2349 1043 2392; baseline -0.001 -12"><span class='ocrx_word' id='word_1_534' title='bbox 165 2356 222 2381; x_wconf 81' lang='lat' dir='ltr'>tem</span> <span class='ocrx_word' id='word_1_535' title='bbox 246 2351 362 2392; x_wconf 81' lang='lat' dir='ltr'>quidem</span> <span class='ocrx_word' id='word_1_536' title='bbox 383 2355 434 2380; x_wconf 80' lang='lat' dir='ltr'>aut</span> <span class='ocrx_word' id='word_1_537' title='bbox 456 2349 551 2390; x_wconf 76' lang='lat' dir='ltr'>legata</span> <span class='ocrx_word' id='word_1_538' title='bbox 562 2351 689 2390; x_wconf 75' lang='lat' dir='ltr'>percepit</span> <span class='ocrx_word' id='word_1_539' title='bbox 706 2349 767 2380; x_wconf 81' lang='lat' dir='ltr'>ulla</span> <span class='ocrx_word' id='word_1_540' title='bbox 781 2349 884 2386; x_wconf 76' lang='lat' dir='ltr'>aliter,</span> <span class='ocrx_word' id='word_1_541' title='bbox 907 2358 995 2390; x_wconf 84' lang='lat' dir='ltr'>quam</span> <span class='ocrx_word' id='word_1_542' title='bbox 1008 2354 1043 2379; x_wconf 84' lang='lat' dir='ltr'>ut</span> 
     </span>
     <span class='ocr_line' id='line_1_76' title="bbox 159 2389 1042 2432; baseline 0 -11"><span class='ocrx_word' id='word_1_543' title='bbox 159 2391 272 2432; x_wconf 80' lang='lat' dir='ltr'>peculio</span> <span class='ocrx_word' id='word_1_544' title='bbox 296 2391 415 2430; x_wconf 75' lang='lat' dir='ltr'>referret</span> <span class='ocrx_word' id='word_1_545' title='bbox 437 2397 563 2432; x_wconf 76' lang='lat' dir='ltr'>accepta.</span> <span class='ocrx_word' id='word_1_546' title='bbox 609 2389 680 2422; x_wconf 87' lang='lat' dir='ltr'>Una</span> <span class='ocrx_word' id='word_1_547' title='bbox 696 2391 849 2428; x_wconf 84' lang='lat' dir='ltr'>exceptio</span> <span class='ocrx_word' id='word_1_548' title='bbox 865 2389 928 2421; x_wconf 77' lang='lat' dir='ltr'>fuit</span> <span class='ocrx_word' id='word_1_549' title='bbox 943 2391 974 2421; x_wconf 89' lang='lat' dir='ltr'>in</span> <span class='ocrx_word' id='word_1_550' title='bbox 992 2399 1042 2421; x_wconf 84' lang='lat' dir='ltr'>ca·</span> 
     </span>
     <span class='ocr_line' id='line_1_77' title="bbox 165 2430 1042 2473; baseline 0 -10"><span class='ocrx_word' id='word_1_551' title='bbox 165 2432 270 2464; x_wconf 85' lang='lat' dir='ltr'>strenfi</span> <span class='ocrx_word' id='word_1_552' title='bbox 295 2432 444 2473; x_wconf 87' lang='lat' dir='ltr'>peculio:</span> <span class='ocrx_word' id='word_1_553' title='bbox 466 2433 497 2463; x_wconf 90' lang='lat' dir='ltr'>in</span> <span class='ocrx_word' id='word_1_554' title='bbox 525 2442 590 2473; x_wconf 92' lang='lat' dir='ltr'>quo</span> <span class='ocrx_word' id='word_1_555' title='bbox 614 2432 735 2472; x_wconf 87' lang='lat' dir='ltr'>placuit</span> <span class='ocrx_word' id='word_1_556' title='bbox 762 2431 983 2472; x_wconf 82' lang='lat' dir='ltr'>Principibus,</span> <span class='ocrx_word' id='word_1_557' title='bbox 1007 2430 1042 2463; x_wconf 95' lang='lat' dir='ltr'>fi-</span> 
     </span>
     <span class='ocr_line' id='line_1_78' title="bbox 164 2472 1043 2514; baseline -0.001 -9"><span class='ocrx_word' id='word_1_558' title='bbox 164 2473 376 2506; x_wconf 87' lang='lat' dir='ltr'>liumfamilias</span> <span class='ocrx_word' id='word_1_559' title='bbox 400 2482 459 2514; x_wconf 90' lang='lat' dir='ltr'>pro</span> <span class='ocrx_word' id='word_1_560' title='bbox 483 2473 712 2514; x_wconf 84' lang='lat' dir='ltr'>patrefamilias</span> <span class='ocrx_word' id='word_1_561' title='bbox 739 2472 869 2504; x_wconf 88' lang='lat' dir='ltr'>habere.</span> <span class='ocrx_word' id='word_1_562' title='bbox 897 2473 1043 2504; x_wconf 87' lang='lat' dir='ltr'>meminit</span> 
     </span>
     <span class='ocr_line' id='line_1_79' title="bbox 161 2515 623 2556; baseline 0 -10"><span class='ocrx_word' id='word_1_563' title='bbox 161 2515 321 2555; x_wconf 83' lang='lat' dir='ltr'>Juvenalis</span> <span class='ocrx_word' id='word_1_564' title='bbox 331 2515 395 2555; x_wconf 82' lang='lat' dir='ltr'>sat.</span> <span class='ocrx_word' id='word_1_565' title='bbox 418 2519 463 2547; x_wconf 88' lang='lat'>16.</span> <span class='ocrx_word' id='word_1_566' title='bbox 482 2517 557 2556; x_wconf 70' lang='lat' dir='ltr'>vers.</span> <span class='ocrx_word' id='word_1_567' title='bbox 572 2525 623 2556; x_wconf 85' lang='lat'>52.</span> 
     </span>
     <span class='ocr_line' id='line_1_80' title="bbox 303 2556 674 2600; baseline 0 -13"><span class='ocrx_word' id='word_1_568' title='bbox 303 2556 376 2600; x_wconf 68' lang='lat' dir='ltr'>ngae</span> <span class='ocrx_word' id='word_1_569' title='bbox 385 2557 463 2596; x_wconf 79' lang='lat' dir='ltr'>szirzt</span> <span class='ocrx_word' id='word_1_570' title='bbox 477 2563 564 2597; x_wconf 81' lang='lat' dir='ltr'>parta</span> <span class='ocrx_word' id='word_1_571' title='bbox 581 2557 674 2588; x_wconf 79' lang='lat' dir='ltr'>labore</span> 
     </span>
    </p>

    <p class='ocr_par' dir='ltr' id='par_1_13' title="bbox 203 2597 907 2639">
     <span class='ocr_line' id='line_1_81' title="bbox 203 2597 907 2639; baseline 0 -10"><span class='ocrx_word' id='word_1_572' title='bbox 203 2597 325 2629; x_wconf 66' lang='lat' dir='ltr'>Militiae</span> <span class='ocrx_word' id='word_1_573' title='bbox 336 2621 346 2636; x_wconf 89' lang='lat'>,</span> <span class='ocrx_word' id='word_1_574' title='bbox 366 2599 480 2638; x_wconf 77' lang='lat' dir='ltr'>placuit</span> <span class='ocrx_word' id='word_1_575' title='bbox 495 2608 551 2629; x_wconf 85' lang='lat' dir='ltr'>non</span> <span class='ocrx_word' id='word_1_576' title='bbox 568 2598 619 2639; x_wconf 87' lang='lat' dir='ltr'>effe</span> <span class='ocrx_word' id='word_1_577' title='bbox 632 2600 664 2629; x_wconf 77' lang='lat' dir='ltr'>iri</span> <span class='ocrx_word' id='word_1_578' title='bbox 681 2604 794 2639; x_wconf 83' lang='lat' dir='ltr'>corpore</span> <span class='ocrx_word' id='word_1_579' title='bbox 809 2597 907 2635; x_wconf 84' lang='lat' dir='ltr'>census</span> 
     </span>
    </p>

    <p class='ocr_par' dir='ltr' id='par_1_14' title="bbox 162 2639 1041 3129">
     <span class='ocr_line' id='line_1_82' title="bbox 205 2639 841 2681; baseline 0 -10"><span class='ocrx_word' id='word_1_580' title='bbox 205 2639 301 2671; x_wconf 82' lang='lat' dir='ltr'>Omne</span> <span class='ocrx_word' id='word_1_581' title='bbox 317 2645 389 2669; x_wconf 84' lang='lat' dir='ltr'>tenet</span> <span class='ocrx_word' id='word_1_582' title='bbox 404 2641 526 2680; x_wconf 74' lang='lat' dir='ltr'>regimen</span> <span class='ocrx_word' id='word_1_583' title='bbox 542 2641 628 2681; x_wconf 81' lang='lat' dir='ltr'>cujus</span> <span class='ocrx_word' id='word_1_584' title='bbox 646 2646 737 2680; x_wconf 83' lang='lat' dir='ltr'>pater.</span> <span class='ocrx_word' id='word_1_585' title='bbox 761 2657 771 2662; x_wconf 99' lang='lat'>-</span> <span class='ocrx_word' id='word_1_586' title='bbox 795 2657 807 2663; x_wconf 92' lang='lat'>-</span> <span class='ocrx_word' id='word_1_587' title='bbox 829 2655 841 2662; x_wconf 88' lang='lat'><strong>·</strong></span> 
     </span>
     <span class='ocr_line' id='line_1_83' title="bbox 163 2679 1041 2721; baseline 0 -9"><span class='ocrx_word' id='word_1_588' title='bbox 163 2679 241 2712; x_wconf 89' lang='lat' dir='ltr'>Hoc</span> <span class='ocrx_word' id='word_1_589' title='bbox 272 2680 423 2719; x_wconf 85' lang='lat' dir='ltr'>exemplo</span> <span class='ocrx_word' id='word_1_590' title='bbox 452 2680 496 2712; x_wconf 84' lang='lat' dir='ltr'>est</span> <span class='ocrx_word' id='word_1_591' title='bbox 519 2681 683 2713; x_wconf 73' lang='lat' dir='ltr'>consimile</span> <span class='ocrx_word' id='word_1_592' title='bbox 704 2681 753 2721; x_wconf 90' lang='lat' dir='ltr'>jus</span> <span class='ocrx_word' id='word_1_593' title='bbox 778 2680 886 2712; x_wconf 88' lang='lat' dir='ltr'>datum</span> <span class='ocrx_word' id='word_1_594' title='bbox 911 2681 1041 2721; x_wconf 90' lang='lat' dir='ltr'>peculio</span> 
     </span>
     <span class='ocr_line' id='line_1_84' title="bbox 165 2720 1040 2764; baseline -0.001 -11"><span class='ocrx_word' id='word_1_595' title='bbox 165 2721 250 2762; x_wconf 85' lang='lat' dir='ltr'>quafi</span> <span class='ocrx_word' id='word_1_596' title='bbox 261 2720 403 2752; x_wconf 83' lang='lat' dir='ltr'>castrensi</span> <span class='ocrx_word' id='word_1_597' title='bbox 415 2728 461 2761; x_wconf 91' lang='lat' dir='ltr'>pr.</span> <span class='ocrx_word' id='word_1_598' title='bbox 475 2720 548 2762; x_wconf 80' lang='lat' dir='ltr'>[nst.</span> <span class='ocrx_word' id='word_1_599' title='bbox 572 2723 631 2754; x_wconf 87' lang='lat' dir='ltr'>Per</span> <span class='ocrx_word' id='word_1_600' title='bbox 646 2732 718 2763; x_wconf 83' lang='lat' dir='ltr'>quas</span> <span class='ocrx_word' id='word_1_601' title='bbox 728 2723 864 2762; x_wconf 81' lang='lat' dir='ltr'>personas</span> <span class='ocrx_word' id='word_1_602' title='bbox 878 2723 981 2764; x_wconf 82' lang='lat' dir='ltr'>cuique</span> <span class='ocrx_word' id='word_1_603' title='bbox 989 2723 1040 2753; x_wconf 74' lang='lat' dir='ltr'>acl-</span> 
     </span>
     <span class='ocr_line' id='line_1_85' title="bbox 164 2761 1040 2806; baseline 0.001 -12"><span class='ocrx_word' id='word_1_604' title='bbox 164 2764 303 2806; x_wconf 77' lang='lat' dir='ltr'>quiritur.</span> <span class='ocrx_word' id='word_1_605' title='bbox 328 2762 348 2792; x_wconf 88' lang='lat' dir='ltr'>l.</span> <span class='ocrx_word' id='word_1_606' title='bbox 365 2761 418 2793; x_wconf 77' lang='lat' dir='ltr'>ult.</span> <span class='ocrx_word' id='word_1_607' title='bbox 439 2762 471 2793; x_wconf 91' lang='lat' dir='ltr'>C.</span> <span class='ocrx_word' id='word_1_608' title='bbox 487 2765 520 2793; x_wconf 78' lang='lat' dir='ltr'>de</span> <span class='ocrx_word' id='word_1_609' title='bbox 534 2763 686 2805; x_wconf 71' lang='lat' dir='ltr'>inofficioso</span> <span class='ocrx_word' id='word_1_610' title='bbox 704 2762 881 2804; x_wconf 68' lang='lat' dir='ltr'>testamento.</span> <span class='ocrx_word' id='word_1_611' title='bbox 920 2764 1040 2795; x_wconf 85' lang='lat' dir='ltr'>Praete-</span> 
     </span>
     <span class='ocr_line' id='line_1_86' title="bbox 162 2803 1041 2845; baseline -0.001 -8"><span class='ocrx_word' id='word_1_612' title='bbox 162 2815 216 2838; x_wconf 89' lang='lat' dir='ltr'>rea</span> <span class='ocrx_word' id='word_1_613' title='bbox 233 2803 278 2836; x_wconf 82' lang='lat' dir='ltr'>est</span> <span class='ocrx_word' id='word_1_614' title='bbox 296 2803 412 2835; x_wconf 88' lang='lat' dir='ltr'>eodem</span> <span class='ocrx_word' id='word_1_615' title='bbox 430 2806 578 2844; x_wconf 85' lang='lat' dir='ltr'>exemplo</span> <span class='ocrx_word' id='word_1_616' title='bbox 601 2805 680 2844; x_wconf 90' lang='lat' dir='ltr'>alia,</span> <span class='ocrx_word' id='word_1_617' title='bbox 703 2814 804 2845; x_wconf 89' lang='lat' dir='ltr'>eaque</span> <span class='ocrx_word' id='word_1_618' title='bbox 822 2805 970 2837; x_wconf 88' lang='lat' dir='ltr'>notabilis</span> <span class='ocrx_word' id='word_1_619' title='bbox 987 2814 1041 2836; x_wconf 86' lang='lat' dir='ltr'>ex-</span> 
     </span>
     <span class='ocr_line' id='line_1_87' title="bbox 164 2843 1039 2888; baseline -0.001 -9"><span class='ocrx_word' id='word_1_620' title='bbox 164 2846 275 2888; x_wconf 89' lang='lat' dir='ltr'>ceptio</span> <span class='ocrx_word' id='word_1_621' title='bbox 294 2845 325 2876; x_wconf 90' lang='lat' dir='ltr'>in</span> <span class='ocrx_word' id='word_1_622' title='bbox 343 2844 362 2875; x_wconf 86' lang='lat' dir='ltr'>l.</span> <span class='ocrx_word' id='word_1_623' title='bbox 376 2854 426 2885; x_wconf 77' lang='lat'>50.</span> <span class='ocrx_word' id='word_1_624' title='bbox 448 2843 488 2874; x_wconf 96' lang='lat' dir='ltr'>D.</span> <span class='ocrx_word' id='word_1_625' title='bbox 516 2845 565 2876; x_wconf 79' lang='lat' dir='ltr'>Ad</span> <span class='ocrx_word' id='word_1_626' title='bbox 581 2846 868 2886; x_wconf 78' lang='lat' dir='ltr'>Senatusconsultum</span> <span class='ocrx_word' id='word_1_627' title='bbox 889 2845 1039 2878; x_wconf 85' lang='lat' dir='ltr'>Trebellia-</span> 
     </span>
     <span class='ocr_line' id='line_1_88' title="bbox 162 2884 1040 2926; baseline -0.001 -6"><span class='ocrx_word' id='word_1_628' title='bbox 162 2898 235 2920; x_wconf 80' lang='lat' dir='ltr'>mcm</span> <span class='ocrx_word' id='word_1_629' title='bbox 252 2886 399 2919; x_wconf 89' lang='lat' dir='ltr'>Decreto</span> <span class='ocrx_word' id='word_1_630' title='bbox 415 2884 618 2924; x_wconf 85' lang='lat' dir='ltr'>Imperatoris</span> <span class='ocrx_word' id='word_1_631' title='bbox 635 2886 807 2926; x_wconf 88' lang='lat' dir='ltr'>Hadriani,</span> <span class='ocrx_word' id='word_1_632' title='bbox 833 2896 906 2919; x_wconf 93' lang='lat' dir='ltr'>cum</span> <span class='ocrx_word' id='word_1_633' title='bbox 922 2887 1040 2919; x_wconf 86' lang='lat' dir='ltr'>defice-</span> 
     </span>
     <span class='ocr_line' id='line_1_89' title="bbox 162 2927 1039 2967; baseline -0.001 -5"><span class='ocrx_word' id='word_1_634' title='bbox 162 2938 213 2962; x_wconf 86' lang='lat' dir='ltr'>ret</span> <span class='ocrx_word' id='word_1_635' title='bbox 230 2929 382 2960; x_wconf 81' lang='lat' dir='ltr'>auxilium</span> <span class='ocrx_word' id='word_1_636' title='bbox 398 2927 548 2957; x_wconf 85' lang='lat' dir='ltr'>ordinarii</span> <span class='ocrx_word' id='word_1_637' title='bbox 563 2927 657 2967; x_wconf 88' lang='lat' dir='ltr'>juris,</span> <span class='ocrx_word' id='word_1_638' title='bbox 680 2937 770 2960; x_wconf 86' lang='lat' dir='ltr'>extra</span> <span class='ocrx_word' id='word_1_639' title='bbox 785 2930 930 2961; x_wconf 85' lang='lat' dir='ltr'>ordinem</span> <span class='ocrx_word' id='word_1_640' title='bbox 948 2929 1039 2961; x_wconf 89' lang='lat' dir='ltr'>indu·</span> 
     </span>
     <span class='ocr_line' id='line_1_90' title="bbox 165 2967 1039 3011; baseline -0.003 -7"><span class='ocrx_word' id='word_1_641' title='bbox 165 2972 395 3010; x_wconf 72' lang='lat' dir='ltr'>Cta‚movente</span> <span class='ocrx_word' id='word_1_642' title='bbox 411 2967 553 3009; x_wconf 77' lang='lat' dir='ltr'>singulari</span> <span class='ocrx_word' id='word_1_643' title='bbox 572 2969 703 3000; x_wconf 85' lang='lat' dir='ltr'>ratione.</span> <span class='ocrx_word' id='word_1_644' title='bbox 727 2969 885 3011; x_wconf 86' lang='lat' dir='ltr'>Licetque</span> <span class='ocrx_word' id='word_1_645' title='bbox 896 2971 924 3002; x_wconf 92' lang='lat' dir='ltr'>ei</span> <span class='ocrx_word' id='word_1_646' title='bbox 943 2970 1039 3002; x_wconf 87' lang='lat' dir='ltr'>adde-</span> 
     </span>
     <span class='ocr_line' id='line_1_91' title="bbox 163 3009 1038 3053; baseline -0.003 -8"><span class='ocrx_word' id='word_1_647' title='bbox 163 3024 198 3046; x_wconf 73' lang='grc' dir='ltr'>τε</span> <span class='ocrx_word' id='word_1_648' title='bbox 221 3011 451 3050; x_wconf 86' lang='lat' dir='ltr'>exceptionem</span> <span class='ocrx_word' id='word_1_649' title='bbox 472 3009 566 3041; x_wconf 85' lang='lat' dir='ltr'>etiam</span> <span class='ocrx_word' id='word_1_650' title='bbox 590 3009 718 3040; x_wconf 86' lang='lat' dir='ltr'>alteram</span> <span class='ocrx_word' id='word_1_651' title='bbox 732 3033 742 3048; x_wconf 92' lang='lat'>,</span> <span class='ocrx_word' id='word_1_652' title='bbox 764 3020 926 3053; x_wconf 83' lang='lat' dir='ltr'>receptam</span> <span class='ocrx_word' id='word_1_653' title='bbox 943 3011 1038 3044; x_wconf 88' lang='lat' dir='ltr'>bene-</span> 
     </span>
     <span class='ocr_line' id='line_1_92' title="bbox 163 3049 1039 3095; baseline -0.006 -7"><span class='ocrx_word' id='word_1_654' title='bbox 163 3055 306 3088; x_wconf 73' lang='lat' dir='ltr'>volentia</span> <span class='ocrx_word' id='word_1_655' title='bbox 324 3051 480 3092; x_wconf 89' lang='lat' dir='ltr'>Rescripti</span> <span class='ocrx_word' id='word_1_656' title='bbox 501 3049 577 3081; x_wconf 88' lang='lat' dir='ltr'>Divi</span> <span class='ocrx_word' id='word_1_657' title='bbox 598 3049 643 3080; x_wconf 87' lang='lat' dir='ltr'>Pii</span> <span class='ocrx_word' id='word_1_658' title='bbox 666 3050 685 3079; x_wconf 80' lang='lat' dir='ltr'>I.</span> <span class='ocrx_word' id='word_1_659' title='bbox 703 3060 754 3089; x_wconf 83' lang='lat'>52.</span> <span class='ocrx_word' id='word_1_660' title='bbox 774 3051 816 3083; x_wconf 91' lang='lat' dir='ltr'>D.</span> <span class='ocrx_word' id='word_1_661' title='bbox 834 3055 867 3084; x_wconf 78' lang='lat' dir='ltr'>de</span> <span class='ocrx_word' id='word_1_662' title='bbox 882 3055 1039 3095; x_wconf 82' lang='lat' dir='ltr'>adquiren-</span> 
     </span>
     <span class='ocr_line' id='line_1_93' title="bbox 165 3092 625 3129; baseline -0.017 0"><span class='ocrx_word' id='word_1_663' title='bbox 165 3100 204 3129; x_wconf 78' lang='lat' dir='ltr'>da</span> <span class='ocrx_word' id='word_1_664' title='bbox 222 3096 270 3127; x_wconf 86' lang='lat' dir='ltr'>vel</span> <span class='ocrx_word' id='word_1_665' title='bbox 287 3094 445 3126; x_wconf 77' lang='lat' dir='ltr'>omittenda</span> <span class='ocrx_word' id='word_1_666' title='bbox 461 3092 625 3123; x_wconf 79' lang='lat' dir='ltr'>hereditate.</span> 
     </span>
    </p>

    <p class='ocr_par' dir='ltr' id='par_1_15' title="bbox 165 3130 1040 3257">
     <span class='ocr_line' id='line_1_94' title="bbox 208 3130 1040 3176; baseline -0.001 -7"><span class='ocrx_word' id='word_1_667' title='bbox 208 3138 260 3169; x_wconf 87' lang='lat' dir='ltr'>Sic</span> <span class='ocrx_word' id='word_1_668' title='bbox 275 3137 322 3176; x_wconf 84' lang='lat' dir='ltr'>jus</span> <span class='ocrx_word' id='word_1_669' title='bbox 341 3134 402 3166; x_wconf 87' lang='lat' dir='ltr'>fuit</span> <span class='ocrx_word' id='word_1_670' title='bbox 420 3142 521 3175; x_wconf 88' lang='lat' dir='ltr'>usque</span> <span class='ocrx_word' id='word_1_671' title='bbox 537 3133 575 3164; x_wconf 90' lang='lat' dir='ltr'>ad</span> <span class='ocrx_word' id='word_1_672' title='bbox 594 3130 848 3164; x_wconf 88' lang='lat' dir='ltr'>Constantinum.</span> <span class='ocrx_word' id='word_1_673' title='bbox 882 3135 956 3166; x_wconf 90' lang='lat' dir='ltr'>inde</span> <span class='ocrx_word' id='word_1_674' title='bbox 974 3144 1040 3168; x_wconf 87' lang='lat' dir='ltr'>mu-</span> 
     </span>
     <span class='ocr_line' id='line_1_95' title="bbox 166 3174 1039 3213; baseline -0.007 0"><span class='ocrx_word' id='word_1_675' title='bbox 166 3187 266 3213; x_wconf 87' lang='lat' dir='ltr'>tatum</span> <span class='ocrx_word' id='word_1_676' title='bbox 284 3178 314 3208; x_wconf 90' lang='lat' dir='ltr'>in</span> <span class='ocrx_word' id='word_1_677' title='bbox 332 3177 424 3208; x_wconf 84' lang='lat' dir='ltr'>bonis</span> <span class='ocrx_word' id='word_1_678' title='bbox 446 3174 615 3207; x_wconf 86' lang='lat' dir='ltr'>maternis:</span> <span class='ocrx_word' id='word_1_679' title='bbox 638 3181 775 3211; x_wconf 88' lang='lat' dir='ltr'>quorum</span> <span class='ocrx_word' id='word_1_680' title='bbox 791 3174 969 3207; x_wconf 89' lang='lat' dir='ltr'>dominium</span> <span class='ocrx_word' id='word_1_681' title='bbox 987 3186 1039 3208; x_wconf 89' lang='lat' dir='ltr'>ve-</span> 
     </span>
     <span class='ocr_line' id='line_1_96' title="bbox 165 3214 1040 3257; baseline -0.005 -3"><span class='ocrx_word' id='word_1_682' title='bbox 165 3223 226 3254; x_wconf 85' lang='lat' dir='ltr'>tuit</span> <span class='ocrx_word' id='word_1_683' title='bbox 245 3216 472 3252; x_wconf 61' lang='lat' dir='ltr'>constantinus</span> <span class='ocrx_word' id='word_1_684' title='bbox 490 3217 642 3257; x_wconf 89' lang='lat' dir='ltr'>deinceps</span> <span class='ocrx_word' id='word_1_685' title='bbox 655 3214 777 3256; x_wconf 84' lang='lat' dir='ltr'>adquiri</span> <span class='ocrx_word' id='word_1_686' title='bbox 794 3214 886 3256; x_wconf 84' lang='lat' dir='ltr'>patri.</span> <span class='ocrx_word' id='word_1_687' title='bbox 918 3222 1040 3250; x_wconf 78' lang='lat' dir='ltr'>tautum</span> 
     </span>
    </p>
   </div>
   <div class='ocr_carea' id='block_1_13' title="bbox 1093 1598 2028 1677">
    <p class='ocr_par' dir='ltr' id='par_1_16' title="bbox 1093 1598 2028 1677">
     <span class='ocr_line' id='line_1_97' title="bbox 1095 1598 2025 1644; baseline 0 -11"><span class='ocrx_word' id='word_1_688' title='bbox 1095 1602 1200 1634; x_wconf 83' lang='lat' dir='ltr'>voluit</span> <span class='ocrx_word' id='word_1_689' title='bbox 1214 1611 1307 1641; x_wconf 81' lang='lat' dir='ltr'>eum,</span> <span class='ocrx_word' id='word_1_690' title='bbox 1329 1602 1481 1644; x_wconf 88' lang='lat' dir='ltr'>quamdiu</span> <span class='ocrx_word' id='word_1_691' title='bbox 1499 1601 1598 1641; x_wconf 71' lang='lat' dir='ltr'>vivit,</span> <span class='ocrx_word' id='word_1_692' title='bbox 1621 1601 1653 1634; x_wconf 89' lang='lat' dir='ltr'>in</span> <span class='ocrx_word' id='word_1_693' title='bbox 1670 1598 1719 1633; x_wconf 85' lang='lat' dir='ltr'>his</span> <span class='ocrx_word' id='word_1_694' title='bbox 1735 1600 1854 1634; x_wconf 83' lang='lat' dir='ltr'>habere</span> <span class='ocrx_word' id='word_1_695' title='bbox 1870 1598 1973 1633; x_wconf 82' lang='lat' dir='ltr'>usum·</span> <span class='ocrx_word' id='word_1_696' title='bbox 2022 1623 2025 1627; x_wconf 82' lang='lat'>-</span> 
     </span>
     <span class='ocr_line' id='line_1_98' title="bbox 1093 1643 2028 1677; baseline -0.003 -1"><span class='ocrx_word' id='word_1_697' title='bbox 1093 1643 1242 1676; x_wconf 72' lang='lat' dir='ltr'>fructum.</span> <span class='ocrx_word' id='word_1_698' title='bbox 1264 1651 1354 1676; x_wconf 84' lang='lat' dir='ltr'>extat</span> <span class='ocrx_word' id='word_1_699' title='bbox 1369 1654 1406 1676; x_wconf 86' lang='lat' dir='ltr'>ea</span> <span class='ocrx_word' id='word_1_700' title='bbox 1425 1643 1622 1677; x_wconf 85' lang='lat' dir='ltr'>Constitutio</span> <span class='ocrx_word' id='word_1_701' title='bbox 1637 1643 1657 1675; x_wconf 88' lang='lat' dir='ltr'>l.</span> <span class='ocrx_word' id='word_1_702' title='bbox 1673 1652 1698 1675; x_wconf 91' lang='lat'>1.</span> <span class='ocrx_word' id='word_1_703' title='bbox 1716 1643 1750 1674; x_wconf 91' lang='lat' dir='ltr'>C.</span> <span class='ocrx_word' id='word_1_704' title='bbox 1765 1644 1798 1674; x_wconf 83' lang='lat' dir='ltr'>de</span> <span class='ocrx_word' id='word_1_705' title='bbox 1814 1643 1893 1674; x_wconf 83' lang='lat' dir='ltr'>bonis</span> <span class='ocrx_word' id='word_1_706' title='bbox 1907 1651 1970 1674; x_wconf 69' lang='lat' dir='ltr'>ma·</span> <span class='ocrx_word' id='word_1_707' title='bbox 2024 1658 2028 1668; x_wconf 62' lang='grc' dir='ltr'><strong><em>ι</em></strong></span> 
     </span>
    </p>
   </div>
   <div class='ocr_carea' id='block_1_14' title="bbox 1081 1682 1983 3217">
    <p class='ocr_par' dir='ltr' id='par_1_17' title="bbox 1081 1682 1983 3217">
     <span class='ocr_line' id='line_1_99' title="bbox 1092 1682 1967 1726; baseline -0.001 -10"><span class='ocrx_word' id='word_1_708' title='bbox 1092 1687 1201 1725; x_wconf 81' lang='lat' dir='ltr'>ternis,</span> <span class='ocrx_word' id='word_1_709' title='bbox 1224 1686 1253 1718; x_wconf 86' lang='lat'>&amp;</span> <span class='ocrx_word' id='word_1_710' title='bbox 1269 1686 1397 1726; x_wconf 87' lang='lat' dir='ltr'>plenior</span> <span class='ocrx_word' id='word_1_711' title='bbox 1418 1686 1449 1717; x_wconf 94' lang='lat' dir='ltr'>in</span> <span class='ocrx_word' id='word_1_712' title='bbox 1466 1685 1485 1717; x_wconf 86' lang='lat' dir='ltr'>l.</span> <span class='ocrx_word' id='word_1_713' title='bbox 1508 1694 1533 1716; x_wconf 82' lang='lat'>1.</span> <span class='ocrx_word' id='word_1_714' title='bbox 1551 1685 1620 1716; x_wconf 84' lang='lat' dir='ltr'>Cod.</span> <span class='ocrx_word' id='word_1_715' title='bbox 1641 1684 1744 1716; x_wconf 86' lang='lat' dir='ltr'>Theod.</span> <span class='ocrx_word' id='word_1_716' title='bbox 1760 1685 1820 1715; x_wconf 85' lang='lat' dir='ltr'>eod.</span> <span class='ocrx_word' id='word_1_717' title='bbox 1835 1685 1882 1715; x_wconf 87' lang='lat' dir='ltr'>tit.</span> <span class='ocrx_word' id='word_1_718' title='bbox 1904 1682 1967 1715; x_wconf 88' lang='lat' dir='ltr'>Ini-</span> 
     </span>
     <span class='ocr_line' id='line_1_100' title="bbox 1094 1724 1971 1768; baseline -0.002 -10"><span class='ocrx_word' id='word_1_719' title='bbox 1094 1729 1173 1759; x_wconf 89' lang='lat' dir='ltr'>tium</span> <span class='ocrx_word' id='word_1_720' title='bbox 1193 1728 1258 1759; x_wconf 90' lang='lat' dir='ltr'>hoc</span> <span class='ocrx_word' id='word_1_721' title='bbox 1273 1726 1464 1760; x_wconf 72' lang='lat' dir='ltr'>ususfructus</span> <span class='ocrx_word' id='word_1_722' title='bbox 1480 1727 1552 1768; x_wconf 85' lang='lat' dir='ltr'>lege</span> <span class='ocrx_word' id='word_1_723' title='bbox 1567 1725 1740 1758; x_wconf 89' lang='lat' dir='ltr'>constituti.</span> <span class='ocrx_word' id='word_1_724' title='bbox 1765 1724 1889 1766; x_wconf 88' lang='lat' dir='ltr'>longius</span> <span class='ocrx_word' id='word_1_725' title='bbox 1905 1725 1971 1757; x_wconf 66' lang='lat' dir='ltr'>ivea</span> 
     </span>
     <span class='ocr_line' id='line_1_101' title="bbox 1093 1765 1983 1808; baseline -0.002 -8"><span class='ocrx_word' id='word_1_726' title='bbox 1093 1776 1166 1800; x_wconf 90' lang='lat' dir='ltr'>runt</span> <span class='ocrx_word' id='word_1_727' title='bbox 1193 1767 1388 1808; x_wconf 85' lang='lat' dir='ltr'>Gratianus,</span> <span class='ocrx_word' id='word_1_728' title='bbox 1412 1768 1655 1801; x_wconf 85' lang='lat' dir='ltr'>Valentinianus</span> <span class='ocrx_word' id='word_1_729' title='bbox 1680 1768 1710 1800; x_wconf 74' lang='grc' dir='ltr'>δι</span> <span class='ocrx_word' id='word_1_730' title='bbox 1729 1765 1933 1799; x_wconf 82' lang='lat' dir='ltr'>Theodosius</span> <span class='ocrx_word' id='word_1_731' title='bbox 1947 1765 1983 1806; x_wconf 55' lang='lat'>1„</span> 
     </span>
     <span class='ocr_line' id='line_1_102' title="bbox 1091 1807 1968 1851; baseline -0.001 -11"><span class='ocrx_word' id='word_1_732' title='bbox 1091 1814 1122 1841; x_wconf 87' lang='lat'>6.</span> <span class='ocrx_word' id='word_1_733' title='bbox 1139 1810 1207 1842; x_wconf 78' lang='lat' dir='ltr'>Cod.</span> <span class='ocrx_word' id='word_1_734' title='bbox 1229 1808 1333 1842; x_wconf 69' lang='lat' dir='ltr'>Thena.</span> <span class='ocrx_word' id='word_1_735' title='bbox 1349 1812 1408 1842; x_wconf 82' lang='lat' dir='ltr'>eod.</span> <span class='ocrx_word' id='word_1_736' title='bbox 1424 1812 1470 1842; x_wconf 80' lang='lat' dir='ltr'>tit.</span> <span class='ocrx_word' id='word_1_737' title='bbox 1491 1810 1579 1851; x_wconf 92' lang='lat' dir='ltr'>quod</span> <span class='ocrx_word' id='word_1_738' title='bbox 1596 1810 1681 1841; x_wconf 87' lang='lat' dir='ltr'>enim</span> <span class='ocrx_word' id='word_1_739' title='bbox 1700 1810 1731 1841; x_wconf 88' lang='lat' dir='ltr'>in</span> <span class='ocrx_word' id='word_1_740' title='bbox 1751 1809 1900 1841; x_wconf 86' lang='lat' dir='ltr'>maternis</span> <span class='ocrx_word' id='word_1_741' title='bbox 1910 1807 1968 1839; x_wconf 91' lang='lat' dir='ltr'>bo-</span> 
     </span>
     <span class='ocr_line' id='line_1_103' title="bbox 1092 1851 1973 1891; baseline -0.003 -8"><span class='ocrx_word' id='word_1_742' title='bbox 1092 1851 1141 1883; x_wconf 85' lang='lat' dir='ltr'>nis</span> <span class='ocrx_word' id='word_1_743' title='bbox 1158 1851 1366 1884; x_wconf 87' lang='lat' dir='ltr'>constituerat</span> <span class='ocrx_word' id='word_1_744' title='bbox 1385 1851 1629 1891; x_wconf 88' lang='lat' dir='ltr'>Constantinus,</span> <span class='ocrx_word' id='word_1_745' title='bbox 1646 1851 1692 1882; x_wconf 91' lang='lat' dir='ltr'>illi</span> <span class='ocrx_word' id='word_1_746' title='bbox 1711 1857 1875 1883; x_wconf 84' lang='lat' dir='ltr'>traxerunt</span> <span class='ocrx_word' id='word_1_747' title='bbox 1892 1858 1973 1890; x_wconf 82' lang='lat' dir='ltr'>quo·</span> 
     </span>
     <span class='ocr_line' id='line_1_104' title="bbox 1091 1891 1968 1934; baseline -0.002 -9"><span class='ocrx_word' id='word_1_748' title='bbox 1091 1902 1155 1933; x_wconf 88' lang='lat' dir='ltr'>que</span> <span class='ocrx_word' id='word_1_749' title='bbox 1172 1894 1211 1925; x_wconf 89' lang='lat' dir='ltr'>ad</span> <span class='ocrx_word' id='word_1_750' title='bbox 1222 1894 1309 1925; x_wconf 91' lang='lat' dir='ltr'>bona</span> <span class='ocrx_word' id='word_1_751' title='bbox 1325 1894 1457 1925; x_wconf 88' lang='lat' dir='ltr'>materni</span> <span class='ocrx_word' id='word_1_752' title='bbox 1476 1893 1611 1934; x_wconf 81' lang='lat' dir='ltr'>generis.</span> <span class='ocrx_word' id='word_1_753' title='bbox 1635 1893 1720 1925; x_wconf 89' lang='lat' dir='ltr'>idem</span> <span class='ocrx_word' id='word_1_754' title='bbox 1747 1901 1787 1924; x_wconf 91' lang='lat' dir='ltr'>ue</span> <span class='ocrx_word' id='word_1_755' title='bbox 1803 1891 1968 1924; x_wconf 76' lang='lat' dir='ltr'>firmarunt</span> 
     </span>
     <span class='ocr_line' id='line_1_105' title="bbox 1091 1932 1968 1975; baseline -0.001 -9"><span class='ocrx_word' id='word_1_756' title='bbox 1091 1935 1246 1967; x_wconf 83' lang='lat' dir='ltr'>Arcadius</span> <span class='ocrx_word' id='word_1_757' title='bbox 1272 1935 1301 1967; x_wconf 71' lang='grc' dir='ltr'>δε</span> <span class='ocrx_word' id='word_1_758' title='bbox 1329 1934 1494 1967; x_wconf 88' lang='lat' dir='ltr'>Honorius</span> <span class='ocrx_word' id='word_1_759' title='bbox 1520 1935 1541 1966; x_wconf 80' lang='lat' dir='ltr'>l.</span> <span class='ocrx_word' id='word_1_760' title='bbox 1566 1944 1594 1975; x_wconf 87' lang='lat'>7.</span> <span class='ocrx_word' id='word_1_761' title='bbox 1621 1934 1689 1967; x_wconf 87' lang='lat' dir='ltr'>Cod.</span> <span class='ocrx_word' id='word_1_762' title='bbox 1743 1934 1821 1965; x_wconf 84' lang='lat' dir='ltr'>heod.</span> <span class='ocrx_word' id='word_1_763' title='bbox 1843 1933 1901 1965; x_wconf 85' lang='lat' dir='ltr'>eod.</span> <span class='ocrx_word' id='word_1_764' title='bbox 1919 1932 1968 1965; x_wconf 81' lang='lat' dir='ltr'>tit.</span> 
     </span>
     <span class='ocr_line' id='line_1_106' title="bbox 1092 1973 1968 2017; baseline -0.003 -10"><span class='ocrx_word' id='word_1_765' title='bbox 1092 1985 1161 2017; x_wconf 88' lang='lat' dir='ltr'>quae</span> <span class='ocrx_word' id='word_1_766' title='bbox 1180 1977 1225 2008; x_wconf 85' lang='lat' dir='ltr'>est</span> <span class='ocrx_word' id='word_1_767' title='bbox 1241 1975 1341 2016; x_wconf 81' lang='lat' dir='ltr'>posita</span> <span class='ocrx_word' id='word_1_768' title='bbox 1357 1986 1373 2007; x_wconf 87' lang='lat' dir='ltr'>a</span> <span class='ocrx_word' id='word_1_769' title='bbox 1390 1976 1593 2008; x_wconf 87' lang='lat' dir='ltr'>Triboniano</span> <span class='ocrx_word' id='word_1_770' title='bbox 1607 1975 1626 2007; x_wconf 88' lang='lat' dir='ltr'>l.</span> <span class='ocrx_word' id='word_1_771' title='bbox 1639 1985 1666 2007; x_wconf 84' lang='lat'>2.</span> <span class='ocrx_word' id='word_1_772' title='bbox 1685 1975 1718 2007; x_wconf 92' lang='lat' dir='ltr'>C.</span> <span class='ocrx_word' id='word_1_773' title='bbox 1737 1976 1796 2006; x_wconf 84' lang='lat' dir='ltr'>eod.</span> <span class='ocrx_word' id='word_1_774' title='bbox 1811 1976 1855 2006; x_wconf 79' lang='lat' dir='ltr'>tit.</span> <span class='ocrx_word' id='word_1_775' title='bbox 1870 1973 1968 2013; x_wconf 80' lang='lat' dir='ltr'>Juss&#39;e-</span> 
     </span>
     <span class='ocr_line' id='line_1_107' title="bbox 1091 2014 1966 2058; baseline -0.003 -9"><span class='ocrx_word' id='word_1_776' title='bbox 1091 2026 1165 2049; x_wconf 89' lang='lat' dir='ltr'>runt</span> <span class='ocrx_word' id='word_1_777' title='bbox 1189 2018 1299 2058; x_wconf 87' lang='lat' dir='ltr'>postea</span> <span class='ocrx_word' id='word_1_778' title='bbox 1323 2016 1527 2049; x_wconf 82' lang='lat' dir='ltr'>Theodosius</span> <span class='ocrx_word' id='word_1_779' title='bbox 1542 2017 1572 2048; x_wconf 71' lang='grc' dir='ltr'>ἀ</span> <span class='ocrx_word' id='word_1_780' title='bbox 1592 2016 1831 2048; x_wconf 84' lang='lat' dir='ltr'>Valentinianus</span> <span class='ocrx_word' id='word_1_781' title='bbox 1846 2015 1865 2046; x_wconf 89' lang='lat' dir='ltr'>l.</span> <span class='ocrx_word' id='word_1_782' title='bbox 1885 2024 1911 2046; x_wconf 85' lang='lat'>1.</span> <span class='ocrx_word' id='word_1_783' title='bbox 1930 2014 1966 2046; x_wconf 90' lang='lat' dir='ltr'>C.</span> 
     </span>
     <span class='ocr_line' id='line_1_108' title="bbox 1089 2057 1964 2100; baseline -0.003 -11"><span class='ocrx_word' id='word_1_784' title='bbox 1089 2059 1123 2089; x_wconf 85' lang='lat' dir='ltr'>de</span> <span class='ocrx_word' id='word_1_785' title='bbox 1137 2060 1215 2089; x_wconf 82' lang='lat' dir='ltr'>bonis</span> <span class='ocrx_word' id='word_1_786' title='bbox 1231 2069 1292 2100; x_wconf 84' lang='lat' dir='ltr'>quae</span> <span class='ocrx_word' id='word_1_787' title='bbox 1308 2059 1419 2097; x_wconf 72' lang='lat' dir='ltr'>liberis,</span> <span class='ocrx_word' id='word_1_788' title='bbox 1432 2058 1529 2090; x_wconf 81' lang='lat' dir='ltr'>simile</span> <span class='ocrx_word' id='word_1_789' title='bbox 1543 2059 1590 2099; x_wconf 86' lang='lat' dir='ltr'>jus</span> <span class='ocrx_word' id='word_1_790' title='bbox 1607 2057 1668 2089; x_wconf 81' lang='lat' dir='ltr'>ess&#39;e</span> <span class='ocrx_word' id='word_1_791' title='bbox 1679 2059 1710 2089; x_wconf 93' lang='lat' dir='ltr'>in</span> <span class='ocrx_word' id='word_1_792' title='bbox 1730 2058 1777 2089; x_wconf 89' lang='lat' dir='ltr'>his</span> <span class='ocrx_word' id='word_1_793' title='bbox 1794 2066 1863 2097; x_wconf 86' lang='lat' dir='ltr'>quae</span> <span class='ocrx_word' id='word_1_794' title='bbox 1882 2065 1964 2087; x_wconf 84' lang='lat' dir='ltr'>uxot</span> 
     </span>
     <span class='ocr_line' id='line_1_109' title="bbox 1089 2099 1964 2140; baseline -0.005 -9"><span class='ocrx_word' id='word_1_795' title='bbox 1089 2100 1204 2131; x_wconf 85' lang='lat' dir='ltr'>marito</span> <span class='ocrx_word' id='word_1_796' title='bbox 1220 2110 1285 2131; x_wconf 90' lang='lat' dir='ltr'>non</span> <span class='ocrx_word' id='word_1_797' title='bbox 1298 2102 1520 2140; x_wconf 80' lang='lat' dir='ltr'>emancipato,</span> <span class='ocrx_word' id='word_1_798' title='bbox 1536 2099 1586 2130; x_wconf 88' lang='lat' dir='ltr'>vel</span> <span class='ocrx_word' id='word_1_799' title='bbox 1603 2099 1731 2131; x_wconf 88' lang='lat' dir='ltr'>maritus</span> <span class='ocrx_word' id='word_1_800' title='bbox 1748 2099 1840 2129; x_wconf 84' lang='lat' dir='ltr'>uxori</span> <span class='ocrx_word' id='word_1_801' title='bbox 1855 2099 1887 2129; x_wconf 90' lang='lat' dir='ltr'>in</span> <span class='ocrx_word' id='word_1_802' title='bbox 1905 2106 1964 2137; x_wconf 86' lang='lat' dir='ltr'>po-</span> 
     </span>
     <span class='ocr_line' id='line_1_110' title="bbox 1089 2139 1966 2181; baseline -0.001 -9"><span class='ocrx_word' id='word_1_803' title='bbox 1089 2140 1201 2173; x_wconf 87' lang='lat' dir='ltr'>testate</span> <span class='ocrx_word' id='word_1_804' title='bbox 1218 2140 1324 2181; x_wconf 81' lang='lat' dir='ltr'>pofitae</span> <span class='ocrx_word' id='word_1_805' title='bbox 1335 2150 1560 2181; x_wconf 88' lang='lat' dir='ltr'>,quocumque</span> <span class='ocrx_word' id='word_1_806' title='bbox 1575 2140 1670 2171; x_wconf 86' lang='lat' dir='ltr'>titulo</span> <span class='ocrx_word' id='word_1_807' title='bbox 1688 2139 1817 2180; x_wconf 74' lang='lat' dir='ltr'>veljure</span> <span class='ocrx_word' id='word_1_808' title='bbox 1833 2147 1966 2171; x_wconf 89' lang='lat' dir='ltr'>conces·</span> 
     </span>
     <span class='ocr_line' id='line_1_111' title="bbox 1088 2180 1965 2222; baseline -0.001 -8"><span class='ocrx_word' id='word_1_809' title='bbox 1088 2181 1179 2220; x_wconf 88' lang='lat' dir='ltr'>serit,</span> <span class='ocrx_word' id='word_1_810' title='bbox 1194 2181 1258 2214; x_wconf 84' lang='lat' dir='ltr'>sive</span> <span class='ocrx_word' id='word_1_811' title='bbox 1276 2182 1488 2214; x_wconf 83' lang='lat' dir='ltr'>transmiserit.</span> <span class='ocrx_word' id='word_1_812' title='bbox 1511 2181 1700 2222; x_wconf 77' lang='lat' dir='ltr'>justinianus</span> <span class='ocrx_word' id='word_1_813' title='bbox 1715 2180 1734 2211; x_wconf 90' lang='lat' dir='ltr'>l.</span> <span class='ocrx_word' id='word_1_814' title='bbox 1744 2184 1775 2212; x_wconf 89' lang='lat'>6.</span> <span class='ocrx_word' id='word_1_815' title='bbox 1793 2180 1827 2212; x_wconf 88' lang='lat' dir='ltr'>C.</span> <span class='ocrx_word' id='word_1_816' title='bbox 1844 2181 1965 2213; x_wconf 80' lang='lat' dir='ltr'>eod.tz·t.</span> 
     </span>
     <span class='ocr_line' id='line_1_112' title="bbox 1087 2220 1964 2265; baseline -0.003 -10"><span class='ocrx_word' id='word_1_817' title='bbox 1087 2233 1127 2255; x_wconf 90' lang='lat' dir='ltr'>ne</span> <span class='ocrx_word' id='word_1_818' title='bbox 1150 2224 1215 2255; x_wconf 84' lang='lat' dir='ltr'>hoc</span> <span class='ocrx_word' id='word_1_819' title='bbox 1230 2225 1358 2265; x_wconf 89' lang='lat' dir='ltr'>quidem</span> <span class='ocrx_word' id='word_1_820' title='bbox 1377 2223 1462 2255; x_wconf 89' lang='lat' dir='ltr'>stetit</span> <span class='ocrx_word' id='word_1_821' title='bbox 1478 2222 1553 2255; x_wconf 88' lang='lat' dir='ltr'>fine.</span> <span class='ocrx_word' id='word_1_822' title='bbox 1578 2232 1650 2254; x_wconf 84' lang='lat' dir='ltr'>narn</span> <span class='ocrx_word' id='word_1_823' title='bbox 1666 2222 1687 2254; x_wconf 87' lang='lat' dir='ltr'><strong>fi</strong></span> <span class='ocrx_word' id='word_1_824' title='bbox 1702 2223 1772 2263; x_wconf 91' lang='lat' dir='ltr'>quis</span> <span class='ocrx_word' id='word_1_825' title='bbox 1788 2220 1964 2253; x_wconf 88' lang='lat' dir='ltr'>filiusfami-</span> 
     </span>
     <span class='ocr_line' id='line_1_113' title="bbox 1087 2261 1961 2305; baseline -0.001 -9"><span class='ocrx_word' id='word_1_826' title='bbox 1087 2266 1141 2297; x_wconf 85' lang='lat' dir='ltr'>lias</span> <span class='ocrx_word' id='word_1_827' title='bbox 1158 2274 1224 2296; x_wconf 91' lang='lat' dir='ltr'>non</span> <span class='ocrx_word' id='word_1_828' title='bbox 1241 2275 1281 2297; x_wconf 90' lang='lat' dir='ltr'>ex</span> <span class='ocrx_word' id='word_1_829' title='bbox 1299 2264 1464 2296; x_wconf 81' lang='lat' dir='ltr'>substantia</span> <span class='ocrx_word' id='word_1_830' title='bbox 1482 2265 1547 2305; x_wconf 83' lang='lat' dir='ltr'>eJ&#39;us</span> <span class='ocrx_word' id='word_1_831' title='bbox 1563 2265 1658 2305; x_wconf 83' lang='lat' dir='ltr'>&#39;cujus</span> <span class='ocrx_word' id='word_1_832' title='bbox 1674 2264 1706 2295; x_wconf 93' lang='lat' dir='ltr'>in</span> <span class='ocrx_word' id='word_1_833' title='bbox 1729 2262 1888 2304; x_wconf 90' lang='lat' dir='ltr'>potestate</span> <span class='ocrx_word' id='word_1_834' title='bbox 1907 2261 1961 2301; x_wconf 86' lang='lat' dir='ltr'>fit,</span> 
     </span>
     <span class='ocr_line' id='line_1_114' title="bbox 1087 2305 1962 2348; baseline -0.003 -10"><span class='ocrx_word' id='word_1_835' title='bbox 1087 2305 1138 2338; x_wconf 88' lang='lat' dir='ltr'>sed</span> <span class='ocrx_word' id='word_1_836' title='bbox 1150 2306 1189 2337; x_wconf 89' lang='lat' dir='ltr'>ab</span> <span class='ocrx_word' id='word_1_837' title='bbox 1200 2307 1266 2338; x_wconf 86' lang='lat' dir='ltr'>aliis</span> <span class='ocrx_word' id='word_1_838' title='bbox 1280 2306 1333 2339; x_wconf 84' lang='lat' dir='ltr'>fibi</span> <span class='ocrx_word' id='word_1_839' title='bbox 1345 2307 1448 2348; x_wconf 89' lang='lat' dir='ltr'>aliqua</span> <span class='ocrx_word' id='word_1_840' title='bbox 1458 2305 1637 2346; x_wconf 81' lang='lat' dir='ltr'>adquisierit</span> <span class='ocrx_word' id='word_1_841' title='bbox 1653 2305 1910 2346; x_wconf 86' lang='lat' dir='ltr'>quibuscumque</span> <span class='ocrx_word' id='word_1_842' title='bbox 1922 2313 1962 2336; x_wconf 84' lang='lat' dir='ltr'>ex</span> 
     </span>
     <span class='ocr_line' id='line_1_115' title="bbox 1086 2345 1960 2387; baseline -0.005 -7"><span class='ocrx_word' id='word_1_843' title='bbox 1086 2348 1203 2387; x_wconf 84' lang='lat' dir='ltr'>causis,</span> <span class='ocrx_word' id='word_1_844' title='bbox 1221 2349 1272 2379; x_wconf 90' lang='lat' dir='ltr'>vel</span> <span class='ocrx_word' id='word_1_845' title='bbox 1290 2358 1330 2380; x_wconf 90' lang='lat' dir='ltr'>ex</span> <span class='ocrx_word' id='word_1_846' title='bbox 1347 2348 1534 2380; x_wconf 88' lang='lat' dir='ltr'>liberalitate</span> <span class='ocrx_word' id='word_1_847' title='bbox 1552 2346 1709 2385; x_wconf 79' lang='lat' dir='ltr'>fortunae,</span> <span class='ocrx_word' id='word_1_848' title='bbox 1733 2346 1785 2378; x_wconf 91' lang='lat' dir='ltr'>vel</span> <span class='ocrx_word' id='word_1_849' title='bbox 1801 2345 1960 2377; x_wconf 76' lang='lat' dir='ltr'>laboribus</span> 
     </span>
     <span class='ocr_line' id='line_1_116' title="bbox 1085 2387 1962 2430; baseline -0.002 -10"><span class='ocrx_word' id='word_1_850' title='bbox 1085 2388 1168 2429; x_wconf 89' lang='lat' dir='ltr'>suis;</span> <span class='ocrx_word' id='word_1_851' title='bbox 1190 2399 1227 2420; x_wconf 90' lang='lat' dir='ltr'>ea</span> <span class='ocrx_word' id='word_1_852' title='bbox 1244 2390 1324 2430; x_wconf 87' lang='lat' dir='ltr'>patri</span> <span class='ocrx_word' id='word_1_853' title='bbox 1342 2399 1406 2421; x_wconf 88' lang='lat' dir='ltr'>non</span> <span class='ocrx_word' id='word_1_854' title='bbox 1427 2390 1456 2421; x_wconf 92' lang='lat' dir='ltr'>in</span> <span class='ocrx_word' id='word_1_855' title='bbox 1476 2389 1627 2430; x_wconf 86' lang='lat' dir='ltr'>plenum,</span> <span class='ocrx_word' id='word_1_856' title='bbox 1650 2388 1728 2420; x_wconf 80' lang='lat' dir='ltr'>sicut</span> <span class='ocrx_word' id='word_1_857' title='bbox 1744 2395 1817 2419; x_wconf 90' lang='lat' dir='ltr'>ante</span> <span class='ocrx_word' id='word_1_858' title='bbox 1837 2387 1962 2419; x_wconf 83' lang='lat' dir='ltr'>obtine·</span> 
     </span>
     <span class='ocr_line' id='line_1_117' title="bbox 1085 2429 1960 2472; baseline -0.005 -9"><span class='ocrx_word' id='word_1_859' title='bbox 1085 2431 1158 2470; x_wconf 88' lang='lat' dir='ltr'>bat,</span> <span class='ocrx_word' id='word_1_860' title='bbox 1183 2429 1236 2462; x_wconf 85' lang='lat' dir='ltr'>sed</span> <span class='ocrx_word' id='word_1_861' title='bbox 1259 2440 1360 2472; x_wconf 85' lang='lat' dir='ltr'>usque</span> <span class='ocrx_word' id='word_1_862' title='bbox 1374 2432 1412 2462; x_wconf 90' lang='lat' dir='ltr'>ad</span> <span class='ocrx_word' id='word_1_863' title='bbox 1433 2429 1661 2462; x_wconf 65' lang='lat' dir='ltr'>usumfructum</span> <span class='ocrx_word' id='word_1_864' title='bbox 1678 2429 1779 2461; x_wconf 87' lang='lat' dir='ltr'>solum</span> <span class='ocrx_word' id='word_1_865' title='bbox 1798 2429 1960 2469; x_wconf 86' lang='lat' dir='ltr'>adquirat;</span> 
     </span>
     <span class='ocr_line' id='line_1_118' title="bbox 1086 2469 1959 2513; baseline -0.005 -9"><span class='ocrx_word' id='word_1_866' title='bbox 1086 2472 1117 2504; x_wconf 72' lang='grc' dir='ltr'>δε</span> <span class='ocrx_word' id='word_1_867' title='bbox 1136 2481 1247 2504; x_wconf 85' lang='lat' dir='ltr'>eorum</span> <span class='ocrx_word' id='word_1_868' title='bbox 1263 2471 1455 2504; x_wconf 66' lang='lat' dir='ltr'>ususfructus</span> <span class='ocrx_word' id='word_1_869' title='bbox 1480 2472 1610 2513; x_wconf 87' lang='lat' dir='ltr'>quidem</span> <span class='ocrx_word' id='word_1_870' title='bbox 1634 2472 1718 2512; x_wconf 87' lang='lat' dir='ltr'>apud</span> <span class='ocrx_word' id='word_1_871' title='bbox 1735 2478 1856 2512; x_wconf 87' lang='lat' dir='ltr'>patrem</span> <span class='ocrx_word' id='word_1_872' title='bbox 1874 2469 1959 2509; x_wconf 74' lang='lat' dir='ltr'>cujus</span> 
     </span>
     <span class='ocr_line' id='line_1_119' title="bbox 1084 2510 1962 2555; baseline -0.005 -9"><span class='ocrx_word' id='word_1_873' title='bbox 1084 2514 1118 2546; x_wconf 89' lang='lat' dir='ltr'>in</span> <span class='ocrx_word' id='word_1_874' title='bbox 1142 2512 1234 2545; x_wconf 89' lang='lat' dir='ltr'>sacris</span> <span class='ocrx_word' id='word_1_875' title='bbox 1255 2513 1308 2553; x_wconf 81' lang='lat' dir='ltr'>fit,</span> <span class='ocrx_word' id='word_1_876' title='bbox 1334 2521 1537 2555; x_wconf 77' lang='lat' dir='ltr'>permaneat,</span> <span class='ocrx_word' id='word_1_877' title='bbox 1560 2514 1738 2545; x_wconf 88' lang='lat' dir='ltr'>dominium</span> <span class='ocrx_word' id='word_1_878' title='bbox 1759 2519 1863 2544; x_wconf 89' lang='lat' dir='ltr'>autem</span> <span class='ocrx_word' id='word_1_879' title='bbox 1884 2510 1962 2542; x_wconf 84' lang='lat' dir='ltr'>filio·</span> 
     </span>
     <span class='ocr_line' id='line_1_120' title="bbox 1085 2554 1965 2595; baseline -0.003 -9"><span class='ocrx_word' id='word_1_880' title='bbox 1085 2554 1220 2587; x_wconf 86' lang='lat' dir='ltr'>familias</span> <span class='ocrx_word' id='word_1_881' title='bbox 1239 2555 1409 2595; x_wconf 73' lang='lat' dir='ltr'>inhaereat„</span> <span class='ocrx_word' id='word_1_882' title='bbox 1431 2556 1470 2586; x_wconf 90' lang='lat' dir='ltr'>ad</span> <span class='ocrx_word' id='word_1_883' title='bbox 1488 2555 1670 2595; x_wconf 84' lang='lat' dir='ltr'>exemplum</span> <span class='ocrx_word' id='word_1_884' title='bbox 1687 2563 1791 2586; x_wconf 91' lang='lat' dir='ltr'>rerum</span> <span class='ocrx_word' id='word_1_885' title='bbox 1806 2560 1965 2585; x_wconf 64' lang='lat' dir='ltr'>materna-&gt;</span> 
     </span>
     <span class='ocr_line' id='line_1_121' title="bbox 1085 2595 1960 2637; baseline -0.003 -9"><span class='ocrx_word' id='word_1_886' title='bbox 1085 2603 1174 2635; x_wconf 87' lang='lat' dir='ltr'>rum,</span> <span class='ocrx_word' id='word_1_887' title='bbox 1199 2597 1227 2628; x_wconf 70' lang='grc' dir='ltr'><strong>ἃ</strong></span> <span class='ocrx_word' id='word_1_888' title='bbox 1249 2606 1290 2628; x_wconf 85' lang='lat' dir='ltr'>ex</span> <span class='ocrx_word' id='word_1_889' title='bbox 1314 2596 1506 2637; x_wconf 83' lang='lat' dir='ltr'>nuptialibus</span> <span class='ocrx_word' id='word_1_890' title='bbox 1530 2595 1627 2628; x_wconf 79' lang='lat' dir='ltr'>causis</span> <span class='ocrx_word' id='word_1_891' title='bbox 1643 2595 1884 2635; x_wconf 84' lang='lat' dir='ltr'>adquifitarum:</span> <span class='ocrx_word' id='word_1_892' title='bbox 1908 2602 1960 2625; x_wconf 87' lang='lat' dir='ltr'>ex-</span> 
     </span>
     <span class='ocr_line' id='line_1_122' title="bbox 1083 2635 1957 2678; baseline -0.005 -9"><span class='ocrx_word' id='word_1_893' title='bbox 1083 2639 1189 2678; x_wconf 90' lang='lat' dir='ltr'>ceptis</span> <span class='ocrx_word' id='word_1_894' title='bbox 1206 2638 1339 2678; x_wconf 86' lang='lat' dir='ltr'>peculiis</span> <span class='ocrx_word' id='word_1_895' title='bbox 1356 2637 1560 2670; x_wconf 83' lang='lat' dir='ltr'>castrensibus</span> <span class='ocrx_word' id='word_1_896' title='bbox 1584 2638 1614 2669; x_wconf 68' lang='grc' dir='ltr'>ὅ(</span> <span class='ocrx_word' id='word_1_897' title='bbox 1631 2637 1714 2678; x_wconf 84' lang='lat' dir='ltr'>quasi</span> <span class='ocrx_word' id='word_1_898' title='bbox 1737 2635 1957 2668; x_wconf 83' lang='lat' dir='ltr'>castrensibus:</span> 
     </span>
     <span class='ocr_line' id='line_1_123' title="bbox 1084 2678 1963 2720; baseline -0.003 -10"><span class='ocrx_word' id='word_1_899' title='bbox 1084 2686 1221 2720; x_wconf 88' lang='lat' dir='ltr'>quorum</span> <span class='ocrx_word' id='word_1_900' title='bbox 1240 2688 1300 2711; x_wconf 87' lang='lat' dir='ltr'>nec</span> <span class='ocrx_word' id='word_1_901' title='bbox 1317 2678 1543 2711; x_wconf 72' lang='lat' dir='ltr'>usumfructum</span> <span class='ocrx_word' id='word_1_902' title='bbox 1563 2679 1679 2711; x_wconf 86' lang='lat' dir='ltr'>habere</span> <span class='ocrx_word' id='word_1_903' title='bbox 1720 2687 1820 2710; x_wconf 86' lang='lat' dir='ltr'>atrem</span> <span class='ocrx_word' id='word_1_904' title='bbox 1837 2678 1963 2718; x_wconf 74' lang='lat' dir='ltr'>priores</span> 
     </span>
     <span class='ocr_line' id='line_1_124' title="bbox 1084 2688 1958 2761; baseline -0.003 -10"><span class='ocrx_word' id='word_1_905' title='bbox 1084 2721 1170 2761; x_wconf 88' lang='lat' dir='ltr'>leges</span> <span class='ocrx_word' id='word_1_906' title='bbox 1186 2719 1381 2752; x_wconf 87' lang='lat' dir='ltr'>concessere.</span> <span class='ocrx_word' id='word_1_907' title='bbox 1405 2729 1557 2753; x_wconf 83' lang='lat' dir='ltr'>caeterum</span> <span class='ocrx_word' id='word_1_908' title='bbox 1572 2721 1674 2752; x_wconf 89' lang='lat' dir='ltr'>voluit</span> <span class='ocrx_word' id='word_1_909' title='bbox 1691 2688 1877 2760; x_wconf 66' lang='lat' dir='ltr'>qustinianus</span> <span class='ocrx_word' id='word_1_910' title='bbox 1893 2719 1919 2749; x_wconf 83' lang='lat' dir='ltr'>d.</span> <span class='ocrx_word' id='word_1_911' title='bbox 1937 2717 1958 2748; x_wconf 82' lang='lat' dir='ltr'>l.</span> 
     </span>
     <span class='ocr_line' id='line_1_125' title="bbox 1082 2759 1957 2805; baseline -0.005 -12"><span class='ocrx_word' id='word_1_912' title='bbox 1082 2766 1113 2793; x_wconf 86' lang='lat'>6.</span> <span class='ocrx_word' id='word_1_913' title='bbox 1131 2761 1160 2802; x_wconf 85' lang='lat'>§.</span> <span class='ocrx_word' id='word_1_914' title='bbox 1181 2771 1208 2793; x_wconf 88' lang='lat'>2.</span> <span class='ocrx_word' id='word_1_915' title='bbox 1227 2761 1264 2796; x_wconf 75' lang='lat'>&amp;²</span> <span class='ocrx_word' id='word_1_916' title='bbox 1278 2762 1297 2792; x_wconf 86' lang='lat' dir='ltr'>l.</span> <span class='ocrx_word' id='word_1_917' title='bbox 1315 2761 1368 2793; x_wconf 85' lang='lat' dir='ltr'>ult.</span> <span class='ocrx_word' id='word_1_918' title='bbox 1387 2761 1416 2804; x_wconf 87' lang='lat'>§.</span> <span class='ocrx_word' id='word_1_919' title='bbox 1433 2772 1462 2802; x_wconf 87' lang='lat'>4.</span> <span class='ocrx_word' id='word_1_920' title='bbox 1480 2762 1513 2794; x_wconf 91' lang='lat' dir='ltr'>C.</span> <span class='ocrx_word' id='word_1_921' title='bbox 1529 2763 1588 2793; x_wconf 86' lang='lat' dir='ltr'>eod.</span> <span class='ocrx_word' id='word_1_922' title='bbox 1605 2763 1650 2793; x_wconf 83' lang='lat' dir='ltr'>tit.</span> <span class='ocrx_word' id='word_1_923' title='bbox 1666 2771 1699 2793; x_wconf 90' lang='lat' dir='ltr'>ut</span> <span class='ocrx_word' id='word_1_924' title='bbox 1715 2769 1825 2803; x_wconf 70' lang='lat' dir='ltr'>pater,</span> <span class='ocrx_word' id='word_1_925' title='bbox 1840 2759 1957 2805; x_wconf 84' lang='lat' dir='ltr'>habens</span> 
     </span>
     <span class='ocr_line' id='line_1_126' title="bbox 1083 2800 1957 2840; baseline -0.003 -6"><span class='ocrx_word' id='word_1_926' title='bbox 1083 2802 1312 2835; x_wconf 70' lang='lat' dir='ltr'>usumfrustum</span> <span class='ocrx_word' id='word_1_927' title='bbox 1327 2803 1577 2835; x_wconf 88' lang='lat' dir='ltr'>adventitiorum</span> <span class='ocrx_word' id='word_1_928' title='bbox 1592 2803 1754 2835; x_wconf 91' lang='lat' dir='ltr'>bonorum</span> <span class='ocrx_word' id='word_1_929' title='bbox 1774 2802 1849 2840; x_wconf 84' lang='lat' dir='ltr'>filii,</span> <span class='ocrx_word' id='word_1_930' title='bbox 1871 2800 1907 2832; x_wconf 86' lang='lat' dir='ltr'>fit</span> <span class='ocrx_word' id='word_1_931' title='bbox 1923 2800 1957 2831; x_wconf 82' lang='lat' dir='ltr'>lr-</span> 
     </span>
     <span class='ocr_line' id='line_1_127' title="bbox 1083 2844 1956 2884; baseline -0.007 -7"><span class='ocrx_word' id='word_1_932' title='bbox 1083 2845 1141 2877; x_wconf 91' lang='lat' dir='ltr'>ber</span> <span class='ocrx_word' id='word_1_933' title='bbox 1155 2853 1172 2875; x_wconf 93' lang='lat' dir='ltr'>a</span> <span class='ocrx_word' id='word_1_934' title='bbox 1190 2844 1390 2884; x_wconf 76' lang='lat' dir='ltr'>praestatione</span> <span class='ocrx_word' id='word_1_935' title='bbox 1406 2845 1566 2877; x_wconf 85' lang='lat' dir='ltr'>cautionis</span> <span class='ocrx_word' id='word_1_936' title='bbox 1583 2844 1762 2877; x_wconf 70' lang='lat' dir='ltr'>fruCtuariae</span> <span class='ocrx_word' id='word_1_937' title='bbox 1781 2846 1922 2881; x_wconf 85' lang='lat' dir='ltr'>itemque</span> <span class='ocrx_word' id='word_1_938' title='bbox 1938 2849 1956 2871; x_wconf 83' lang='lat' dir='ltr'>a</span> 
     </span>
     <span class='ocr_line' id='line_1_128' title="bbox 1082 2881 1961 2927; baseline -0.007 -9"><span class='ocrx_word' id='word_1_939' title='bbox 1082 2885 1267 2918; x_wconf 75' lang='lat' dir='ltr'>necestitate</span> <span class='ocrx_word' id='word_1_940' title='bbox 1285 2886 1515 2918; x_wconf 85' lang='lat' dir='ltr'>reddendarum</span> <span class='ocrx_word' id='word_1_941' title='bbox 1532 2887 1690 2918; x_wconf 88' lang='lat' dir='ltr'>rationum</span> <span class='ocrx_word' id='word_1_942' title='bbox 1701 2910 1710 2925; x_wconf 94' lang='lat'>‚</span> <span class='ocrx_word' id='word_1_943' title='bbox 1733 2884 1824 2917; x_wconf 88' lang='lat' dir='ltr'>finito</span> <span class='ocrx_word' id='word_1_944' title='bbox 1840 2881 1961 2927; x_wconf 61' lang='lat' dir='ltr'>usufru-</span> 
     </span>
     <span class='ocr_line' id='line_1_129' title="bbox 1082 2925 1957 2968; baseline -0.008 -9"><span class='ocrx_word' id='word_1_945' title='bbox 1082 2927 1160 2965; x_wconf 67' lang='grc' dir='ltr'>ἕως</span> <span class='ocrx_word' id='word_1_946' title='bbox 1194 2927 1374 2968; x_wconf 87' lang='lat' dir='ltr'>habeatque</span> <span class='ocrx_word' id='word_1_947' title='bbox 1399 2928 1527 2960; x_wconf 87' lang='lat' dir='ltr'>interim</span> <span class='ocrx_word' id='word_1_948' title='bbox 1552 2929 1685 2960; x_wconf 83' lang='lat' dir='ltr'>liberam</span> <span class='ocrx_word' id='word_1_949' title='bbox 1709 2925 1884 2958; x_wconf 64' lang='lat' dir='ltr'>fructuariae</span> <span class='ocrx_word' id='word_1_950' title='bbox 1910 2930 1957 2953; x_wconf 80' lang='lat' dir='ltr'>ret</span> 
     </span>
     <span class='ocr_line' id='line_1_130' title="bbox 1083 2962 1956 3010; baseline -0.006 -10"><span class='ocrx_word' id='word_1_951' title='bbox 1083 2967 1406 3008; x_wconf 87' lang='lat' dir='ltr'>administrationem,</span> <span class='ocrx_word' id='word_1_952' title='bbox 1423 2978 1484 3001; x_wconf 91' lang='lat' dir='ltr'>una</span> <span class='ocrx_word' id='word_1_953' title='bbox 1501 2971 1629 3010; x_wconf 85' lang='lat' dir='ltr'>dempta</span> <span class='ocrx_word' id='word_1_954' title='bbox 1645 2962 1956 3010; x_wconf 48' lang='lat' dir='ltr'>alienationeqquod</span> 
     </span>
     <span class='ocr_line' id='line_1_131' title="bbox 1081 3003 1954 3050; baseline -0.01 -8"><span class='ocrx_word' id='word_1_955' title='bbox 1081 3010 1114 3042; x_wconf 85' lang='lat' dir='ltr'>in</span> <span class='ocrx_word' id='word_1_956' title='bbox 1139 3010 1207 3041; x_wconf 84' lang='lat' dir='ltr'>aliis</span> <span class='ocrx_word' id='word_1_957' title='bbox 1235 3009 1415 3042; x_wconf 69' lang='lat' dir='ltr'>frustuariis</span> <span class='ocrx_word' id='word_1_958' title='bbox 1435 3021 1502 3043; x_wconf 86' lang='lat' dir='ltr'>non</span> <span class='ocrx_word' id='word_1_959' title='bbox 1528 3012 1571 3043; x_wconf 87' lang='lat' dir='ltr'>ita</span> <span class='ocrx_word' id='word_1_960' title='bbox 1595 3011 1676 3049; x_wconf 76' lang='lat' dir='ltr'>esse,</span> <span class='ocrx_word' id='word_1_961' title='bbox 1697 3010 1727 3041; x_wconf 86' lang='lat' dir='ltr'>in</span> <span class='ocrx_word' id='word_1_962' title='bbox 1746 3008 1817 3039; x_wconf 73' lang='lat' dir='ltr'>loco</span> <span class='ocrx_word' id='word_1_963' title='bbox 1833 3003 1954 3050; x_wconf 63' lang='lat' dir='ltr'>didlmm</span> 
     </span>
     <span class='ocr_line' id='line_1_132' title="bbox 1083 3043 1953 3092; baseline -0.008 -10"><span class='ocrx_word' id='word_1_964' title='bbox 1083 3051 1138 3082; x_wconf 91' lang='lat' dir='ltr'>est.</span> <span class='ocrx_word' id='word_1_965' title='bbox 1162 3051 1241 3084; x_wconf 81' lang='lat' dir='ltr'>[llud</span> <span class='ocrx_word' id='word_1_966' title='bbox 1259 3061 1391 3092; x_wconf 87' lang='lat' dir='ltr'>quoque</span> <span class='ocrx_word' id='word_1_967' title='bbox 1406 3054 1537 3084; x_wconf 90' lang='lat' dir='ltr'>noviter</span> <span class='ocrx_word' id='word_1_968' title='bbox 1552 3052 1757 3083; x_wconf 85' lang='lat' dir='ltr'>constitutum</span> <span class='ocrx_word' id='word_1_969' title='bbox 1772 3046 1816 3078; x_wconf 89' lang='lat' dir='ltr'>est</span> <span class='ocrx_word' id='word_1_970' title='bbox 1830 3055 1845 3076; x_wconf 92' lang='lat' dir='ltr'>a</span> <span class='ocrx_word' id='word_1_971' title='bbox 1862 3043 1953 3084; x_wconf 83' lang='lat' dir='ltr'>Justi·</span> 
     </span>
     <span class='ocr_line' id='line_1_133' title="bbox 1083 3088 1956 3135; baseline -0.011 -10"><span class='ocrx_word' id='word_1_972' title='bbox 1083 3093 1180 3126; x_wconf 90' lang='lat' dir='ltr'>niano</span> <span class='ocrx_word' id='word_1_973' title='bbox 1197 3094 1224 3125; x_wconf 77' lang='lat' dir='ltr'>d.</span> <span class='ocrx_word' id='word_1_974' title='bbox 1241 3093 1261 3124; x_wconf 91' lang='lat' dir='ltr'>l.</span> <span class='ocrx_word' id='word_1_975' title='bbox 1275 3097 1305 3124; x_wconf 91' lang='lat'>6.</span> <span class='ocrx_word' id='word_1_976' title='bbox 1322 3092 1351 3134; x_wconf 85' lang='lat'>§.</span> <span class='ocrx_word' id='word_1_977' title='bbox 1366 3103 1395 3134; x_wconf 80' lang='lat'>3.</span> <span class='ocrx_word' id='word_1_978' title='bbox 1414 3101 1449 3124; x_wconf 89' lang='lat' dir='ltr'>ut</span> <span class='ocrx_word' id='word_1_979' title='bbox 1465 3095 1581 3135; x_wconf 89' lang='lat' dir='ltr'>patris,</span> <span class='ocrx_word' id='word_1_980' title='bbox 1596 3093 1618 3125; x_wconf 80' lang='lat' dir='ltr'>fi</span> <span class='ocrx_word' id='word_1_981' title='bbox 1634 3092 1730 3123; x_wconf 89' lang='lat' dir='ltr'>filiurn</span> <span class='ocrx_word' id='word_1_982' title='bbox 1746 3088 1832 3134; x_wconf 82' lang='lat' dir='ltr'>suum</span> <span class='ocrx_word' id='word_1_983' title='bbox 1849 3095 1956 3117; x_wconf 86' lang='lat' dir='ltr'>ernan-</span> 
     </span>
     <span class='ocr_line' id='line_1_134' title="bbox 1085 3127 1954 3175; baseline -0.01 -10"><span class='ocrx_word' id='word_1_984' title='bbox 1085 3135 1192 3174; x_wconf 88' lang='lat' dir='ltr'>cipet‚</span> <span class='ocrx_word' id='word_1_985' title='bbox 1215 3134 1270 3166; x_wconf 84' lang='lat' dir='ltr'>nifi</span> <span class='ocrx_word' id='word_1_986' title='bbox 1288 3136 1457 3175; x_wconf 85' lang='lat' dir='ltr'>privilegio</span> <span class='ocrx_word' id='word_1_987' title='bbox 1475 3134 1652 3175; x_wconf 83' lang='lat' dir='ltr'>specialiter</span> <span class='ocrx_word' id='word_1_988' title='bbox 1667 3135 1844 3175; x_wconf 71' lang='lat' dir='ltr'>renuntiet,</span> <span class='ocrx_word' id='word_1_989' title='bbox 1864 3127 1903 3174; x_wconf 58' lang='lat' dir='ltr'>iit</span> <span class='ocrx_word' id='word_1_990' title='bbox 1920 3135 1954 3157; x_wconf 91' lang='lat' dir='ltr'>u-</span> 
     </span>
     <span class='ocr_line' id='line_1_135' title="bbox 1084 3174 1954 3217; baseline -0.007 -11"><span class='ocrx_word' id='word_1_991' title='bbox 1084 3174 1257 3207; x_wconf 72' lang='lat' dir='ltr'>susfrucrus</span> <span class='ocrx_word' id='word_1_992' title='bbox 1267 3176 1364 3217; x_wconf 89' lang='lat' dir='ltr'>partis</span> <span class='ocrx_word' id='word_1_993' title='bbox 1380 3176 1517 3209; x_wconf 87' lang='lat' dir='ltr'>dimidiae</span> <span class='ocrx_word' id='word_1_994' title='bbox 1533 3176 1690 3207; x_wconf 89' lang='lat' dir='ltr'>bonorum</span> <span class='ocrx_word' id='word_1_995' title='bbox 1707 3179 1773 3210; x_wconf 86' lang='lat' dir='ltr'>quae</span> <span class='ocrx_word' id='word_1_996' title='bbox 1790 3176 1870 3209; x_wconf 82' lang='lat' dir='ltr'>patri</span> <span class='ocrx_word' id='word_1_997' title='bbox 1887 3177 1954 3200; x_wconf 80' lang='lat' dir='ltr'>non</span> 
     </span>
    </p>
   </div>
   <div class='ocr_carea' id='block_1_15' title="bbox 1085 3210 1955 3290">
    <p class='ocr_par' dir='ltr' id='par_1_18' title="bbox 1085 3210 1955 3290">
     <span class='ocr_line' id='line_1_136' title="bbox 1085 3210 1955 3290; baseline -0.021 -32"><span class='ocrx_word' id='word_1_998' title='bbox 1085 3217 1314 3257; x_wconf 74' lang='lat' dir='ltr'>adquiruntu1·;</span> <span class='ocrx_word' id='word_1_999' title='bbox 1336 3225 1408 3250; x_wconf 85' lang='lat' dir='ltr'>cum</span> <span class='ocrx_word' id='word_1_1000' title='bbox 1434 3227 1475 3251; x_wconf 84' lang='lat' dir='ltr'>ex</span> <span class='ocrx_word' id='word_1_1001' title='bbox 1502 3213 1699 3250; x_wconf 85' lang='lat' dir='ltr'>Constantini</span> <span class='ocrx_word' id='word_1_1002' title='bbox 1725 3210 1955 3290; x_wconf 56' lang='lat' dir='ltr'>constitutiqoung</span> 
     </span>
    </p>
   </div>
   <div class='ocr_carea' id='block_1_16' title="bbox 2023 6 2036 767">
    <p class='ocr_par' dir='ltr' id='par_1_19' title="bbox 2023 6 2036 767">
     <span class='ocr_line' id='line_1_137' title="bbox 2023 6 2036 767; baseline 0 0"><span class='ocrx_word' id='word_1_1003' title='bbox 2023 6 2036 767; x_wconf 95' lang='lat' dir='ltr'> </span> 
     </span>
    </p>
   </div>
  </div>
 </body>
</html>
