2036 3495
137 106 209 150 &6

141 200 210 223 rum
225 199 289 222 non
301 188 363 221 effe
381 186 505 224 uxoris,
523 184 576 216 sed
591 184 629 216 ad
640 182 787 215 maritum
798 178 958 218 pertinere
972 183 1019 221 Ju-

142 243 176 264 rc
200 234 342 273 proprio,
374 231 445 270 quis
461 227 545 258 enim
568 227 596 256 ei
616 226 680 255 hoc
699 222 780 253 dixit
799 220 903 265 Vetus
924 218 1019 258 juns-

142 271 327 304 consultus?
350 279 457 302 nemo.
489 268 554 299 imo
578 265 715 297 Veteres
739 269 935 294 contrarium
953 267 1019 306 *pro

144 314 313 352 explorato
337 311 497 342 habuere:
521 309 662 345 ideoque
687 303 888 349 temporibus
914 300 1019 348 QVO·

141 363 211 386 rum
228 353 371 385 Fratrum
383 375 392 389 ‚
409 359 481 382 cum
499 347 677 386 incidisset,
694 354 727 377 ut
743 352 871 377 maritus
890 343 1018 384 quidem

142 401 338 436 praegnatem
350 394 471 424 diceret
487 391 653 422 mulierem
664 412 674 427 ,
685 395 767 419 uxor
782 393 930 426 negaret:
947 393 1019 430 cau-

141 436 170 467 sa
189 435 250 466 fuit
268 435 329 465 illis
346 433 545 473 Principibus
558 455 567 469 ‚
592 439 626 461 ut
649 428 784 460 consulti
812 427 941 459 Valerio
957 425 1021 472 Ρη-

142 477 266 514 sciant),
291 476 422 507 Praetori
448 474 600 511 Urbano,
624 472 654 502 in
673 471 742 502 haec
758 468 855 500 verba
872 467 1022 498 rescribe·

143 526 214 550 rent
230 518 312 556 apud
330 516 502 557 Ulpianum
518 516 537 546 i.
552 524 578 546 1.
592 513 633 544 D.
655 508 804 557 de'inspic5
820 515 937 540 ventre:
954 507 1019 540 No-

140 569 210 590 vam
229 568 287 589 rem
303 557 459 597 defidercire
479 556 609 587 Rictilius
626 554 753 585 Severus
771 552 909 588 videtur,
932 555 967 581 ut
985 558 1020 580 u-

140 602 206 631 mori
220 609 283 642 qiiae
301 602 336 632 ab
364 610 392 631 eo
408 601 565 631 diverterat
577 620 585 635 ‚
609 595 690 635 &se
707 603 764 625 non
780 591 830 633 effe
842 596 1019 638 praegnatem

134 641 328 683 profitentur,
352 640 650 682 custodemnppomiz:
677 635 713 670 ἐξ
730 636 789 666 ideo
806 643 885 664 nemo
901 633 1016 663 mirabi-

141 692 211 722 tur,
221 682 248 720 fi
265 693 314 714 nos
331 693 440 725 quoqne
458 690 565 712 iio-vum
581 675 773 716 confilium&
784 676 1020 715 remediuiizsug-

138 735 285 768 geramus.
307 725 402 766 Igitur
411 723 432 758 li
447 720 552 762 perflui
568 721 707 751 intudem
720 715 928 758 postulatione,
946 725 1018 762 con-z-

138 765 325 806 morlilfiiiimii
342 764 379 805 cli
391 790 399 804 ‚
415 765 480 805 eligi
496 759 687 802 honeftiffiiizae
696 760 825 798 foemz'nae
840 759 969 795 domum,
988 766 1019 788 ziz

140 819 229 849 quam
247 802 377 839 Domitia
392 808 510 838 veniat:
533 804 569 839 &2³
586 804 626 833 ilii
643 808 698 832 tres
717 798 875 840 obstetrices
892 799 1019 843 probatae

143 850 179 883 [⁴5³
190 851 261 880 arcis
271 849 384 887 &fidei
398 857 460 889 quse
474 857 492 877 a
505 852 531 876 te
546 844 693 886 ciffztiiiptae
701 842 839 882 fuerint,
855 849 916 872 eam
929 841 1018 881 inspi-

140 893 236 922 ciant.-
263 891 299 924 ξύ)
319 888 347 928 fi
364 891 479 931 quidem
500 888 547 919 vel
570 894 665 917 omnes
687 883 734 915 vel
751 884 814 914 duce
830 883 1020 913 renunciave-

140 933 219 971 rint,
239 938 416 974 praegiiaeem
438 930 552 968 videri,
575 934 646 959 tunc
657 924 888 966 persuadendum
906 923 1020 968 mulieri

141 975 217 1011 erit,
235 979 268 1004 ut
280 974 397 1013 perinde
414 969 555 1013 custodem
570 970 706 1001 admittat
717 989 727 1004 ‚
750 971 837 1004 atque
847 963 876 1003 fi
895 966 955 1005 ipsa
970 964 1020 995 hoc

140 1014 325 1055 ‹leliderciffet.
352 1013 463 1046 Tenes
481 1011 689 1050 Rescriptum.
713 1006 811 1039 Nunc
821 1007 898 1046 quid
915 1005 1019 1052 obser-

142 1066 195 1088 vet
206 1058 236 1087 in
247 1066 289 1087 eo
301 1054 457 1097 Ulpianus
467 1077 477 1092 ‚
493 1053 605 1092 accipe
616 1060 654 1082 ex
665 1050 693 1091 §.
710 1058 735 1080 1.
752 1048 804 1079 Ex
815 1048 864 1078 hoc
873 1047 1020 1094 Restrzpio

141 1097 344 1138 evideniiffime
367 1101 486 1138 apparet
501 1118 511 1133 ,
533 1090 788 1130 Seizatusconsulta
804 1091 836 1120 de
860 1089 954 1119 liberis
968 1097 1019 1130 ag-

142 1141 290 1174 noscendis
305 1139 397 1170 locum
411 1147 468 1169 non
486 1135 611 1174 babuiffe
621 1158 629 1173 ‚
639 1132 667 1172 fi
681 1132 784 1163 mulier
794 1128 1022 1170 diffimularetse

137 1187 336 1223 praegnatem,
353 1180 400 1211 vel
417 1180 504 1210 etiam
513 1183 641 1216 negaret.
665 1173 887 1205 Neciiiziiierz'to.
911 1171 1019 1214 Quam

142 1223 186 1254 ob
202 1222 324 1254 causam
334 1222 351 1254 ‘3
365 1221 407 1252 sic
421 1221 482 1252 ait:
496 1219 605 1250 Parrus
621 1218 696 1247 enim
707 1237 715 1252 ‚
726 1219 882 1254 antequam
896 1214 999 1244 edatur
1009 1235 1018 1250 ‚

140 1264 271 1295 mulieris
285 1263 377 1301 portio
391 1260 430 1303 efl
447 1261 493 1291 vel
508 1261 659 1300 viscerum.
684 1255 773 1298 Quid
790 1254 931 1300 deinde?
948 1263 1019 1294 per-

141 1306 206 1347 git:
231 1303 298 1346 Post
313 1305 420 1335 editum
432 1302 520 1343 plane
535 1307 655 1341 partum
671 1308 688 1329 (ι
705 1297 839 1333 muliere,
855 1305 917 1335 jam
927 1292 1018 1335 polest

142 1347 268 1378 maritus
279 1347 349 1388 jure
352 1347 408 1384 suo
419 1344 520 1384 filium
531 1349 583 1382 per
593 1337 779 1372 inventitium
795 1335 951 1374 (lefidercire
965 1342 1018 1382 aunt

144 1388 271 1420 exhiheri
279 1386 336 1425 fibi
350 1393 404 1418 aut
425 1387 526 1416 ducere
537 1382 667 1423 permitti
682 1386 767 1410 extra
783 1380 919 1409 ordinem.
958 1376 1019 1418 Igi-

142 1435 193 1460 tur
207 1429 268 1470 (sic
278 1427 464 1466 concludit)
483 1425 620 1464 Princeps
636 1423 667 1452 in
683 1425 769 1460 causa
784 1418 938 1458 neceffaria
953 1417 1018 1464 [zili-

142 1472 234 1502 venit.
260 1468 338 1501 Haec
358 1466 535 1508 Ulpianus:
560 1465 590 1495 ἃ
607 1463 680 1502 quia
697 1462 790 1502 plana
806 1460 876 1505 sunt
894 1468 1020 1491 omnia:

141 1512 289 1552 equidem
308 1510 444 1546 vellem,
469 1513 583 1537 contra
604 1503 687 1536 ditia
703 1502 742 1532 ab
763 1500 962 1541 Ampliffimo
980 1501 1021 1532 A·

140 1555 227 1585 mico
253 1546 316 1583 effe
343 1549 478 1581 indicta:
503 1555 567 1579 tarn
583 1542 749 1578 manifesta
766 1551 878 1574 eorum
906 1542 1021 1573 confu-

141 1593 241 1627 sione.
264 1592 342 1624 Non
357 1590 455 1632 magis
472 1589 631 1629 sequitur,
650 1585 738 1625 quod
755 1584 827 1621 ille,
853 1583 1021 1624 postquam

140 1635 241 1674 dixit,
257 1641 383 1665 uterum
401 1630 463 1663 esse
481 1631 583 1662 mariti
604 1629 673 1668 jure
694 1626 845 1666 proprio:
862 1634 960 1664 porro
978 1626 1021 1656 in-

139 1675 225 1714 fert,
249 1675 324 1707 hinc
340 1674 445 1706 soluto
464 1681 522 1712 per
540 1670 716 1702 divortium
734 1667 785 1698 vel
800 1673 939 1713 mortem
956 1676 1021 1697 rna-

138 1718 191 1750 riti
209 1716 415 1749 matrimonio
426 1738 436 1753 ,
452 1712 563 1754 inspici
580 1718 747 1748 veiitrem3
765 1708 795 1739 ἃ
810 1706 832 1739 fi
847 1708 960 1740 mulier
976 1717 1021 1739 re-

140 1760 314 1791 nuncietur
329 1757 458 1800 gravida
470 1779 480 1794 ‚
496 1753 661 1786 custodem
677 1750 816 1791 apponi:
833 1749 968 1795 allegata
981 1749 1021 1781 ad

140 1800 208 1832 hoc
225 1802 253 1832 d.
266 1800 286 1831 l.
301 1809 328 1831 1.
342 1806 390 1841 pr.
411 1797 448 1832 ὅ)
463 1797 492 1839 §.
507 1805 555 1828 10.
572 1795 754 1833 Perperam.
778 1800 850 1822 narn
867 1799 949 1823 ratio
968 1800 1022 1821 cu-

139 1841 299 1875 stodiendi
324 1840 465 1878 ventris,
486 1837 508 1870 si
533 1835 735 1876 Rescriptum
761 1831 921 1864 Divorum
948 1831 1019 1863 Fra-

140 1891 224 1916 trum
238 1884 270 1915 in
287 1883 318 1914 do.
342 1883 363 1914 l.
386 1890 410 1913 1.
424 1887 473 1922 pr.
499 1879 531 1911 &
552 1876 701 1910 Edictum
726 1874 875 1907 Praetoris
892 1875 923 1905 in
943 1875 972 1905 d.
989 1872 1021 1915 ς.

142 1933 192 1959 10.
209 1923 468 1961 confideremus3
490 1929 557 1953 non
574 1917 619 1951 est
634 1918 711 1957 alia,
736 1924 831 1957 quam
851 1924 892 1962 ne
906 1914 1020 1962 suppo-

139 1973 232 1998 natur
247 1973 368 2008 partus.
386 1972 521 2004 eamque
530 1962 708 1998 rationem,
725 1967 766 1989 ne
782 1955 948 2004 quaestioni
965 1956 1020 1994 fit,

141 2008 237 2040 etiam
255 2006 363 2039 adfert
380 2005 519 2046 subjecta
534 2001 664 2043 Ulpiani
680 2001 904 2045 interpretatio
922 1997 952 2039 ὃ,
973 2006 1020 2029 11.

144 2057 193 2080 12.
212 2048 249 2083 δ’
266 2058 314 2091 13.
336 2047 478 2082 Proinde
499 2044 617 2077 videi-it
641 2040 855 2087 Ampliffimus
874 2048 963 2085 inens
981 2039 1020 2069 A·

142 2091 261 2128 micus,
287 2099 353 2130 quo
367 2090 436 2130 iure
461 2087 558 2120 finem
580 2082 781 2117 custodiendi
798 2088 918 2111 ventris
935 2079 1021 2110 hune

142 2130 205 2163 ess'e
223 2130 343 2173 fingat3
366 2140 406 2162 ne
426 2130 574 2161 abortum
593 2126 689 2158 faciat
707 2123 834 2156 mulier:
862 2122 891 2153 ἃ
909 2119 930 2152 si
945 2120 1021 2152 faci-

141 2181 193 2212 at,
216 2182 284 2204 non
302 2170 364 2204 effe
379 2180 395 2202 a
410 2180 505 2212 poena
523 2170 655 2202 liberam
673 2164 851 2210 existimet:
875 2162 1021 2209 cum-hu-

140 2214 189 2255 jus
204 2213 277 2246 finis
302 2221 473 2254 poenaeque
492 2220 556 2242 non
580 2207 786 2241 meminerint
802 2214 835 2237 in
853 2203 1021 2250 Rescripto

141 2255 328 2296 Principes,
345 2262 450 2294 neque
465 2255 497 2284 in
518 2251 634 2283 Edicto
650 2249 792 2286 Praetor‚
809 2254 914 2286 neque
930 2254 961 2276 in
978 2254 1022 2276 in-

143 2296 377 2338 terpretatione
394 2294 568 2336 Ulpianus:
586 2292 616 2323 <St
632 2289 760 2322 interim
778 2287 1021 2334 poena-abortus

145 2338 211 2370 sola
228 2338 283 2370 hic
298 2336 466 2378 quaestioni
481 2333 528 2367 fit.
566 2332 651 2365 Huic
667 2330 880 2363 observationi
897 2330 1023 2359 accedit

143 2379 260 2412 altera:
285 2380 374 2420 quod
391 2376 592 2415 Rescriptum
613 2370 934 2417 DivoruinFratrum
956 2378 1023 2401 non

143 2420 190 2452 est
206 2421 323 2453 saecum
340 2421 378 2452 ad
395 2418 672 2452 Consultationem
682 2412 830 2445 Praefecn
847 2410 948 2458 Urbi3
970 2409 1024 2457 sed

144 2461 294 2494 Praetoris
321 2461 463 2494 Urbani:
487 2459 575 2499 cujus
599 2464 722 2488 tantum
739 2455 1024 2499 mixtum-imperi-

142 2512 217 2542 um,
233 2503 266 2535 id
279 2502 344 2543 est,
360 2504 400 2534 de
415 2501 563 2534 civilibus
577 2497 675 2531 caufis
692 2496 773 2529 fuit:
790 2504 864 2527 cum
880 2494 962 2526 illius
976 2503 1023 2540 es3

144 2544 192 2576 set
208 2554 351 2583 merum,
367 2545 398 2577 id
415 2544 482 2581 est,
506 2543 547 2574 de
564 2538 762 2573 criminibus.
792 2536 892 2579 Igitur
908 2534 1024 2581 fiinihl

143 2586 275 2623 licebit,
299 2585 380 2617 salva
403 2586 503 2627 gratia
527 2583 595 2617 Viri
624 2579 810 2626 Ampliffimi
828 2602 838 2617 ,
862 2576 1024 2624 'abstinere

147 2627 188 2659 ab
200 2627 265 2666 ejus
281 2626 542 2664 ratiocinatione,
559 2623 681 2656 nullum
697 2630 728 2653 in
743 2630 778 2652 re
793 2619 867 2651 fatri
885 2619 1023 2649 habente

145 2668 257 2707 usum,
279 2673 316 2698 ut
331 2668 439 2698 monui
458 2667 588 2707 saepius:
611 2664 716 2695 dicam
730 2662 819 2702 quod
835 2670 884 2708 res
904 2659 966 2696 est,
992 2658 1023 2689 <St

145 2708 325 2752 pleniffime
339 2707 460 2739 ostendi
476 2708 561 2748 Julio
578 2706 672 2739 Paulo
688 2705 780 2744 capite
794 2703 914 2738 ultimo,
930 2700 1025 2746 abor-

144 2760 215 2784 tum
231 2759 248 2782 a
265 2749 398 2781 muliere
417 2747 479 2788 ipsa
495 2749 548 2780 sibi
562 2753 786 2789 procuratum,
799 2751 884 2791 ‘ante
900 2741 1023 2789 Divum

145 2793 301 2826 Severum
328 2790 358 2821 δε
382 2790 579 2821 Antoninum
594 2812 604 2828 ,
626 2797 667 2820 ex
691 2786 822 2828 Regulis
846 2784 928 2824 Juris
955 2792 1022 2815 non

146 2831 238 2867 fuisse
247 2833 394 2869 crimen,
414 2829 554 2870 ideoque
569 2839 629 2862 nec
651 2829 819 2870 punitum,
842 2826 906 2858 five
923 2832 1022 2864 nupta

146 2875 226 2909 ess'et
247 2874 360 2907 mulier
377 2895 388 2912 ,
409 2870 473 2903 five
495 2871 638 2911 innupta.
670 2870 723 2901 sed
747 2868 915 2908 Rescripto
941 2865 1021 2898 Divi

146 2917 257 2951 Severi
274 2915 305 2947 <St
323 2912 479 2946 Antonini
494 2912 526 2943 in
544 2919 642 2951 nupta
658 2910 720 2942 effe
741 2909 895 2942 receffum
918 2917 935 2939 a
959 2907 1021 2939 Re·

147 2959 229 3001 gulis
247 2956 338 2997 Juris.
376 2954 452 2987 Non
467 2959 536 2985 utar
551 2953 589 2984 ad
605 2952 669 2983 hoc
686 2952 811 2983 ratione
826 2951 922 2991 longe
939 2950 1021 2989 peti-

148 3010 198 3033 ta:
223 2999 276 3031 sed
298 2996 429 3030 testibus
455 2995 496 3026 de
520 2993 576 3025 suo
601 3000 747 3032 tempore
771 2991 1021 3033 deponentibus.

149 3043 219 3075 talis
236 3041 319 3073 inter
336 3039 414 3070 alios
428 3036 473 3069 cst
491 3034 675 3067 Marcianus
691 3034 748 3071 l.4.
768 3033 809 3064 D.
824 3035 858 3064 de
873 3033 1020 3064 extraord.

150 3082 338 3120 criminibus,
362 3087 457 3120 quam
473 3076 535 3110 effe
552 3085 592 3107 ex
613 3075 662 3105 lz'b.
684 3083 711 3119 Ιτ
737 3073 935 3115 Regularum,
958 3073 1024 3113 eJus

519 3117 548 3151 Is
576 3125 653 3151 vero
668 3114 732 3154 ibi,
755 3113 876 3154 Divus,
901 3115 1023 3156 inquit,

861 3193 885 3224 F
949 3195 965 3226 I

152 3124 319 3165 Inscriptio
343 3121 474 3155 indicat.

1025 3194 1057 3227 N

1437 21 1464 40 f

485 98 743 133 GiznAnnr
787 89 995 127 Noonr
1039 83 1223 120 Anicii
1267 82 1601 122 Retronsro.

1063 172 1188 204 Severus
1206 172 1244 207 δέ)
1260 173 1433 206 Antoninus
1456 174 1681 216 rescripserunt,
1703 175 1851 219 eomlquae
1874 177 1944 208 data

1062 221 1146 253 opera
1160 215 1273 255 abegit,
1295 225 1314 246 α
1325 215 1448 254 Praeficie
1466 216 1659 257 intemporale
1670 218 1789 248 exilium
1804 220 1941 251 dandam.

1063 254 1171 297 Quam
1187 256 1232 287 ob
1247 265 1315 288 rem
1326 257 1343 289 ἱ)
1366 259 1410 289 ait
1421 281 1431 296 ,
1454 258 1615 300 Indignum
1631 258 1727 290 videri
1736 258 1831 299 poffe,
1851 262 1942 300 inteu-

1062 305 1099 327 ne
1116 305 1177 328 eam
1193 298 1332 329 maritum
1347 299 1443 330 liberis
1451 300 1615 340 fraudaffe.
1654 299 1768 331 Sensus
1784 298 1943 332 Marciani

1042 359 1045 361 <
1064 336 1129 369 est:
1152 338 1236 370 Ante
1253 338 1318 371 hoc
1332 339 1441 372 Severi
1458 342 1486 372 ἅ
1499 340 1864 381 AntoniniRescriptum
1885 341 1941 373 im-

1062 379 1193 425 punitus
1209 380 1262 411 vel
1276 381 1309 412 in
1326 389 1424 422 nupta
1442 391 1510 414 erat
1534 382 1682 414 abortus:
1706 383 1778 423 quia
1794 381 1893 413 foetus
1908 391 1940 413 e-

1061 429 1109 465 Jus
1127 428 1199 467 pars
1218 428 1303 454 erat:
1318 421 1371 454 sed
1386 423 1524 455 Severus
1542 424 1572 455 ἃ
1589 424 1773 456 Antoninus
1788 423 1941 463 deinceps

1063 469 1257 507 impunitum
1276 461 1339 495 esse
1356 473 1428 496 eum
1444 465 1592 497 abortum
1605 489 1614 504 ,
1633 475 1697 496 non
1714 465 1869 498 siverunt:
1882 465 1943 504 pri-

1063 511 1106 533 mi
1130 506 1350 548 interpretati,
1374 505 1538 547 indignum
1558 508 1678 544 videri,
1703 515 1772 538 earn
1788 506 1842 537 tali
1859 504 1941 545 Juris

1061 542 1236 575 subtilitate
1252 546 1398 578 maritum
1418 547 1522 580 liberis
1545 548 1710 580 fraudasse.
1754 547 1852 589 Igitur
1867 555 1942 578 cum

1062 585 1194 630 abortus
1218 592 1295 616 ante
1321 587 1441 628 legibus
1457 599 1522 621 non
1540 589 1616 621 effet
1638 590 1778 629 crimen3
1801 589 1944 629 ideoque

1062 634 1128 657 non
1141 625 1253 656 liceret
1263 626 1407 667 Praesidi,
1423 631 1608 670 mulierem,
1627 631 1770 672 quamvis
1788 638 1939 670 nuptam,

1061 674 1197 709 propter
1212 667 1360 700 abortum
1376 672 1505 710 punire:
1522 680 1626 704 tamen
1643 673 1733 704 aliter
1749 671 1811 704 effe
1826 673 1941 712 coepit,

1063 708 1233 748 postquam
1259 707 1427 754 Rescripto
1446 712 1523 744 Divi
1543 713 1651 745 Severi
1670 715 1700 745 ἂ
1719 714 1872 745 Antonini
1891 712 1939 743 fa·

1064 750 1148 795 ctum
1172 749 1217 795 est
1244 757 1364 782 crimen
1389 755 1696 794 extraordinarium,
1720 755 1749 787 ὅτ.
1770 754 1939 795 temporali

1063 791 1163 836 exilio
1179 800 1210 821 in
1229 789 1372 837 futurum
1392 796 1494 834 puniri
1508 795 1630 835 juffum.
1664 797 1751 828 idern
1769 797 1862 836 plane
1880 796 1941 827 iter

1064 840 1168 880 tenuit
1186 830 1341 879 Ulpianus
1354 833 1370 865 l.
1381 839 1409 869 8.
1426 835 1468 867 D.
1485 837 1535 867 Ad
1553 837 1607 878 leg.
1626 838 1737 869 Cornel.
1753 837 1882 876 deficar.
1898 836 1940 868 sic

1062 875 1223 905 icribens:
1248 873 1282 904 Si
1304 875 1450 922 mulierem
1472 879 1626 914 visceribus
1641 881 1700 915 luis
1716 881 1776 910 vim
1793 878 1938 918 intulisse,

1062 924 1117 956 quo
1129 920 1253 962 partimi
1265 916 1415 957 abigeret,
1431 917 1603 959 constiterit:
1620 921 1722 951 eumin
1731 921 1848 952 exilium
1859 920 1939 952 Pm-

1054 964 1104 996 Jes
1118 963 1277 1002 provincia:
1292 959 1397 1000 exiget.
1435 960 1489 991 Ait
1501 983 1511 998 ,
1533 960 1662 1003 Exiget,
1686 962 1716 993 in
1732 961 1842 993 futuro
1861 969 1940 993 tem-

1064 1007 1160 1038 pore:
1177 999 1209 1029 id
1225 997 1291 1037 est,
1309 1000 1461 1041 deinceps
1477 1002 1602 1042 exiget:
1616 1003 1677 1043 jam
1694 1010 1826 1044 accepta
1845 1011 1939 1043 pote-

1063 1039 1142 1070 state
1160 1049 1199 1070 ex
1218 1039 1386 1081 Rescripto
1405 1043 1512 1074 Severi
1532 1044 1561 1074 ἃ
1581 1043 1753 1075 Antonini:
1770 1053 1864 1084 quam
1881 1053 1939 1084 po-

1065 1079 1209 1126 testatem
1228 1088 1303 1112 ante
1322 1092 1386 1114 non
1406 1083 1543 1115 habebat
1561 1094 1601 1116 ex
1619 1084 1749 1126 Regulis
1765 1085 1855 1125 Juris.
1886 1084 1940 1116 Ne

1063 1122 1122 1152 alia
1147 1123 1296 1162 quidem,
1320 1125 1475 1165 quidquid
1501 1126 1674 1158 reluctetur
1691 1125 1851 1158 Dominus
1867 1125 1940 1158 Van

1062 1163 1312 1210 Bynkershoek,
1328 1164 1389 1196 fuit
1407 1167 1563 1198 sententia
1579 1167 1786 1210 Tryphonini
1803 1168 1882 1209 l.39.
1894 1167 1938 1200 D.

1062 1206 1095 1235 de
1107 1213 1201 1245 μενεῖς
1221 1214 1251 1236 in
1268 1207 1373 1238 verbis
1392 1206 1617 1248 sequentibus:
1634 1209 1731 1240 Cicero
1747 1211 1779 1241 in
1798 1209 1940 1241 Oratione

1057 1252 1111 1293 pro
1131 1246 1261 1278 Cluentio
1288 1247 1379 1278 Avito
1390 1249 1524 1289 scrisfic,
1549 1249 1695 1289 lisitlefiam
1712 1252 1859 1291 quandam
1876 1261 1943 1281 mu-

1064 1287 1179 1334 aierem,
1200 1297 1266 1318 cum
1284 1288 1347 1328 effer
1365 1291 1396 1320 in
1418 1290 1509 1329 Asia,
1532 1293 1608 1332 quod
1624 1293 1658 1322 ab
1675 1292 1824 1324 heredibus
1830 1292 1938 1331 secun-

1062 1329 1106 1359 dis
1120 1335 1235 1370 accepta
1247 1331 1373 1370 pecunia
1384 1339 1503 1371 parium
1515 1332 1572 1370 sibi
1587 1334 1798 1364 medicamentis
1814 1335 1874 1373 ipsa
1889 1334 1938 1365 ab·

1061 1368 1176 1416 egiffiet,
1200 1371 1240 1400 rei
1264 1371 1396 1411 capitalis
1418 1372 1470 1414 effe
1491 1374 1669 1405 damnatam.
1715 1374 1771 1405 Sed
1788 1373 1862 1412 &fi
1876 1384 1936 1415 qua

1061 1413 1219 1457 visceribus
1233 1411 1300 1457 suis
1312 1412 1374 1453 posi
1389 1415 1548 1446 divortium
1559 1437 1569 1453 ‚
1591 1417 1666 1456 quod
1679 1423 1836 1457 praegnans
1845 1416 1915 1456 suit
1927 1439 1937 1454 ,

1062 1461 1124 1482 vim
1140 1452 1292 1491 intulerit,
1314 1463 1348 1484 ize
1367 1455 1432 1496 jam
1455 1457 1569 1487 inimico
1584 1458 1687 1487 marito
1698 1457 1794 1497 filiam
1805 1463 1939 1497 procrea.-

1063 1499 1125 1524 rec:
1147 1500 1180 1539 tir
1202 1494 1350 1534 temporali
1372 1497 1457 1528 exilio
1475 1497 1635 1528 coerceatur
1652 1500 1686 1528 (ib
1703 1498 1831 1538 Optimis
1846 1497 1940 1539 Impe-

1063 1536 1204 1580 ratonem
1221 1533 1324 1575 nostris
1341 1539 1508 1578 rescriptum
1524 1537 1573 1578 eft.
1609 1538 1695 1570 Mihi
1713 1539 1839 1569 videtur
1853 1538 1937 1579 Try*

1065 1576 1243 1621 phonnnm,
1267 1586 1340 1608 cum
1364 1579 1404 1609 de
1421 1579 1536 1610 abortu
1553 1580 1745 1620 disputaret,
1768 1578 1833 1620 (est
1852 1590 1938 1611 enini

1064 1626 1089 1647 is
1108 1618 1198 1649 locus
1216 1627 1256 1649 ex
1274 1619 1344 1649 libro
1361 1628 1390 1650 x.
1415 1619 1677 1661 Disputationzim)
1695 1624 1831 1661 primum
1847 1620 1940 1652 fuisse

1065 1659 1238 1691 detestatus
1258 1659 1425 1704 abortum,
1448 1661 1512 1693 istis
1529 1663 1726 1702 temporibus
1743 1663 1826 1703 apud
1842 1671 1942 1694 omne

1063 1709 1164 1746 genus
1188 1700 1375 1740 mulierum,
1398 1702 1477 1734 ficut
1503 1713 1543 1734 ex
1560 1703 1701 1743 Seneca,
1725 1702 1867 1743 Ovidio,
1890 1704 1940 1743 Ju-

1063 1742 1186 1781 venah,
1209 1742 1442 1776 evidentiffime
1466 1744 1679 1777 demonstravi
1695 1746 1724 1777 d.
1743 1755 1767 1776 c.
1787 1744 1841 1776 ult.
1859 1744 1941 1786 Juliz'

1064 1783 1176 1829 Pauli,
1202 1784 1284 1815 adeo
1307 1784 1534 1825 frequentem3
1558 1787 1644 1818 utin
1667 1796 1791 1819 morem
1814 1785 1940 1827 prorsus

1062 1825 1194 1857 abierit:
1217 1826 1247 1856 &
1270 1825 1386 1858 deinde
1410 1826 1598 1867 inquisivisse
1620 1828 1652 1859 in
1675 1828 1854 1860 remedium
1875 1836 1939 1869 quo

1062 1875 1130 1898 rein
1153 1867 1283 1913 impiam
1308 1868 1338 1914 {St
1362 1866 1544 1900 sceleratam
1558 1869 1627 1909 jure
1643 1869 1790 1901 coerceri
1807 1876 1940 1910 oporte-

1063 1915 1131 1940 ret:
1148 1907 1335 1940 existimasse
1350 1917 1475 1949 autem,
1491 1911 1609 1943 nullam
1625 1910 1737 1942 Romae
1754 1917 1864 1942 extare
1878 1909 1942 1942 Le-

1062 1958 1136 1997 gem
1153 1958 1215 1991 qua
1230 1952 1358 1996 abortus
1374 1960 1471 1991 quem
1488 1950 1553 1991 ipsa
1568 1951 1623 1984 sibi
1639 1953 1877 1983 medicamento
1893 1951 1942 1982 in-

1062 1994 1162 2037 terret
1177 1992 1306 2030 mulier,
1330 2001 1389 2032 pro
1414 1993 1548 2025 crimine
1566 2000 1618 2025 aut
1634 1992 1804 2025 haberetur
1819 1999 1873 2023 aut
1886 2001 1944 2033 pu-

1064 2039 1198 2064 niretur.
1218 2032 1518 2074 Argumentumque
1537 2033 1613 2064 effe:
1636 2034 1724 2074 quod
1741 2033 1796 2065 suo
1812 2040 1945 2074 tempo-

1063 2083 1098 2105 re
1117 2072 1240 2119 Cicero·
1259 2074 1290 2119 in
1307 2073 1466 2106 Oratione
1481 2074 1539 2106 Pro
1556 2075 1686 2106 Cluentio
1701 2074 1793 2107 Avito
1811 2080 1873 2115 cap.
1888 2083 1941 2106 11.

1064 2114 1206 2146 fimiliter
1223 2115 1377 2147 iollicitus
1396 2116 1436 2147 de
1457 2124 1552 2156 poena
1569 2116 1701 2147 abortus
1714 2139 1725 2155 ,
1747 2124 1815 2147 non
1830 2122 1945 2156 protu-

1064 2156 1101 2188 lit
1117 2156 1300 2196 exemplum
1316 2165 1356 2188 ex
1371 2155 1458 2188 Foro
1476 2156 1623 2189 Romano
1634 2181 1642 2194 ,
1667 2158 1700 2189 in
1716 2166 1781 2198 quo
1797 2155 1943 2188 versaba-
1991 2181 1993 2183 .

1064 2205 1134 2235 tui-3
1159 2197 1328 2236 videlicet,
1352 2199 1426 2238 quia
1452 2197 1496 2229 ibi
1518 2198 1709 2237 deficiebat,
1731 2198 1875 2239 alioquin
1899 2206 1943 2230 ex

1064 2239 1215 2280 proximo
1240 2239 1420 2279 petiturus:
1436 2238 1488 2271 sed
1506 2249 1547 2271 cx
1565 2239 1632 2271 Asia
1650 2239 1808 2271 arceffivit
1822 2239 1942 2281 longe:

1064 2281 1194 2319 dicens,
1217 2288 1291 2311 cum
1313 2280 1356 2311 ibi
1381 2280 1476 2318 estet,
1500 2280 1656 2313 lx'lilesiam
1677 2281 1847 2322 quamdam
1873 2289 1944 2313 mu-

1065 2321 1176 2354 lierem
1191 2321 1280 2362 quod
1291 2322 1332 2352 ab
1350 2321 1522 2354 heredibus
1540 2320 1744 2360 secundis‚id
1762 2320 1944 2360 est‚substi-

1067 2364 1160 2401 tutis,
1182 2370 1316 2403 accepta
1333 2363 1488 2402 pecunia,
1509 2371 1634 2404 partum
1651 2363 1706 2395 fibi
1725 2363 1943 2395 medicamen-

1067 2405 1108 2435 tis
1132 2403 1196 2445 ipsa
1220 2403 1372 2445 abegiss'et
1389 2428 1399 2443 ,
1429 2406 1475 2436 rei
1498 2405 1640 2446 capitalis
1664 2403 1726 2436 ess‘e
1749 2405 1942 2437 damnatam.

1066 2444 1118 2477 sed
1137 2446 1201 2477 hoc
1218 2455 1407 2486 quamquam
1424 2445 1558 2486 justum,
1573 2455 1638 2477 non
1649 2446 1810 2486 pei-tinere
1827 2446 1867 2478 ad
1879 2445 1942 2477 Fo-

1067 2497 1138 2519 rum
1156 2487 1356 2526 Romanum,
1380 2496 1487 2528 neque
1502 2487 1545 2518 ibi
1565 2486 1628 2518 effe
1648 2487 1862 2518 observatum.
1883 2487 1942 2528 igi-

1068 2536 1118 2561 tur
1135 2527 1227 2560 fuisse
1244 2529 1374 2569 dignum
1393 2528 1598 2569 providentia
1615 2527 1824 2568 Optimorum
1839 2527 1944 2569 Impe-

1067 2579 1209 2602 ratorum
1226 2571 1426 2609 nostrorum,
1450 2570 1482 2601 id
1498 2569 1562 2608 est,
1585 2569 1695 2601 Severi
1719 2569 1749 2601 &
1766 2569 1941 2601 Antonini:

1067 2621 1141 2644 curn
1164 2611 1264 2643 essent
1289 2610 1380 2652 super
1400 2620 1437 2642 ea
1451 2620 1486 2643 re
1502 2609 1639 2643 consulti
1653 2619 1670 2642 a
1687 2609 1820 2643 Praefide
1839 2610 1894 2651 qui
1909 2620 1941 2642 e-

1066 2661 1114 2686 rat
1138 2651 1279 2694 Legibus
1303 2652 1485 2692 adstrictus,
1509 2661 1577 2685 rem
1601 2651 1804 2692 turpiffimam
1820 2651 1943 2684 Princi-

1067 2695 1130 2736 pali
1147 2694 1314 2735 Rescripto
1333 2703 1425 2725 extra
1442 2693 1588 2726 ordinem
1605 2694 1786 2726 emendari:
1832 2693 1942 2725 laeuis-

1066 2737 1098 2768 se
1113 2746 1193 2768 vero
1210 2736 1275 2768 hoc
1287 2758 1296 2774 ,
1315 2735 1481 2768 mulierem
1499 2744 1568 2775 quae
1585 2743 1750 2776 praegnans
1766 2734 1798 2766 vi
1813 2734 1939 2766 cei-ibus

1065 2778 1125 2809 suis
1143 2777 1214 2819 post
1229 2778 1404 2810 divortium
1423 2779 1489 2808 vim
1507 2777 1721 2816 intulerit,ne
1734 2776 1796 2816 jam
1808 2775 1939 2807 inimico

1063 2821 1179 2852 marito
1198 2817 1297 2851 filium
1313 2824 1515 2859 procrearet,
1542 2818 1711 2858 temporali
1734 2817 1833 2849 exilio
1850 2818 1940 2848 coer-

1064 2862 1140 2894 ceri.
1171 2859 1258 2903 Quid
1277 2859 1377 2892 inde‘?
1396 2859 1459 2899 jam
1475 2858 1588 2891 Romae
1601 2859 1705 2900 ccepit
1718 2859 1839 2891 crimen
1857 2856 1942 2892 effe,

1065 2905 1095 2935 ἃ
1114 2913 1172 2943 pro
1191 2902 1244 2933 tali
1261 2910 1351 2933 extra
1376 2901 1522 2933 ordinem
1546 2901 1670 2941 puniri,
1692 2900 1781 2941 quod
1796 2905 1871 2930 ante
1886 2906 1940 2929 ne-

1066 2954 1129 2984 que
1155 2944 1275 2975 crimen
1302 2943 1499 2982 habebatur,
1522 2951 1628 2982 neque
1649 2951 1710 2982 pro
1735 2940 1787 2972 tali
1803 2940 1835 2971 in
1850 2937 1936 2969 Foro

1066 2987 1214 3019 Romano
1232 2984 1432 3026 puniebatur.
1454 2983 1508 3015 Sic
1523 2983 1602 3015 mihi
1618 2982 1698 3015 sedit
1712 2981 1796 3021 Julio
1806 2978 1898 3011 Paulo
1907 2978 1938 3010 d.

1067 3031 1159 3070 capite
1175 3027 1286 3059 ultimo.
1309 3026 1384 3058 Alio
1400 3026 1499 3057 vertit
1512 3023 1676 3056 Dominus
1694 3023 1763 3055 Van
1777 3018 1937 3065 Bquerss-

1068 3070 1165 3101 hoek.
1188 3078 1227 3101 an
1237 3067 1363 3100 felicius
1374 3090 1384 3107 ,
1400 3066 1537 3108 quamin
1552 3063 1782 3107 superioribus,
1797 3059 1938 3099 aliiJudi-

1068 3120 1145 3145 cent
1157 3118 1311 3152 :utroque
1320 3118 1411 3152 aeque
1420 3107 1475 3143 fibi
1484 3107 1680 3145 blandiente,
1689 3103 1827 3144 humano
1835 3109 1939 3134 more-

1120 3193 1132 3226 Ι
1195 3193 1226 3226 ἃ
1750 3202 1936 3257 εΕΚΑκ
