2036 3495
501 92 589 138 'DE

40 211 94 247 'que
108 211 144 234 ex
158 198 271 240 imperio
287 195 383 230 laudis
397 193 548 235 accefflrit.
564 200 623 232 pro
641 199 680 222 ex
691 188 827 229 imperio
843 196 915 228 pro-

40 246 165 277 vinciae.
198 241 250 272 aie
268 240 343 272 mihi
361 238 506 275 videtui-3
529 242 626 274 atque
641 241 681 262 eo
700 232 817 272 magis:
843 229 915 270 quia

42 289 74 320 in
91 288 119 317 d.
138 285 165 327 §.
188 293 217 324 3.
242 283 330 314 addit
347 278 542 320 Imperator,
557 284 620 316 quoe
636 275 733 304 omnia
747 268 914 311 nostrafla-

42 331 100 360 tuit
124 324 306 365 constitutio.
345 321 387 351 ait
406 344 415 360 ‚
447 318 477 350 se
503 319 573 349 haec
594 312 787 346 constituiffe
812 313 841 343 in
866 312 915 342 sua

43 367 302 401 Constitutione:
326 364 358 394 id
382 362 443 399 est,
468 361 499 391 in
524 359 543 391 l.
566 361 612 389 16.
631 356 663 387 C.
689 357 721 387 cle
745 353 914 394 usufructu.

42 411 125 443 hanc
149 418 226 443 vero
250 406 377 447 saepius,
399 412 436 434 ac
463 400 562 438 serio,
586 398 616 430 &
633 405 756 429 attente
779 395 860 437 legi,
884 404 916 426 at

42 458 215 492 numquam
232 445 447 489 deprehendi,
472 443 503 474 in
528 451 564 473 ea
581 440 662 478 dici,
689 438 915 470 usumfructum

44 494 147 525 amitti
165 500 229 523 non
247 489 367 521 utendo
387 495 441 526 per
462 484 606 515 modum.
638 488 760 512 tantum
781 480 821 511 ibi
841 478 916 510 dici-

44 544 96 566 tur
109 559 118 574 ‚
140 530 367 564 usumfructum
392 527 543 565 deinceps
568 523 671 555 amitti
688 522 801 563 capitis
818 520 916 552 demi-

46 577 182 608 nutione
198 569 374 606 maxima&
392 568 516 605 media3
534 568 676 605 itemque
693 573 757 595 non
775 562 915 594 utendo:

45 619 146 650 modo
161 612 363 648 fisi-uenatio
380 610 448 640 talis
460 616 643 649 opponatur
659 606 830 646 exceptio,
847 612 918 643 qua:

44 658 102 691 ‘etfi
119 657 295 689 dominium
320 652 389 693 quis
410 651 606 686 vindicaret,
631 647 733 688 poss‘et
751 655 823 677 eum
840 654 917 686 pra:-

45 700 165 731 sentem
184 697 233 728 vel
251 695 411 726 absentem
430 692 614 723 excludere.
641 688 718 720 Non
735 689 831 729 igitur
849 685 918 717 soli-

46 750 114 778 tus,
137 746 209 771 ante
224 736 450 778 Iustinianum,
475 731 536 764 fuit
553 730 745 763 ususfructus
764 728 833 759 tolli
853 737 917 758 non

45 782 168 814 utendo
191 789 247 821 per
272 778 424 815 modum3
448 783 554 814 eoque
577 782 641 804 nou
667 778 813 803 numerat
837 768 920 800 hanc

45 820 182 856 ‘formam
201 821 314 852 Paulus
333 818 381 849 lib.
401 828 429 859 3.
447 816 577 847 Senienc.
595 815 642 845 tic.
660 817 687 844 6.
705 812 734 855 §.
746 816 796 846 28.
814 810 851 845 δ’
869 820 919 851 33.

43 866 128 898 inter
142 872 272 895 caeteras
286 860 401 901 quibus
416 856 608 889 ususfructus
618 854 837 894 exstinguitur.
855 860 920 883 non

46 908 143 939 etiam
158 905 262 936 voluit
276 902 463 942 justinianus
480 900 630 930 inducere
648 895 787 928 formam
803 901 920 924 novam

48 950 77 980 &
96 946 268 979 Veteribus
285 944 491 982 incognitam.
522 946 645 970 tantum
662 937 766 968 voluit
785 937 814 966 in
832 932 921 965 inusu

48 987 242 1022 ususfructus
262 987 324 1026 jam
350 992 423 1014 ante
448 989 608 1024 recepto,
639 979 736 1010 laxius
761 975 921 1007 observari

49 1034 197 1071 tempus,
223 1035 316 1069 quam
337 1035 351 1056 a
373 1023 545 1056 Veteribus
572 1020 677 1052 fuerat
700 1018 920 1050 constitutum.

50 1082 123 1104 cum
140 1073 224 1102 enim
242 1069 279 1100 ad
297 1066 475 1099 tollendum
500 1062 587 1095 inusu
605 1060 831 1093 usumfructum
848 1058 922 1088 ante

50 1113 209 1146 sufficeret
227 1109 359 1150 spatium
378 1107 449 1138 anni
467 1113 520 1137 aut
538 1104 675 1136 biennii:
699 1101 803 1133 noluit
820 1099 922 1138 Impe-

51 1164 157 1192 rator,
182 1154 334 1191 deinceps
351 1149 433 1180 aliud
452 1146 513 1179 ess'e
531 1153 657 1185 tempus
669 1167 678 1182 ,
696 1150 790 1183 quam
808 1140 921 1172 decem

51 1205 207 1229 annorum
225 1194 307 1224 inter
323 1190 515 1231 praesentes,
527 1187 577 1218 vel
592 1185 702 1227 viginti
718 1185 801 1214 inter
816 1180 922 1212 abferi-

53 1247 110 1270 tes.
135 1236 221 1277 quod
241 1233 262 1265 fi
280 1232 343 1264 est:
366 1230 522 1267 efficitur,
547 1236 580 1258 ut
598 1224 790 1257 ususfructus
807 1232 870 1253 non
892 1231 924 1252 u-

53 1279 152 1311 tendo
168 1286 224 1318 pei·
236 1275 366 1306 modum
381 1282 420 1303 ne
437 1271 534 1301 hodie
548 1268 676 1308 quidem
693 1264 837 1296 finiatur:
853 1264 926 1303 quia

52 1321 116 1352 hoc
141 1327 225 1350 nove
250 1325 314 1346 non
343 1311 509 1344 constituit
535 1310 714 1348 Imperator
738 1307 770 1337 in
786 1306 812 1336 d.
833 1305 852 1335 l.
875 1307 926 1341 16,

51 1370 156 1401 neque
182 1355 320 1389 vetustas
345 1362 418 1386 ante
439 1350 601 1384 definivit:
622 1357 657 1382 ut
673 1358 714 1380 ex
732 1347 820 1388 supra
837 1345 928 1377 ditiis

51 1400 250 1442 intelligitur.

93 1443 165 1475 Nec
176 1449 280 1472 tamen
293 1448 345 1470 me
358 1435 498 1477 praeterit
508 1458 518 1473 ,
528 1433 659 1465 Paulum
669 1430 688 1462 l.
702 1434 748 1464 18.
761 1429 802 1461 D.
822 1429 929 1476 Quem·

56 1486 206 1517 admodum
215 1483 378 1521 servitutes
394 1478 596 1513 amittuntur,
618 1475 650 1505 in
668 1471 778 1512 praedii
801 1470 930 1502 servitu-

59 1531 92 1558 'te
108 1530 150 1556 ita
166 1523 317 1558 scribere,
336 1521 368 1551 Si
383 1521 448 1562 quis
463 1518 523 1549 alia
538 1526 616 1557 aqua
630 1515 698 1552 ulus
708 1512 827 1552 fuerit,
841 1520 931 1551 quam

57 1568 92 1599 de
104 1576 162 1609 qua
179 1566 212 1597 in
221 1564 368 1606 servitute
381 1559 551 1601 imponenda
565 1556 663 1589 astum
677 1554 714 1597 est
725 1565 734 1586 .·
746 1555 880 1594 servitus
897 1561 930 1584 a·

651 98 1117 135 Usurnucru

1181 89 1210 124 L
1220 97 1271 124 113.
1309 90 1323 125 1
1336 90 1360 124 Ι.
1763 96 1780 129 3
1789 89 1804 123 S
1813 95 1830 130 3

958 183 1095 214 mittitur.
1127 181 1189 219 Sed
1206 190 1271 217 non
1287 180 1382 212 finam
1401 179 1431 211 id
1451 176 1571 218 captari
1589 183 1720 207 temere.
1745 174 1833 213 quod

958 224 1044 256 enim
1062 224 1173 256 Paulus
1191 224 1253 262 ait,
1277 229 1420 253 utentem
1437 219 1590 257 servitute
1607 227 1672 248 non
1692 225 1748 255 per
1762 224 1830 245 mo-

959 268 1053 303 dum,
1076 266 1223 297 amittere
1248 264 1454 296 servitutem:
1478 269 1544 291 tum
1571 268 1680 290 verum
1706 256 1752 288 est
1777 255 1830 286 de-

958 316 1063 339 mum:
1087 306 1108 338 ss
1124 307 1275 337 [ervitute
1291 315 1356 336 non
1375 306 1412 336 ad
1429 303 1560 334 modum
1575 301 1612 332 fit
1627 299 1696 331 ul'us
1713 307 1770 339 per
1788 298 1831 328 le-

957 350 1058 389 gitimi
1084 348 1238 388 temporis
1262 347 1411 388 ipatium:
1436 345 1467 376 id
1491 344 1556 380 est,
1578 342 1599 373 fi
1622 351 1659 373 ea
1685 349 1757 372 toto
1774 339 1829 370 illo

959 398 1106 431 tempore
1124 398 1296 429 numquam
1313 388 1358 419 est
1376 391 1438 425 ita,
1455 393 1489 417 ut
1506 384 1633 422 debuit,
1660 382 1727 413 ul‘us
1739 405 1748 419 ,
1771 388 1832 411 nec

960 432 1022 463 ulla
1039 433 1174 462 ratione.
1222 430 1268 461 lta
1288 429 1418 461 Paulum
1435 428 1639 465 interpretor.
1670 424 1774 454 audio.
1800 429 1832 452 at

960 482 1025 513 quo
1051 472 1180 504 auctore
1195 473 1212 504 ἱ)
1235 472 1354 510 Pau103
1378 478 1439 501 nec
1464 468 1621 499 deiideres
1646 465 1831 496 certiorem.

960 515 985 546 is
1006 524 1083 545 vero
1101 514 1121 545 l.
1136 523 1180 545 10.
1199 513 1227 555 §.
1244 523 1269 544 1.
1289 513 1328 543 1).
1349 513 1407 543 eod.
1425 512 1470 541 tic.
1495 508 1536 540 fic
1554 508 1669 539 scribit.
1693 507 1726 536 Si
1744 507 1767 536 z's
1783 504 1835 546 qui

960 555 1135 587 maumam
1149 564 1255 596 aquom
1269 555 1369 592 habet,
1385 552 1515 583 interdiu
1527 557 1579 590 per
1594 548 1780 589 constitutum
1795 545 1835 576 ud

961 599 1019 628 ami
1042 606 1134 627 ionem
1149 603 1258 634 tempus
1274 600 1342 635 usus
1352 594 1467 635 fuerit,
1483 589 1578 630 omisit
1593 590 1835 626 notizirmimjcr-

960 641 1084 670 vitutem
1095 662 1104 676 ‚
1128 648 1186 680 qua
1204 642 1271 677 ulus
1287 646 1343 667 non
1360 633 1410 677 est.
1444 634 1522 666 Idem
1539 631 1577 672 eft
1593 633 1624 662 in
1639 640 1667 661 eo
1683 631 1733 672 qui
1750 628 1835 660 certis

961 681 1037 712 horis
1054 679 1255 720 uquoedutium
1270 678 1392 716 hahens,
1415 676 1479 708 aliis
1494 675 1562 715 usus
1572 673 1671 712 suerit
1684 696 1693 709 ,
1710 680 1759 701 nec
1775 670 1837 700 ulla

958 727 1041 762 parte
1056 731 1155 752 eurum
1170 721 1317 752 horarum.
1350 719 1402 750 Sic
1419 717 1542 750 Paulus.
1568 714 1678 746 addam
1700 711 1837 742 Marcel-

963 765 1045 794 lum:
1071 772 1142 794 riam
1168 762 1241 793 huic
1267 762 1351 792 idem
1378 760 1521 791 videtur:
1545 758 1575 788 in
1603 755 1711 796 primis
1728 753 1749 784 fi
1765 753 1837 792 quis

963 803 1135 835 constituta
1150 811 1242 834 certo
1259 803 1359 833 modo
1376 800 1546 839 servitute,
1562 807 1598 829 ea
1614 804 1718 828 utatur
1735 794 1837 826 modo

965 846 1058 886 plane
1075 845 1149 875 alio.
1185 845 1274 884 quod
1291 843 1311 874 fi
1331 845 1373 874 ita
1400 850 1525 879 utatur,
1548 849 1582 871 ut
1600 839 1732 870 modum
1752 844 1840 876 egre·
1870 842 1872 844 ’

964 888 1066 918 diatur
1083 892 1224 917 tantum:
1241 893 1329 924 putat
1345 884 1536 921 Marcellus,
1552 881 1638 912 hunc
1654 887 1718 910 non
1735 877 1840 914 aliud,

963 927 1015 959 sed
1027 927 1096 967 plus
1112 925 1227 967 egisse:
1243 926 1384 965 ideoque
1398 934 1463 956 non
1474 923 1596 954 utendo
1612 931 1678 953 non
1693 919 1840 951 amittere

963 968 1169 1000 servitutem:
1186 966 1248 998 esse
1265 967 1351 998 enim
1369 966 1456 997 usum
1474 965 1645 1001 servante,
1662 960 1717 993 etii
1735 968 1841 1001 aggra-

964 1010 1089 1041 vaverit
1112 1008 1314 1040 servitutem:
1338 1006 1482 1038 sufficere
1506 1008 1600 1046 igitur
1617 1005 1681 1035 hoc
1699 1003 1730 1034 in
1747 1000 1841 1038 casu,

964 1061 1033 1083 rem
1048 1050 1090 1082 fic
1105 1049 1295 1090 temperari;
1312 1058 1351 1079 ne
1367 1050 1394 1079 ei
1410 1049 1626 1085 concedatur,
1643 1048 1678 1077 in
1690 1044 1843 1076 servitute

966 1093 1084 1124 habere
1099 1093 1187 1133 plus,
1204 1099 1298 1130 quam
1315 1089 1349 1121 fit
1365 1090 1500 1130 patrum.
1533 1087 1640 1119 Verba
1657 1085 1804 1117 Marcelli
1822 1082 1845 1114 ii

967 1135 1035 1174 quis
1053 1132 1252 1164 considerare
1270 1131 1359 1162 volet
1377 1154 1386 1169 ,
1415 1129 1545 1171 apposui
1561 1139 1602 1160 ex
1620 1129 1639 1159 l.
1659 1136 1705 1159 11.
1725 1126 1766 1157 D.
1783 1126 1844 1156 eod.

966 1177 1011 1207 ziz.
1038 1175 1068 1207 Is
1084 1175 1132 1205 cui
1145 1175 1196 1204 via
1210 1172 1257 1203 vel
1272 1171 1354 1203 acius
1369 1173 1537 1208 debebatur,
1549 1179 1583 1200 ut
1599 1169 1737 1200 vehiculi
1752 1174 1845 1198 certo

967 1226 1086 1258 genere
1102 1223 1246 1246 uteretur
1257 1237 1266 1252 ,
1282 1214 1337 1244 alio
1349 1222 1452 1255 genere
1466 1213 1565 1251 fuerat
1581 1219 1663 1243 utus:
1680 1211 1848 1244 videamus,

968 1268 1004 1289 ne
1019 1256 1351 1298 amiserizservitutem3
1366 1254 1402 1288 ἐξ
1413 1254 1471 1284 alia
1479 1251 1521 1291 fit
1536 1253 1598 1294 ejus
1614 1251 1736 1281 conditio
1748 1273 1755 1285 ,
1773 1250 1844 1290 quia

969 1299 1090 1340 amplius
1110 1299 1222 1336 oneris,
1245 1298 1333 1338 quam
1357 1296 1460 1333 licuit,
1481 1295 1612 1325 vexerit:
1635 1293 1783 1332 magisque
1800 1291 1845 1320 hic

966 1342 1034 1383 plus
1045 1364 1054 1379 ,
1069 1350 1156 1382 quam
1172 1339 1253 1370 aliud
1268 1336 1350 1379 egiffe
1366 1337 1524 1368 videatur:
1541 1333 1632 1373 fictili
1653 1334 1746 1373 (lego
1757 1355 1766 1369 ‚
1785 1331 1808 1361 S
1819 1332 1847 1361 l·

971 1384 1050 1420 euti,
1073 1383 1104 1414 id
1121 1381 1184 1420 est,
1199 1378 1291 1418 ficum*
1304 1378 1352 1419 fi)
1373 1378 1477 1410 latiore
1491 1378 1590 1407 itinere
1608 1376 1678 1415 usus
1693 1373 1775 1413 (ἦσθες
1793 1378 1847 1403 auc

965 1423 994 1464 fl
1013 1424 1102 1465 plura
1114 1423 1250 1465 jumenta
1266 1423 1374 1461 egerit,
1399 1426 1488 1461 quam
1505 1418 1606 1453 Μαίη
1630 1421 1681 1447 aut
1698 1424 1778 1456 aqna
1795 1416 1847 1444 cid-

972 1466 1118 1506 miscuerit
1134 1464 1232 1495 aliam.
1276 1463 1397 1504 Ideoque
1414 1461 1446 1491 in
1463 1461 1592 1490 omnibus
1607 1456 1668 1498 istis
1685 1454 1848 1498 quaestz‘oni-

972 1509 1025 1539 bus
1032 1507 1165 1547 servitus
1179 1504 1292 1545 quidem
1306 1512 1365 1532 non
1380 1502 1546 1532 amittitur.-
1567 1509 1624 1529 nou
1641 1505 1738 1529 aulem
1753 1505 1848 1527 concc-

973 1551 1055 1581 ditur
1063 1549 1149 1589 plus,
1171 1556 1260 1587 quam
1271 1543 1391 1586 patiam
1407 1541 1465 1584 est,
1487 1543 1519 1573 in
1527 1540 1673 1582 servitute
1689 1539 1800 1570 habere.

292 1706 298 1713 ‚
795 1657 823 1694 C
848 1668 870 1692 A
896 1667 915 1691 1²
939 1664 963 1689 u
988 1665 1011 1689 T
1068 1653 1114 1689 Χ.

175 1737 412 1795 Usunfiuc‘ium
429 1732 494 1780 tolli
510 1740 635 1791 ccffione
651 1742 683 1776 in
694 1741 766 1788 jure
776 1736 873 1784 sabla
891 1738 911 1771 a
919 1734 1113 1782 frustuario.
1147 1729 1189 1771 ὅ)
1203 1729 1345 1777 quando?
1371 1729 1443 1763 item
1458 1727 1493 1762 de
1508 1723 1748 1772 confilidcztione.

56 1851 306 1931 Revertamur
320 1850 358 1882 ad
374 1848 516 1880 Paulum.
540 1847 565 1878 is
581 1845 628 1876 lib.
643 1854 674 1886 3.
689 1843 819 1874 Seniani.
837 1840 883 1871 tit.
901 1842 931 1870 6.

139 1896 166 1937 §.
183 1899 231 1929 28.
255 1896 338 1925 inter
353 1891 468 1923 modos
483 1886 648 1920 amittendi
674 1882 861 1916 ususfructus
877 1883 934 1911 eti-

60 1949 110 1971 am
135 1936 228 1976 ponit
253 1935 285 1966 in
308 1934 375 1973 jure
399 1931 582 1963 ceffionem.
615 1928 644 1958 ὅ(
662 1926 690 1957 in
708 1925 737 1966 §.
755 1934 804 1965 32.
830 1922 934 1952 adfert

60 1978 255 2016 exemplum.
299 1975 337 2006 In
362 1974 444 2013 jure,
470 1970 634 2012 inquiens,
657 1966 770 2008 ceffione
786 1965 934 1995 amittitur

60 2018 265 2060 ususfrztt'tu's,
278 2017 387 2058 quocies
402 2015 512 2045 domino
522 2011 708 2052 proprietatis
722 2017 786 2038 eum
793 2004 934 2045 fructua-

60 2065 122 2095 rius
141 2060 252 2102 injure
270 2057 386 2097 cefferic.
418 2054 538 2093 Estque
556 2050 722 2092 perspicua
740 2049 806 2088 eius
823 2055 932 2092 exem-

59 2104 104 2145 pli
122 2102 215 2134 ratio.
245 2108 317 2131 nam
334 2098 448 2137 injure
467 2094 583 2131 ceffio,
604 2099 638 2122 ut
657 2091 721 2122 dixi
741 2099 770 2120 c.
791 2098 820 2119 2.
844 2087 933 2126 hujus

59 2145 151 2183 libri,
176 2142 221 2173 est
235 2141 314 2181 legis
332 2139 433 2176 attio,
449 2145 511 2178 qua
527 2134 687 2174 contingit
705 2132 934 2170 cujuscumque

62 2187 108 2219 rei
131 2193 195 2217 tam
218 2180 445 2222 incorporalis,
469 2176 569 2209 veluti
595 2172 789 2206 ususfructus
808 2193 819 2209 ,
841 2178 935 2209 quam

62 2225 257 2266 corporalis,
280 2231 317 2254 ut
339 2221 450 2257 fundi,
474 2227 527 2250 aut
550 2216 628 2248 servi
647 2214 806 2246 alienatio.
839 2210 937 2242 fiebat

63 2269 116 2300 illa
130 2268 188 2298 hac
203 2265 320 2297 forma.
336 2262 418 2303 apud
434 2260 608 2292 Praetorem
625 2257 655 2288 in
668 2257 737 2296 jure
753 2252 936 2285 vindicabat

64 2307 285 2345 ceffionarius,
308 2305 394 2335 suum
410 2302 472 2334 esse
488 2301 576 2341 quod
591 2299 618 2330 ei
637 2297 821 2328 cedebatur.
854 2293 936 2324 Prae-

65 2359 117 2383 tor
134 2348 251 2381 deinde
266 2345 398 2387 rogabat
413 2344 604 2378 cedentem,
616 2348 655 2370 an
672 2346 784 2369 contra
800 2334 937 2366 vindica-

63 2401 124 2424 ret.
147 2391 172 2422 is
187 2389 209 2421 fi
224 2394 372 2429 negaret,
389 2393 443 2416 aut
459 2390 600 2414 taceret:
617 2377 842 2421 pronuntiabat
858 2376 938 2408 Prae-

67 2442 118 2465 tor
131 2432 199 2464 haec
225 2428 375 2461 solemnia
400 2425 519 2462 verba,
543 2422 683 2464 Quando
702 2429 735 2451 tu
755 2427 860 2459 neque
876 2417 938 2453 ais,

66 2483 171 2514 neque
188 2481 303 2513 negas,
321 2478 382 2509 ego
400 2467 473 2498 huic
490 2463 633 2507 praei‘enti
650 2462 680 2494 &
698 2459 871 2492 vindicanti
888 2459 938 2488 ad-

69 2515 154 2546 dico.
178 2523 218 2545 eo
235 2512 329 2553 igitur
346 2511 479 2541 decreto
497 2516 570 2537 cum
586 2503 716 2535 cedenti
733 2511 830 2533 omne
845 2501 893 2540 jus
910 2508 939 2529 e-

69 2556 116 2596 jus
133 2555 297 2591 voluntate
315 2551 564 2591 abjudicaretur,
583 2546 734 2584 idemque
751 2541 939 2574 ceffionario

72 2597 290 2626 addiceretur:
307 2602 344 2623 an
362 2591 473 2630 mii-um
492 2596 578 2626 erat,
596 2584 823 2618 usumfructum
839 2582 940 2613 domi-

73 2642 117 2667 no
132 2636 332 2674 proprietatis
347 2631 545 2663 afr-actuario
562 2630 592 2660 in
609 2628 676 2668 jure
691 2626 825 2664 cess'um,
837 2623 940 2656 statim

74 2676 198 2708 amitti?
219 2674 272 2705 sed
287 2675 351 2709 hoc
367 2674 449 2704 clare
467 2671 589 2702 Paulus.

117 2717 223 2759 Quid,
245 2714 266 2746 fi
283 2722 436 2746 extraneo
453 2709 607 2751 cedatur?
630 2709 699 2742 filet
715 2708 826 2740 Paulus
844 2706 871 2736 d.
894 2706 940 2736 tic.

74 2763 103 2791 6.
120 2758 150 2800 §.
166 2767 215 2799 32·
240 2755 379 2795 ideoque
402 2753 469 2784 sunt
488 2754 539 2793 qui
556 2752 612 2784 fibi
633 2751 765 2791 aliisque
787 2746 941 2789 persuase-

73 2808 167 2837 runt,
190 2796 328 2829 ceffione
344 2802 495 2826 extraneo
513 2793 615 2831 facta,
639 2801 703 2823 non
721 2790 823 2822 amitti
841 2787 943 2819 usum-

74 2840 224 2875 fructum.
248 2837 310 2869 Sed
326 2835 347 2867 fi
362 2835 438 2866 mihi
452 2836 546 2865 liceat
562 2843 634 2865 meo
650 2835 696 2864 uti
712 2831 861 2872 ingenio:
879 2837 944 2860 uon

76 2882 225 2915 recedam
242 2888 258 2909 a
275 2877 432 2908 contraria
448 2874 602 2906 sententia
625 2873 868 2905 existimantium
880 2893 889 2908 ‚
915 2879 945 2899 u-

75 2921 282 2955 sumfructum
300 2919 394 2950 etiam
411 2917 474 2946 hoc
490 2915 560 2946 casu
575 2915 676 2946 amitti
695 2915 767 2953 Jure
786 2912 890 2944 Civili.
914 2920 948 2941 0-

76 2965 223 2999 stendere
241 2962 273 2992 id
290 2959 359 2997 alii,
380 2957 435 2989 suo
453 2958 587 2997 quisque
604 2955 722 2992 niodo,
745 2956 772 2986 ἃ
790 2955 873 2984 inter
889 2960 948 2982 cae·

77 3015 166 3039 teros
183 3003 312 3035 Marcus
329 2999 473 3031 Aurelius
489 2995 672 3033 Galvanus,
688 2995 731 3025 De
747 2992 905 3034 alitfr'utiu
920 3003 945 3023 c.

80 3053 131 3090 38.
156 3054 221 3078 non
246 3052 302 3074 ero
320 3049 424 3072 tamen
446 3037 614 3075 molestus,
637 3037 732 3067 etiam
751 3036 790 3066 de
806 3043 879 3066 meo
893 3034 948 3064 ali-

80 3088 167 3128 quod
182 3079 599 3122 sustinensJurisprudentiae
615 3077 740 3108 adferre
756 3077 874 3108 lumen.
890 3073 949 3106 Di-

80 3138 148 3161 cam
159 3128 272 3169 igimr,
283 3122 508 3156 usumfructum
523 3120 595 3160 jure
613 3118 706 3151 Civili
722 3118 824 3148 amitti
840 3115 948 3149 cesfio-

81 3179 122 3202 ne
139 3176 290 3201 extraneo
306 3165 405 3197 facta:
430 3163 483 3194 etsi
503 3171 567 3192 non
585 3161 668 3191 dicat
685 3159 808 3191 Paulus.
834 3167 898 3190 nou
915 3167 946 3188 e-

82 3211 147 3244 nim
166 3209 199 3242 id
213 3215 318 3250 negat.
348 3206 446 3246 magis
469 3205 508 3236 de
526 3212 566 3236 eo
584 3202 668 3235 filet:
691 3209 752 3233 uec
767 3206 899 3241 oportet
914 3199 945 3232 in

975 1835 1099 1876 scriptis
1109 1833 1267 1866 Veterum
1283 1840 1406 1864 temere
1422 1830 1489 1863 fieri
1505 1835 1724 1870 argumentum
1742 1837 1757 1858 a
1773 1830 1851 1859 coti-

976 1878 1159 1918 sequentia,
1182 1884 1236 1907 aut
1250 1885 1267 1905 a
1284 1873 1456 1905 contrario.
1487 1871 1548 1903 effe
1568 1871 1653 1901 enim
1672 1870 1827 1901 lubricum
1841 1891 1851 1908 ,

977 1919 1008 1951 &
1029 1919 1218 1960 plerumque
1241 1925 1330 1948 extra
1355 1914 1516 1954 scriptoris
1538 1919 1701 1949 mentem,
1725 1909 1852 1942 ostendi

977 1962 1009 1993 in
1035 1959 1118 2000 Julio
1136 1958 1228 1990 Paulo
1246 1968 1269 1988 c.
1290 1967 1318 1998 7.
1347 1966 1407 1987 nec
1429 1963 1534 1986 tamen
1561 1952 1720 1994 peccaffet
1737 1952 1852 1984 Paulus

976 2004 1003 2034 d.
1019 2001 1070 2032 loc.
1094 2002 1191 2031 etiam
1210 1999 1300 2039 hujus
1316 1997 1404 2028 casus
1419 1997 1554 2036 aliquam
1570 1994 1692 2025 faciens
1709 1994 1854 2024 admoni-

977 2045 1112 2074 tionem.
1138 2050 1249 2072 atrion
1267 2041 1389 2071 idcirco
1405 2040 1492 2078 quod
1510 2046 1574 2068 non
1592 2034 1690 2073 fecit,
1713 2034 1758 2066 illi
1774 2043 1851 2065 con-

978 2082 1138 2116 tradixisse
1152 2082 1253 2113 videri
1272 2081 1379 2112 debet.
1399 2078 1525 2120 quid,s1
1542 2078 1626 2109 enim
1642 2075 1854 2107 habuitfilen-

977 2126 1013 2158 tii
1028 2124 1150 2157 causam
1162 2147 1170 2162 ,
1187 2123 1274 2161 quod
1292 2121 1483 2161 supervacua
1501 2120 1662 2151 videretur
1679 2117 1851 2158 disputatio

979 2169 1022 2199 de
1037 2167 1137 2198 modo
1156 2164 1302 2196 ceffionis
1319 2172 1384 2202 quo
1401 2171 1498 2194 nemo
1513 2160 1550 2192 fit
1567 2159 1699 2191 usurus?
1722 2159 1782 2190 ain'
1799 2168 1854 2189 ve-

977 2208 1043 2241 ro‘?
1062 2207 1097 2239 sit
1122 2206 1164 2236 ita
1175 2229 1184 2245 ,
1208 2214 1242 2236 ut
1258 2205 1392 2236 domino
1408 2202 1611 2243 proprietatis
1626 2199 1855 2232 usumfructum

980 2259 1052 2281 cum
1069 2249 1194 2280 ratione
1209 2246 1302 2278 cedat
1319 2245 1530 2283 fructuarius3
1553 2243 1641 2283 cujus
1657 2242 1797 2276 interiit,
1822 2242 1855 2272 id

979 2290 1048 2322 fieri
1065 2299 1104 2321 ex
1122 2287 1211 2320 causa
1228 2287 1409 2319 donationis
1427 2293 1480 2317 aut
1499 2284 1693 2316 venditionis
1708 2291 1761 2314 aut
1780 2281 1858 2314 limi-

981 2332 1069 2364 liter:
1086 2340 1123 2362 an
1140 2339 1211 2361 eum
1225 2329 1319 2360 cedat
1330 2336 1503 2360 extraneo:
1518 2325 1596 2357 -nihil
1607 2324 1779 2356 effecturus
1789 2324 1856 2364 ejus

980 2372 1142 2414 respectu3
1158 2371 1187 2403 ἃ
1202 2371 1328 2402 interim
1345 2370 1509 2400 nociturus
1526 2367 1579 2398 sibi
1590 2390 1598 2404 ,
1610 2366 1766 2396 exstincto
1780 2374 1858 2406 prae-

980 2423 1029 2446 ter
1040 2413 1253 2446 intentionem
1265 2410 1448 2443 usufructu?
1467 2418 1531 2440 non
1549 2408 1644 2439 dices.
1660 2406 1856 2447 supervacuo

983 2456 1078 2497 igitur
1096 2454 1249 2486 sollicitus
1267 2454 1295 2484 d.
1305 2453 1355 2483 loc.
1371 2451 1408 2482 fit
1425 2451 1537 2482 Paulus
1554 2451 1637 2480 circa
1652 2449 1824 2481 ceffione'm
1839 2456 1858 2479 a

980 2494 1157 2529 ‘fructuario
1171 2495 1350 2526 faciendam
1370 2492 1440 2530 alii,
1456 2500 1550 2531 quam
1567 2491 1698 2521 domino
1715 2491 1859 2531 proprie-

984 2539 1075 2570 tatis:
1097 2546 1169 2568 cum
1194 2535 1366 2576 praeiertim
1388 2542 1484 2564 nemo
1507 2542 1544 2563 ea
1559 2531 1668 2563 usurus
1684 2530 1720 2563 fit
1736 2530 1859 2570 ‘sapiens

985 2581 1015 2611 dt
1029 2579 1059 2611 se
1075 2578 1225 2618 spectans.
1248 2575 1326 2608 Non
1346 2583 1484 2615 quaeram
1496 2574 1721 2606 circuitiones‘:
1738 2572 1858 2604 rectam

984 2620 1136 2663 ingr-effus
1150 2620 1233 2650 viam
1245 2641 1254 2656 ,
1270 2626 1307 2648 ac
1321 2618 1410 2647 bono
1427 2618 1526 2647 duce:
1544 2614 1598 2647 nisi
1610 2614 1754 2655 displicet
1766 2614 1859 2645 Pom·

983 2663 1110 2704 ponius.
1141 2669 1173 2692 at
1188 2661 1213 2690 is
1231 2660 1260 2690 in
1278 2659 1298 2689 l,
1313 2661 1365 2688 66.
1385 2655 1427 2688 D.
1448 2659 1480 2688 de
1501 2657 1565 2698 jure
1589 2657 1699 2687 dotium
1721 2655 1763 2687 fic
1787 2655 1860 2686 scri-

984 2706 1074 2736 bens.
1098 2703 1132 2734 Si
1149 2699 1336 2740 ususfructus
1348 2696 1438 2738 fundi
1450 2698 1532 2740 cujus
1541 2699 1743 2739 proprietatem
1757 2697 1860 2727 mulier

984 2754 1043 2777 non
1060 2745 1196 2780 babebat,
1208 2743 1285 2773 >dotis
1304 2742 1416 2772 nomine
1431 2741 1502 2771 mibi
1513 2750 1534 2771 a
1548 2740 1659 2771 domino
1676 2738 1858 2779 proprietatis

986 2788 1085 2818 detur.-
1108 2782 1264 2830 difficultas
1279 2784 1332 2814 erit
1343 2781 1404 2823 post
1418 2783 1575 2813 divortium
1589 2783 1666 2812 circa
1683 2781 1858 2811 reddendum

982 2828 1035 2869 jus
1053 2827 1185 2857 mulieri.-
1206 2826 1341 2866 quoniam
1356 2825 1505 2862 diximus,
1529 2821 1744 2863 usumfrustum
1761 2829 1778 2850 a
1794 2820 1859 2853 fru-

990 2868 1100 2899 ctuario
1117 2867 1176 2898 cedi
1193 2876 1250 2897 non
1260 2864 1351 2907 poffe,
1370 2863 1426 2903 mfi
1441 2866 1552 2896 domino
1564 2863 1766 2904 pi-oprietati13
1783 2859 1819 2894 &³
1828 2857 1858 2898 fi

990 2916 1125 2941 extraneo
1142 2909 1275 2947 cedatur,
1291 2908 1321 2938 id
1338 2905 1395 2947 ests,
1411 2907 1437 2937 ei
1454 2908 1505 2948 qui
1519 2908 1717 2947 proprietatem
1732 2911 1790 2931 non
1806 2901 1858 2932 ho-

992 2953 1054 2990 bet,
1071 2949 1144 2982 nihil
1167 2950 1204 2982 ad
1220 2958 1282 2980 eum
1299 2947 1439 2986 transire,
1455 2949 1509 2988 sed
1525 2949 1562 2978 ad
1578 2947 1723 2976 dominum
1734 2943 1862 2983 proprie-

990 2995 1059 3023 tatis
1074 2991 1251 3031 reversurum
1267 2989 1493 3029 usumsrufflum.
1519 2987 1649 3030 Quidam
1665 2994 1729 3023 ergo
1746 2984 1863 3014 remedii

991 3033 1047 3064 loco
1061 3032 1318 3077 refiepulaverunt
1332 3030 1573 3062 introducendum
1582 3049 1591 3065 ,
1601 3033 1634 3056 ut
1647 3025 1692 3056 vel
1702 3026 1769 3055 locet
1785 3024 1861 3056 hunc

991 3073 1331 3115 usumfruc'tummubieri
1346 3073 1488 3109 maritus,
1512 3068 1559 3099 vel
1574 3068 1682 3098 vendat
1694 3075 1810 3097 nummo
1827 3076 1861 3097 u·

991 3126 1043 3151 no.-
1065 3121 1099 3147 ut
1123 3115 1215 3156 ipsum
1239 3117 1352 3156 quidem
1369 3114 1422 3155 jus
1444 3114 1587 3143 remaneat
1601 3116 1685 3148 penes
1704 3109 1862 3140 maritum,-

983 3161 1124 3199 perceptio
1139 3167 1207 3188 vero
1218 3157 1376 3197 fruetuum
1391 3155 1428 3184 ad
1444 3152 1588 3183 mulierem
1599 3151 1761 3190 perveniat.
1784 3150 1862 3180 Sub-

984 3198 1066 3241 iecta
1084 3198 1204 3241 species
1224 3195 1426 3230 manifestum
1442 3192 1530 3226 dabit
1548 3192 1718 3232 Pomponii
1738 3191 1862 3261 ingtclle-

1796 3241 1858 3263 um.
