2036 3495
320 95 386 131 A„
413 95 506 130 ΜΒ,
533 88 664 129 xviii.
701 89 736 125 T
747 98 801 124 ir.
829 87 856 124 Ι.
884 88 935 124 De
950 87 1154 123 contrahenda
1172 90 1319 136 emptione
1341 89 1383 132 ἐπ’
1398 92 1434 128 de
1446 93 1567 140 pastis,
1594 93 1660 136 &a

74 186 140 218 &io
166 186 205 218 ad
230 185 261 217 id
288 185 374 225 quod
401 184 549 222 interest,
573 181 724 225 exemplo
751 180 882 212 afflonis
905 187 945 209 ex

75 236 205 268 empto:
230 228 259 258 in
280 236 340 266 qua
360 226 399 257 sic
421 225 604 257 observatur
628 231 661 253 re
677 221 795 253 evrCta:
820 231 891 267 cum
912 230 944 265 e-

72 269 155 300 vissa
176 278 208 300 re
224 275 421 309 permutata,
445 269 538 298 etiarn
557 264 656 296 danda
674 262 761 294 foret
779 263 944 293 condictio

72 312 116 341 ob
141 308 261 342 causam
286 309 349 340 dati
368 308 455 340 causa
474 317 536 339 non
556 306 693 345 sequuta.
735 304 800 335 Sed
816 302 942 349 nonest

69 351 131 382 ita:
156 359 266 382 contra
290 350 395 390 placet
422 347 609 392 Gordiano,
630 355 694 377 non
724 345 785 375 effe
804 353 941 390 emptio-

70 403 144 425 nem
168 393 198 424 &
224 393 463 429 venditionem,
487 389 537 420 sed
561 387 623 419 esse
651 395 939 426 permutationem,

71 433 242 474 emptionis
259 432 377 470 forma,
401 440 434 462 ut
453 430 587 468 dictum,
613 429 750 468 pretium
767 436 891 474 certum
909 426 939 459 &

70 474 303 516 pecuniarium,
340 472 543 504 desiderante.
599 474 640 514 iit
665 479 750 500 enim
781 469 883 500 evicta
907 477 940 514 re

69 524 265 558 permutata,
288 524 353 546 iion
377 514 478 545 minus
512 511 675 542 condictio
700 512 744 541 ob
776 520 842 555 rem
875 511 939 540 dati

69 557 195 589 obtinet
218 557 256 588 ad
280 556 342 586 dati
368 552 611 594 repetitionem,
636 561 730 592 quam
755 552 836 598 ³0¹9
861 560 937 597 prae-

68 597 192 638 scriptis
216 596 318 628 verbis
341 596 379 627 ad
401 595 432 627 id
460 595 547 635 quod
563 593 702 625 interest.
747 593 792 624 Sit
810 600 872 631 ita,
894 601 939 638 in-

69 647 155 680 tegra
183 637 423 680 permutationis
445 644 553 667 natura
568 658 578 674 ,
609 635 752 680 &mullo
776 634 869 674 pasto
893 643 938 664 in-

68 679 182 713 siaeta:
212 680 262 710 sed
284 680 314 710 in
338 677 573 717 praesentiarum
602 677 669 708 talis
695 685 759 720 non
783 675 838 706 est.
864 683 935 722 nam

68 723 139 755 data
155 721 255 752 venali
273 719 481 760 poffeffione,
504 719 533 750 ἀ
551 719 688 750 invicem
704 718 760 748 alia
778 716 938 757 poss'eflio-

66 773 107 795 ne
125 761 215 803 pretii
232 762 361 793 nomine
379 763 468 800 data,
493 761 630 791 creditur
648 761 728 790 inter
747 758 925 804 contrahen

67 812 115 835 tes
134 805 201 845 agi3
224 812 259 834 ut
279 802 470 844 permutatio
488 812 550 833 non
570 801 648 839 suis,
672 801 724 832 sed
741 808 938 848 emptionis,

65 847 183 886 regulis
210 844 391 876 aestimetur.
434 843 484 875 Sic
507 852 584 885 ergo
611 841 665 881 fit,
691 848 725 873 ut
748 840 890 872 sberaiae
907 850 938 885 in

64 886 230 927 proposito
260 895 322 917 non
356 887 447 917 detur
470 884 634 916 condietio
661 884 704 914 ob
729 882 848 927 cau-sam
874 883 940 928 dati

67 928 155 959 causa
178 937 241 959 non
263 927 411 968 sequuta:
437 926 487 957 sed
513 927 595 957 assio
620 924 806 966 praescriptis
832 924 938 971 verbis

67 970 105 1001 ad
130 969 160 1000 id
184 969 267 1009 quod
296 968 435 1000 interest.
484 966 665 999 Gordianus
697 966 736 997 [ic
766 973 936 1011 exprimit:

66 1009 240 1042 Therasam
264 1011 302 1041 ad
332 1010 513 1050 exemplum
538 1009 671 1040 aetionis
697 1017 736 1039 ex
753 1016 882 1048 empto,
906 1007 937 1037 id

68 1054 156 1092 quod
180 1051 244 1091 ejus
272 1051 399 1082 interest
423 1050 576 1091 consequi
598 1059 662 1082 non
686 1049 845 1095 immerito
864 1048 936 1078 dest

69 1095 188 1124 derare.
233 1092 318 1125 Vere
344 1092 373 1124 &
398 1093 567 1124 meditate:
599 1100 670 1136 nam
694 1090 835 1137 acii-ones
859 1098 936 1130 prae·

65 1134 190 1173 scriptis
211 1133 315 1165 verbis
333 1157 342 1172 ,
374 1135 550 1173 pendentes
573 1133 613 1164 ab
637 1140 933 1178 innoniinatiseon-

67 1176 237 1214 tratribus,
261 1185 372 1207 omnes
397 1175 508 1207 dantur
534 1175 571 1205 ad
595 1174 777 1220 exemplum
796 1173 937 1204 civilium

66 1217 247 1256 actionum,
279 1224 312 1247 ut
338 1218 456 1256 empti,
486 1216 633 1248 mandati.
689 1215 734 1246 lta
762 1224 791 1245 in
821 1213 937 1259 sumina

66 1266 157 1298 putat
174 1257 369 1295 Gordianus,
395 1258 414 1289 si
432 1259 550 1289 venalis
567 1256 665 1288 fuerit
681 1255 824 1296 poffcffio
837 1278 846 1294 ,
874 1264 933 1286 ani-

65 1308 152 1331 mum
171 1300 427 1330 contrabentium
446 1298 554 1336 fuisse,
574 1298 843 1337 permutationem
860 1305 936 1341 con-

65 1341 186 1382 fingere
207 1341 246 1371 ad
272 1341 440 1380 imaginem
464 1338 637 1380 emptionis
661 1339 871 1369 venditionis:
903 1347 934 1369 in

65 1390 126 1420 qua
143 1381 305 1412 condiCtio
329 1382 371 1412 ob
393 1379 514 1412 causam
532 1381 594 1412 dati
614 1379 701 1411 causa
719 1389 784 1411 non
804 1378 934 1425 sequuta

65 1422 180 1455 cessat:
203 1422 281 1454 ficut
304 1421 399 1454 cessat
423 1421 619 1462 poenitentia.
650 1429 681 1451 at
705 1420 723 1452 ii
748 1430 812 1452 non
837 1420 934 1451 fuerit

65 1465 186 1494 venalis
211 1463 383 1503 poss'effi03
413 1473 476 1495 non
510 1464 609 1494 videri
641 1463 867 1494 contrahentes
894 1464 934 1493 de

65 1503 264 1536 informanda
288 1505 522 1544 permutatione
546 1503 713 1544 cogitasse:
745 1505 882 1544 ideoque
905 1513 934 1534 e-

67 1545 150 1576 vieta
168 1545 372 1584 possessione,
397 1546 494 1576 licere
511 1543 784 1589 Thei·asae,·quafi
808 1546 933 1586 integro

68 1586 134 1626 jure
160 1586 399 1626 permutationis
415 1609 425 1625 ,
458 1594 553 1626 prout
579 1585 734 1626 elegerit,
765 1595 858 1626 agere
882 1587 934 1618 vel

69 1626 195 1657 actione
221 1625 407 1666 praescriptis
432 1627 551 1664 verbis,
577 1627 626 1658 vel
657 1627 861 1659 condistione
891 1629 934 1659 ob

69 1665 189 1699 causam
207 1668 270 1698 dati
292 1668 379 1698 causa
403 1677 467 1699 non
485 1668 621 1709 sequuta.

108 1707 260 1747 Ostendi,
283 1709 368 1749 quod
384 1708 414 1740 in
427 1711 591 1750 emptione
606 1710 791 1743 venditione
808 1721 856 1744 res
875 1720 933 1751 pro

67 1759 102 1782 re
127 1749 192 1781 dari
217 1750 335 1790 nequit.
382 1748 409 1781 E
436 1749 559 1782 diverso
585 1754 714 1792 quaeris:
739 1762 776 1784 an
803 1754 934 1792 pecunia

67 1792 159 1829 data,
184 1799 216 1822 ut
240 1801 289 1822 res
318 1793 433 1830 detur,
457 1792 648 1833 permutatio
668 1793 767 1825 videri
785 1794 891 1834 poffit:
913 1794 934 1826 fi

67 1833 197 1873 quidem
224 1834 358 1872 pecunia
385 1842 443 1873 pio
473 1843 526 1865 cor
552 1844 608 1865 ore
633 1834 783 1867 habeatur
802 1836 817 1867 ἶ)
851 1835 933 1867 Mihi

66 1883 133 1906 non
157 1874 281 1915 placet,
306 1875 359 1905 etii
384 1883 496 1914 putent
558 1876 699 1908 oetiffimi
723 1876 933 1918 Interpretes,

67 1923 204 1956 propter
228 1914 388 1956 sequentia
414 1915 494 1948 Celsi
524 1917 619 1948 verba
645 1927 683 1949 ex
708 1918 726 1949 l.
749 1919 802 1949 ult.
826 1920 872 1950 l).
901 1921 934 1950 de

67 1955 189 1986 condiet.
210 1960 286 1993 caus.
312 1958 371 1987 dot.
398 1958 474 1997 causss
498 1967 554 1989 non
571 1962 690 2000 sequut.
733 1959 811 1990 Dedi
825 1961 878 1991 tibi
888 1967 922 2001 pe

66 1997 203 2035 cuniam,
228 2003 260 2028 ut
277 1998 348 2028 mibi
373 1998 505 2030 Stichum
528 2001 628 2030 clares:
650 2006 749 2031 utrum
772 2003 801 2032 ici
818 2010 930 2033 contra-

69 2036 132 2068 ᾶιις
155 2047 246 2079 geniis
265 2045 319 2079 pro
328 2041 457 2078 portione
470 2042 617 2080 emptionis
634 2041 671 2075 δ’
687 2044 858 2073 venditionis
877 2042 933 2083 esi:

67 2088 108 2110 an
124 2079 205 2110 nulla
230 2079 276 2110 hic
301 2079 362 2111 tilia
383 2081 516 2122 obligatio
532 2105 541 2120 ,
564 2092 652 2123 quam
676 2085 707 2114 ob
724 2094 781 2114 rem
798 2086 879 2123 dati,
903 2095 934 2115 re

65 2129 124 2150 non
132 2120 285 2161 sequuta?
308 2123 338 2151 in
354 2124 428 2162 quod
438 2123 593 2163 proclivior
601 2128 680 2164 suin.
726 2125 787 2156 Sed
804 2135 932 2157 vereor:

64 2170 107 2192 ne
125 2169 294 2201 corruptus
311 2161 347 2193 fit
365 2162 490 2202 Celsus,
516 2164 546 2196 ὃ(
564 2164 606 2197 fic
625 2165 852 2200 restituendus:
877 2167 932 2198 De-

67 2203 98 2233 di
115 2203 166 2232 tibi
177 2205 358 2244 peregrinam
369 2207 532 2244 pecuniam.
576 2206 627 2237 Sic
650 2209 817 2239 emendavi
836 2209 933 2249 olim3

67 2244 96 2273 ἃ
121 2243 239 2274 sensum
269 2244 477 2276 demonstravi
505 2245 553 2276 lib.
577 2257 606 2285 4.
634 2247 828 2280 Probabiliunz
857 2261 880 2280 c.
903 2261 933 2289 4.

66 2283 280 2323 Sequentibus
297 2295 427 2326 quoque
444 2286 526 2318 Celsi
545 2288 668 2327 verbis,
695 2288 805 2320 Utrum
823 2292 853 2321 id
870 2301 934 2322 corz-

66 2324 177 2356 trtiffiius
199 2335 292 2367 genus
313 2333 365 2367 pro
385 2330 513 2368 portione
536 2331 681 2370 emptionis
705 2329 741 2365 δ’
761 2333 935 2363 venditionis

64 2365 120 2407 est,
145 2366 214 2398 sane
239 2367 397 2407 obscuris,
420 2378 459 2400 ne
483 2371 599 2402 diutius
622 2369 825 2403 offenderent
843 2397 851 2410 ,
889 2375 920 2405 lu

65 2417 135 2439 cem
153 2407 226 2439 dedi
248 2409 295 2439 lib.
317 2418 342 2440 i.
362 2409 481 2445 Observ.
500 2421 524 2441 c.
545 2420 590 2451 ¹7·
643 2412 721 2444 illud
747 2413 872 2453 nescio,
896 2425 933 2447 an

67 2449 195 2488 addam,
219 2451 304 2490 quod
332 2451 434 2489 pretio
459 2451 489 2483 in
508 2451 641 2493 ingr-effu
658 2456 839 2487 contractos
857 2465 931 2487 con-

68 2488 177 2520 stituto
200 2492 230 2521 in
256 2495 391 2531 pecunia
416 2502 602 2533 numerata,
626 2494 656 2526 Gt
680 2504 739 2535 pro
762 2506 798 2527 ea
819 2499 933 2529 deinde

67 2531 227 2562 venditori
252 2533 461 2565 consentienti
486 2544 519 2566 re
542 2536 572 2566 in
598 2536 733 2568 solutum
758 2538 829 2569 data
847 2562 856 2577 ,
890 2540 931 2570 nil

66 2571 228 2610 impedit,
264 2582 328 2612 quo
352 2574 453 2607 minus
477 2575 575 2608 salvus
605 2586 729 2609 maneat
759 2581 931 2619 emption.s

69 2611 256 2643 contradus.
295 2614 356 2645 imo
380 2615 420 2647 fic
438 2618 562 2650 cuidam
587 2617 734 2650 Domitio
759 2621 932 2653 rescribunt

65 2651 290 2685 Diocletianus
313 2655 342 2685 ἃ
364 2656 576 2690 Maximianus
599 2660 617 2692 l.
636 2670 665 2697 9.
694 2661 723 2691 C.
748 2663 782 2692 de
809 2666 929 2702 rescind.

65 2696 150 2724 vend.
194 2694 291 2731 Ρνιῑῑίὶι
312 2699 397 2735 causa
418 2708 475 2730 nort
488 2703 612 2740 pecunia
629 2708 799 2742 numerata,
814 2706 866 2742 sed
876 2712 929 2744 pro

65 2744 98 2765 ea
112 2736 256 2775 pecoribus
270 2737 437 2775 insolutum
452 2742 635 2779 consentienti
651 2745 744 2781 cleiis,
768 2746 931 2776 contraditus

67 2785 124 2806 non
141 2775 322 2823 constituitur
339 2779 449 2810 irritus.
474 2779 624 2822 Optime:
643 2794 713 2816 nam
731 2787 929 2826 emptionem

64 2826 130 2848 non
158 2826 299 2856 pecuniae
322 2821 539 2854 numeratione
562 2826 740 2858 censemus:
778 2830 828 2858 led
853 2838 915 2859 con

64 2859 220 2889 ventione
245 2860 284 2890 de
310 2869 346 2890 ea
369 2866 568 2896 numeranda.
599 2870 866 2906 quemadmodum
887 2869 918 2900 so

65 2901 166 2932 iemus
185 2900 404 2933 contractuum
423 2902 541 2935 formas
563 2908 659 2948 magis
677 2919 715 2940 ex
740 2920 778 2945 eo
797 2912 883 2949 quod
901 2913 930 2942 in

65 2940 289 2972 contrahendo
320 2944 437 2981 placuit
461 2945 499 2975 ab
527 2945 641 2986 initio,
679 2960 770 2990 quam
804 2962 843 2983 ex
869 2953 931 2982 hoc

64 2983 154 3023 quod
171 2982 280 3022 postea
303 2984 501 3023 insequutum
520 2987 582 3028 est,
606 2989 796 3033 distinguere
822 2993 842 3024 1.
861 3003 885 3024 i.
904 2993 930 3034 §-

65 3033 113 3065 13.
138 3022 181 3053 D.
198 3023 326 3064 Depofiti
343 3026 361 3055 l.
381 3031 409 3060 8.
426 3026 466 3057 D.
485 3029 639 3062 Mandaei.

104 3064 157 3096 Ne
183 3064 247 3095 hoc
274 3067 401 3105 quidem
423 3068 509 3099 silere
533 3080 583 3101 me
599 3072 650 3103 hic
667 3083 818 3114 oportet:
842 3077 931 3116 quod

64 3114 102 3137 ut
117 3107 289 3145 emptionis
307 3108 440 3148 pretium
460 3112 603 3143 consistat
621 3115 651 3145 in
670 3117 804 3154 pecunia
823 3126 929 3148 nume-

61 3156 147 3185 rata,
170 3155 273 3179 tamen
293 3150 436 3189 pecuniae
463 3160 631 3185 numeratae
657 3155 762 3195 potest
775 3160 930 3190 accedere

63 3190 239 3263 ςοᾶχνςηῑῗι)
263 3191 309 3223 rei
333 3199 386 3224 aut
411 3191 506 3234 satti3
536 3195 567 3228 &
593 3197 828 3239 consequenter
849 3199 930 3233 actio

126 3239 179 3262 om.
239 3255 245 3264 .

1803 109 1872 158 εστ

989 187 1030 209 ex
1055 179 1188 211 vendito
1212 190 1302 221 aeque
1327 183 1364 214 ad
1387 183 1451 223 ejus
1466 191 1562 226 atque
1579 187 1617 217 ad
1636 187 1729 228 pretii
1746 190 1870 229 praeiia·

988 221 1109 251 tionem
1134 231 1339 261 competere:
1366 234 1441 256 cum
1467 228 1495 257 ὅ(
1518 238 1565 259 res
1588 228 1618 259 ἃ.
1644 229 1762 261 factum
1781 230 1867 271 quali

987 269 1058 300 pai-s
1086 271 1179 301 pretii
1215 265 1384 298 habeatur:
1416 270 1583 308 postquam
1612 271 1749 310 placuit,
1776 273 1867 311 pacta

987 311 1150 334 conventa
1176 313 1205 334 in
1232 307 1411 338 continenti
1440 309 1532 340 bonae
1550 311 1624 343 fidei
1644 314 1864 345 contractibus

984 343 1103 382 adjecta
1120 367 1129 381 ‚
1163 346 1200 375 iis
1226 346 1393 378 contineri.
1449 350 1510 382 Sed
1537 353 1601 384 boc
1625 363 1755 395 apparet
1780 365 1821 386 ex
1843 356 1864 386 l-

984 391 1033 421 79.
1047 384 1096 454 ID.
1113 385 1141 416 h.
1158 391 1181 418 t.
1200 386 1217 416 l.
1233 390 1262 417 ό.
1282 387 1311 426 §.
1332 397 1357 418 1.
1377 389 1396 419 l.
1416 399 1466 422 21.
1492 394 1521 434 §.
1539 404 1567 434 4.
1592 396 1611 427 l.
1631 402 1681 430 28.
1699 396 1741 427 Ι).
1756 399 1789 428 de
1802 396 1863 431 ιιὲἶ,

982 432 1068 464 emp.

1027 463 1119 496 Ordo
1144 477 1239 507 quem
1264 468 1342 500 mihi
1371 475 1547 513 proposui,
1582 488 1634 510 rne
1662 480 1795 513 deduxit
1821 480 1863 513 ad

983 515 1123 538 mercem
1148 518 1206 548 pro
1229 519 1290 549 qua
1308 515 1446 550 pretium
1466 517 1684 552 constituitur.-
1711 532 1863 562 emptore

984 557 1048 579 non
1075 558 1173 589 inagis
1197 560 1332 591 agente,
1363 564 1398 585 ut
1421 558 1588 596 pecuniam
1610 562 1732 602 jactem
1764 574 1862 604 quain

983 592 1172 636 venditore,
1198 601 1231 621 ut
1257 597 1368 632 perdat
1391 606 1541 631 mercem.
1566 604 1617 632 led
1643 612 1776 644 uterque
1805 609 1863 637 de-

984 630 1094 676 stinat,
1119 632 1171 663 ilbi
1196 635 1362 667 conlulere
1387 641 1500 671 mercis
1519 643 1547 673 ἃ
1572 647 1715 683 pecunia:
1733 657 1862 685 permu-

985 679 1118 718 tatione.
1146 677 1279 713 proinde
1298 686 1361 709 iion
1380 681 1485 719 potest
1503 693 1625 723 emptio
1647 689 1794 718 venditio
1812 691 1862 720 in-

986 714 1083 759 telligi
1108 713 1169 760 sine
1184 726 1227 762 ⁸re
1253 726 1322 756 quae
1347 723 1452 753 veniat
1467 725 1485 753 i.
1506 730 1534 759 8.
1551 727 1578 756 b.
1595 732 1616 756 t.
1639 727 1667 758 ὅ(
1690 727 1711 759 fi
1729 730 1863 761 consen-

983 754 1048 785 sum
1067 756 1163 786 ruerit
1182 766 1211 788 in
1230 767 1367 801 corpus,
1391 767 1477 803 quod
1493 775 1567 798 ante
1589 770 1808 802 venditionem
1826 775 1861 804 in

983 805 1086 827 rerum
1116 806 1222 842 natura
1250 800 1311 832 ess'e
1337 804 1481 845 desierit,
1515 809 1619 849 placet
1652 810 1768 850 Paulo,
1793 814 1862 843 nul-

982 838 1043 868 lam
1068 847 1264 877 emptionem
1293 843 1354 874 effe
1377 846 1396 876 i.
1428 857 1470 888 15.
1499 854 1524 880 cl.
1546 857 1565 881 t.
1595 851 1682 883 Pone
1708 863 1749 885 ex
1772 854 1860 894 l.57.

981 882 1039 909 eod.
1056 880 1183 911 domum
1210 884 1291 921 cmi,
1318 888 1513 922 combustam
1538 901 1612 923 ante
1635 895 1860 928 venditionem

982 919 1158 960 perfectam
1176 945 1185 959 ,
1222 932 1296 955 cum
1323 936 1383 967 ego
1419 930 1448 961 ἂ
1481 935 1631 965 venditor
1658 936 1860 968 combustam

981 971 1215 1008 ignpraicm-us:
1239 967 1316 997 dicit
1334 969 1465 1010 Paulus,
1492 974 1567 1005 nihil
1585 976 1719 1008 veniss‘e:
1742 979 1773 1009 id
1790 977 1858 1017 est,

982 1002 1060 1049 nihii
1087 1004 1177 1035 iuisse
1202 1009 1290 1053 quod
1318 1013 1536 1053 venderetur,
1568 1020 1858 1057 venditionemque

982 1048 1043 1075 line
1058 1054 1089 1075 re
1109 1054 1179 1085 quae
1199 1057 1324 1089 veniat,
1350 1062 1413 1084 non
1431 1056 1600 1090 consistere
1656 1061 1752 1101 Atqui
1772 1071 1859 1100 area,

980 1094 1049 1125 quae
1076 1085 1120 1117 est
1144 1097 1300 1137 praeCipua
1324 1094 1437 1128 domus
1462 1107 1548 1138 pars,
1580 1102 1688 1132 mansit
1712 1103 1782 1143 post
1808 1104 1860 1134 in—

980 1129 1139 1159 cendium.
1186 1129 1280 1172 Quali
1306 1144 1432 1175 emptor
1463 1138 1577 1173 domus
1605 1153 1707 1175 aream
1733 1145 1857 1185 cogita·

982 1177 1042 1207 rit,
1067 1179 1129 1200 non
1155 1171 1284 1220 domum
1310 1186 1389 1208 areae
1414 1178 1618 1220 impolitam:
1651 1186 1700 1216 sed
1727 1195 1757 1216 ut
1784 1196 1857 1217 area

982 1211 1095 1241 domus
1120 1221 1208 1251 pars,
1240 1223 1335 1249 etiarn
1363 1224 1520 1261 praecipua
1546 1224 1643 1256 fuerit
1661 1250 1669 1263 ,
1702 1228 1855 1266 quamdiu.

980 1251 1144 1283 constabat
1162 1256 1293 1288 domus:
1319 1267 1465 1301 tempore
1491 1266 1686 1298 venditionis
1706 1278 1767 1300 non
1786 1278 1855 1301 erat

980 1302 1049 1333 pars
1073 1295 1187 1340 domus
1205 1307 1272 1337 quae
1290 1308 1357 1332 turn
1376 1303 1460 1334 nulla
1477 1315 1552 1337 erat.
1596 1306 1672 1339 Non
1691 1309 1784 1350 igitur
1804 1321 1856 1342 va·

981 1336 1023 1365 let
1046 1340 1193 1380 ⁴venditio
1217 1341 1332 1373 domus
1355 1352 1429 1375 ante
1452 1348 1647 1388 combustae,
1673 1351 1743 1389 quia
1775 1351 1854 1384 n'hil

979 1385 1078 1422 venit.
1103 1381 1260 1426 utique,fi
1278 1385 1441 1416 combusta
1461 1387 1497 1419 fit·
1515 1390 1628 1421 domus
1647 1399 1725 1423 tota.
1750 1395 1855 1433 quod,

978 1418 998 1448 [i
1023 1426 1091 1457 pars
1117 1422 1252 1453 mansit:
1283 1426 1326 1455 ait
1350 1426 1461 1460 Paulus
1478 1452 1487 1467 ,
1519 1433 1653 1464 inultum
1684 1433 1854 1475 interesse,

979 1468 1092 1498 quanta
1119 1471 1188 1500 pars
1212 1473 1404 1503 permaneat.
1428 1479 1499 1501 narn
1519 1471 1538 1502 fi
1563 1474 1689 1512 quidem
1714 1477 1854 1517 amplior

979 1510 1047 1540 pars
1073 1503 1181 1534 exusta
1203 1506 1266 1545 est3
1290 1509 1382 1547 (quia
1405 1512 1557 1552 pleraque
1582 1516 1700 1555 majore
1721 1520 1856 1551 censen·-

978 1550 1028 1572 tui-
1046 1547 1152 1585 parte)
1169 1555 1348 1587 emptorem
1370 1561 1432 1582 non
1451 1556 1624 1594 compelli,
1649 1559 1853 1596 emptionem

978 1586 1151 1624 perlicere:
1175 1598 1287 1635 contra
1311 1595 1518 1631 repetiturum
1540 1599 1626 1636 quod
1645 1597 1782 1631 solverit.
1809 1601 1857 1635 fin.

980 1635 1058 1655 vero
1087 1628 1136 1658 vel
1162 1631 1289 1662 dimidia
1314 1642 1403 1672 pars,
1430 1637 1479 1667 vel
1498 1640 1619 1677 minor,
1644 1650 1736 1679 quam
1761 1643 1855 1675 ‹iimi-

978 1668 1178 1713 dla,·exuiia
1205 1671 1319 1713 fuei·it;
1346 1676 1411 1717 jam
1436 1677 1598 1710 subfissere
1631 1683 1854 1724 emptionem,

978 1711 1060 1755 quali
1088 1710 1190 1758 exstet
1216 1716 1346 1754 domus,
1372 1718 1457 1757 cujus
1484 1729 1553 1760 pars
1572 1722 1698 1753 dimidia
1717 1734 1769 1756 aut
1787 1735 1855 1757 ma-

974 1760 1024 1789 Jor
1041 1751 1139 1783 exstat
1152 1765 1161 1793 3
1173 1757 1313 1796 ideoque
1329 1760 1552 1794 coatCtandum
1572 1763 1633 1794 ess'e
1651 1774 1853 1807 emptorem,

979 1800 1175 1830 emptionem
1194 1799 1385 1839 adimplere,
1412 1803 1620 1835 aestimatione
1635 1807 1690 1837 viri
1713 1808 1788 1839 boni
1805 1819 1855 1840 ai·-

979 1833 1094 1865 bitratu
1120 1835 1245 1870 habita:
1282 1849 1315 1871 ut
1340 1845 1427 1881 quod
1454 1854 1495 1876 ex
1521 1847 1624 1885 pretio
1650 1857 1782 1888 propter
1806 1846 1857 1882 in'-

978 1878 1127 1908 cendium
1152 1880 1337 1913 decrescere
1361 1884 1456 1915 fuerit
1482 1887 1666 1927 inventum,
1698 1891 1737 1921 ab
1763 1891 1854 1932 hujus

979 1916 1178 1956 praestatione
1208 1922 1366 1955 liberetur.
1411 1924 1492 1958 Haec
1514 1938 1553 1959 ex
1574 1940 1650 1960 vero
1670 1930 1782 1963 Paulus
1805 1942 1854 1973 pr.

976 1964 1003 1988 a.
1022 1959 1041 1989 i.
1060 1970 1109 2000 57.
1135 1971 1164 1993 at
1186 1973 1254 2004 quae
1277 1965 1306 1995 in
1330 1965 1357 2007 §.
1381 1976 1405 1997 1.
1425 1967 1460 2002 ἐξ)
1481 1978 1556 2011 seqq.
1581 1970 1673 2002 nobis
1693 1972 1747 2003 sub
1767 1974 1855 2007 Pauli

977 2009 1106 2032 nomine
1137 2005 1374 2051 obtruduntur,
1406 2008 1478 2040 falsa
1504 2021 1599 2052 atque
1622 2014 1855 2048 inextricabilia.

976 2041 1055 2086 elie,
1079 2054 1094 2073 a
1112 2053 1317 2086 quocumque
1335 2050 1450 2089 icripta
1467 2050 1543 2091 sint,
1565 2055 1774 2086 demonstravi
1801 2058 1856 2089 lib.

969 2083 1048 2124 sing.
1075 2085 1119 2114 lie
1129 2088 1219 2126 form.
1238 2091 1345 2120 emend.
1363 2091 1416 2122 dol.
1434 2094 1500 2125 nial.
1517 2104 1540 2124 c.
1563 2104 1614 2126 iti.
1640 2098 1790 2134 idemque
1806 2099 1855 2138 ju-

977 2126 1079 2156 ditavi
1098 2128 1137 2158 de
1162 2129 1227 2168 liis,
1252 2140 1321 2171 quae
1347 2132 1464 2165 ibidem
1490 2135 1557 2166 sunt
1581 2136 1715 2177 i‘ubJ‘etta
1740 2149 1779 2170 ex
1799 2140 1856 2172 Pa.-

978 2175 1107 2213 piniano
1126 2169 1146 2201 l.
1161 2176 1212 2210 58.
1260 2172 1419 2206 Caeterum
1438 2184 1507 2215 quae
1529 2187 1569 2208 ex
1593 2178 1690 2210 Paulo
1715 2178 1852 2221 tradidi,

978 2209 1038 2239 illis
1057 2209 1181 2242 obstare
1201 2214 1341 2245 creditur
1358 2215 1421 2247 hoc
1440 2216 1595 2249 Marciani
1614 2220 1632 2250 l.
1648 2230 1698 2259 44.
1720 2223 1765 2252 J).
1786 2223 1812 2253 b.
1827 2229 1854 2255 t.

979 2250 1012 2279 Si
1028 2259 1094 2280 auos
1113 2255 1175 2293 quis
1189 2260 1289 2293 servos
1312 2259 1410 2287 emerit
1428 2260 1541 2297 pariter
1555 2270 1611 2290 tino
1622 2264 1714 2301 pretio
1730 2273 1853 2304 quorum

977 2292 1050 2321 otier
1078 2301 1143 2323 unte
1166 2298 1358 2328 venditionem
1381 2307 1509 2330 mortuus
1533 2299 1587 2339 esi.
1612 2313 1702 2344 neque
1724 2305 1754 2335 in
1778 2307 1852 2337 vivo

978 2330 1086 2371 constat
1103 2339 1213 2375 emptio.
1259 2337 1320 2369 Sed
1345 2349 1408 2370 non
1435 2340 1554 2373 obstat:
1578 2343 1674 2375 refert
1691 2347 1794 2385 enirn,
1819 2356 1855 2379 u-

979 2381 1071 2419 trum¹
1087 2379 1216 2408 vendita
1237 2378 1272 2409 fit
1295 2390 1342 2410 res
1363 2390 1421 2412 una
1440 2382 1527 2422 cujus
1549 2393 1620 2424 pars
1640 2386 1786 2427 perierit;
1810 2398 1854 2422 an

979 2418 1116 2446 venditae
1144 2418 1296 2458 [intente
1321 2430 1451 2460 quarum
1471 2425 1567 2456 altera
1590 2436 1653 2458 non
1678 2429 1851 2462 exstiterit.

979 2465 1050 2487 narn
1074 2467 1105 2488 ut
1137 2462 1226 2491 unius
1252 2462 1293 2492 rei
1320 2465 1455 2501 pretium
1482 2466 1599 2506 liquet,
1624 2468 1664 2500 fle
1686 2469 1750 2509 ejus
1779 2481 1852 2512 pars

979 2507 1042 2528 non
1067 2499 1112 2529 cst
1138 2500 1274 2533 difficilis
1299 2503 1460 2536 astimatu.
1487 2516 1517 2537 at
1544 2518 1581 2540 ex
1607 2510 1727 2542 duobus
1755 2512 1851 2546 servis

978 2548 1043 2569 uno
1070 2549 1213 2577 mortuo,
1237 2553 1300 2574 non
1321 2546 1364 2576 est
1389 2545 1490 2580 facilis
1514 2549 1638 2582 alterius
1660 2551 1848 2594 aestimatio,

979 2588 1094 2625 utpote
1117 2585 1260 2622 pendens
1285 2586 1323 2616 ab
1347 2587 1518 2620 affeftione
1536 2592 1698 2632 utriusque
1721 2605 1851 2626 contra-

977 2622 1138 2662 hentium3
1164 2635 1223 2665 qua
1242 2627 1344 2667 potest
1362 2629 1447 2668 fieri,
1472 2639 1504 2661 ut
1522 2633 1600 2664 alter
1617 2635 1656 2665 ab
1680 2646 1848 2675 emptore,

974 2664 1052 2709 alter
1079 2675 1094 2694 a
1119 2668 1304 2707 venditore,
1330 2670 1426 2709 pluris
1450 2672 1626 2706 aestimetur.
1651 2675 1691 2707 sie
1711 2687 1779 2708 cum
1805 2679 1848 2707 de

974 2705 1182 2738 aestimatione
1201 2719 1265 2741 non
1283 2714 1454 2743 conveniat
1475 2715 1558 2746 iiiter
1574 2725 1759 2757 utrumque:
1783 2727 1848 2748 rna-

974 2747 1020 2786 gis
1049 2749 1192 2786 placuit,
1221 2752 1416 2790 emptionem
1443 2764 1574 2796 propter
1599 2767 1754 2789 mortuum
1783 2758 1847 2789 css‘e

976 2789 1111 2826 nullam,
1138 2799 1230 2829 quam
1257 2795 1360 2825 valere
1385 2804 1514 2835 propter
1536 2798 1740 2838 superstitem.
1788 2799 1848 2830 Di·

975 2838 1047 2866 ces,
1074 2831 1152 2868 path
1171 2832 1412 2875 obscuritatem,
1437 2837 1454 2868 {i
1476 2848 1545 2878 quae
1564 2850 1591 2870 in
1609 2849 1772 2878 emptione
1790 2841 1848 2872 de·

976 2871 1206 2912 prehendatur,
1239 2877 1395 2908 venditori
1423 2889 1562 2916 nocere3
1596 2881 1623 2910 <St
1649 2882 1687 2909 ita
1716 2881 1846 2914 i’aulum

976 2912 1117 2943 arbitrari
1147 2915 1166 2945 l.
1185 2925 1233 2947 21.
1268 2917 1308 2948 D.
1327 2919 1354 2949 h.
1378 2927 1398 2950 t.
1426 2921 1519 2951 vei-ba
1539 2921 1640 2951 Pauli:
1667 2921 1758 2951 Labeo
1773 2925 1846 2959 scri-

973 2953 1048 2993 psit,
1073 2955 1272 2991 obscuritatem
1285 2959 1366 2998 posti
1382 2971 1479 2991 nocere
1492 2963 1585 3000 potius
1603 2963 1699 2991 debere
1712 2965 1844 2995 vendito-

974 3004 1017 3031 ri,
1041 2997 1134 3036 quiid
1152 2999 1275 3037 dixerit,
1299 3011 1384 3042 quarn
1402 3005 1532 3042 emptori:
1558 3004 1628 3042 quia
1643 3005 1738 3042 potuit
1754 3015 1783 3034 re
1799 3007 1847 3037 in-

975 3042 1057 3077 tegra
1077 3040 1203 3077 apertius
1222 3041 1307 3082 loqui.
1351 3043 1411 3073 Sed
1430 3051 1576 3082 apparet,
1600 3044 1729 3075 1²³U¹Um
1750 3056 1847 3087 agere

976 3079 1016 3108 de
1032 3079 1235 3119 ambiguitate
1256 3084 1443 3120 verborum,
1467 3082 1485 3113 fi
1516 3092 1586 3123 quae
1608 3084 1646 3114 ab
1666 3087 1757 3118 initio
1774 3088 1845 3120 fue-

974 3119 1015 3150 rit
1030 3120 1059 3150 in
1077 3121 1187 3161 pacto,
1211 3124 1262 3154 seu
1281 3126 1366 3165 lege,
1393 3123 1600 3157 venditionis:
1624 3135 1716 3166 quam
1736 3129 1843 3170 legem

973 3169 990 3190 a
1016 3161 1182 3196 venditore
1208 3165 1294 3202 dai-i,
1318 3165 1390 3194 alibi
1418 3164 1564 3196 observat
1588 3166 1726 3206 jacobus
1752 3171 1846 3210 Cuja·

972 3201 1113 3287 ciusQiib.
1134 3214 1185 3249 23.
1212 3206 1333 3248 Observ.
1355 3214 1380 3238 c.
1403 3214 1455 3246 31·
1485 3215 1522 3239 ea
1542 3216 1642 3248 porro
1668 3210 1722 3243 lex
1748 3221 1845 3252 quam

1078 3253 1095 3285 q
1118 3255 1136 3278 2
1759 3254 1840 3285 dixit
