<?xml version="1.0" encoding="UTF-8"?>
<!DOCTYPE html PUBLIC "-//W3C//DTD XHTML 1.0 Transitional//EN"
    "http://www.w3.org/TR/xhtml1/DTD/xhtml1-transitional.dtd">
<html xmlns="http://www.w3.org/1999/xhtml" xml:lang="en" lang="en">
 <head>
  <title>
</title>
<meta http-equiv="Content-Type" content="text/html;charset=utf-8" />
  <meta name='ocr-system' content='tesseract 3.04.00' />
  <meta name='ocr-capabilities' content='ocr_page ocr_carea ocr_par ocr_line ocrx_word'/>
</head>
<body>
  <div class='ocr_page' id='page_1' title='image "./gerardinoodtnovi00nood_0073.png"; bbox 0 0 2052 3487; ppageno 0'>
   <div class='ocr_carea' id='block_1_1' title="bbox 488 110 976 157">
    <p class='ocr_par' dir='ltr' id='par_1_1' title="bbox 488 110 976 157">
     <span class='ocr_line' id='line_1_1' title="bbox 488 110 976 157; baseline -0.002 -10"><span class='ocrx_word' id='word_1_1' title='bbox 488 112 798 147; x_wconf 69' lang='lat' dir='ltr'><em>PnossAnitiutt</em></span> <span class='ocrx_word' id='word_1_2' title='bbox 849 110 976 157; x_wconf 68' lang='lat' dir='ltr'><em>Juais</em></span> 
     </span>
    </p>
   </div>
   <div class='ocr_carea' id='block_1_2' title="bbox 96 199 963 739">
    <p class='ocr_par' dir='ltr' id='par_1_2' title="bbox 96 199 963 739">
     <span class='ocr_line' id='line_1_2' title="bbox 101 199 963 245; baseline -0.007 -7"><span class='ocrx_word' id='word_1_3' title='bbox 101 215 168 239; x_wconf 80' lang='lat' dir='ltr'><em>cum</em></span> <span class='ocrx_word' id='word_1_4' title='bbox 179 203 268 245; x_wconf 71' lang='lat' dir='ltr'><em>semel</em></span> <span class='ocrx_word' id='word_1_5' title='bbox 281 200 446 241; x_wconf 84' lang='lat' dir='ltr'><em>transieris,</em></span> <span class='ocrx_word' id='word_1_6' title='bbox 468 201 506 231; x_wconf 89' lang='lat' dir='ltr'><em>ad</em></span> <span class='ocrx_word' id='word_1_7' title='bbox 530 199 690 241; x_wconf 78' lang='lat' dir='ltr'><em>aagendam</em></span> <span class='ocrx_word' id='word_1_8' title='bbox 716 200 889 230; x_wconf 80' lang='lat' dir='ltr'><em>transeundi</em></span> <span class='ocrx_word' id='word_1_9' title='bbox 905 200 963 232; x_wconf 87' lang='lat' dir='ltr'><em>cul·</em></span> 
     </span>
     <span class='ocr_line' id='line_1_3' title="bbox 96 240 960 290; baseline -0.008 -10"><span class='ocrx_word' id='word_1_10' title='bbox 96 255 168 290; x_wconf 86' lang='lat' dir='ltr'><em>pam</em></span> <span class='ocrx_word' id='word_1_11' title='bbox 195 245 268 278; x_wconf 84' lang='lat' dir='ltr'><em>nibil</em></span> <span class='ocrx_word' id='word_1_12' title='bbox 291 245 423 286; x_wconf 74' lang='lat' dir='ltr'><em>pertinet.</em></span> <span class='ocrx_word' id='word_1_13' title='bbox 464 240 589 272; x_wconf 79' lang='lat' dir='ltr'><em>Tamen</em></span> <span class='ocrx_word' id='word_1_14' title='bbox 622 250 659 272; x_wconf 87' lang='lat' dir='ltr'><em>ea</em></span> <span class='ocrx_word' id='word_1_15' title='bbox 681 241 864 272; x_wconf 86' lang='lat' dir='ltr'><em>Stoicorum</em></span> <span class='ocrx_word' id='word_1_16' title='bbox 895 240 960 274; x_wconf 90' lang='lat' dir='ltr'><em>sen-</em></span> 
     </span>
     <span class='ocr_line' id='line_1_4' title="bbox 102 281 960 327; baseline -0.008 -6"><span class='ocrx_word' id='word_1_17' title='bbox 102 289 223 327; x_wconf 88' lang='lat' dir='ltr'><em>tentia,</em></span> <span class='ocrx_word' id='word_1_18' title='bbox 256 285 310 318; x_wconf 86' lang='lat' dir='ltr'><em>etfi</em></span> <span class='ocrx_word' id='word_1_19' title='bbox 331 284 435 316; x_wconf 84' lang='lat' dir='ltr'><em>verbis</em></span> <span class='ocrx_word' id='word_1_20' title='bbox 457 283 496 313; x_wconf 85' lang='lat' dir='ltr'><em>ab</em></span> <span class='ocrx_word' id='word_1_21' title='bbox 519 281 656 322; x_wconf 86' lang='lat' dir='ltr'><em>Ulpiano</em></span> <span class='ocrx_word' id='word_1_22' title='bbox 682 282 852 323; x_wconf 81' lang='lat' dir='ltr'><em>plurimum</em></span> <span class='ocrx_word' id='word_1_23' title='bbox 876 292 960 314; x_wconf 88' lang='lat' dir='ltr'><em>rece-</em></span> 
     </span>
     <span class='ocr_line' id='line_1_5' title="bbox 100 323 960 370; baseline -0.008 -7"><span class='ocrx_word' id='word_1_24' title='bbox 100 332 155 363; x_wconf 86' lang='lat' dir='ltr'><em>dat</em></span> <span class='ocrx_word' id='word_1_25' title='bbox 171 354 181 370; x_wconf 92' lang='lat'><em>,</em></span> <span class='ocrx_word' id='word_1_26' title='bbox 211 331 243 361; x_wconf 91' lang='lat' dir='ltr'><em>in</em></span> <span class='ocrx_word' id='word_1_27' title='bbox 268 327 411 358; x_wconf 82' lang='lat' dir='ltr'><em>eamdem</em></span> <span class='ocrx_word' id='word_1_28' title='bbox 434 333 506 355; x_wconf 89' lang='lat' dir='ltr'><em>cum</em></span> <span class='ocrx_word' id='word_1_29' title='bbox 532 324 587 355; x_wconf 90' lang='lat' dir='ltr'><em>illo</em></span> <span class='ocrx_word' id='word_1_30' title='bbox 609 324 691 356; x_wconf 88' lang='lat' dir='ltr'><em>viam</em></span> <span class='ocrx_word' id='word_1_31' title='bbox 717 323 824 354; x_wconf 87' lang='lat' dir='ltr'><em>redit:</em></span> <span class='ocrx_word' id='word_1_32' title='bbox 855 323 876 355; x_wconf 88' lang='lat' dir='ltr'>fi</span> <span class='ocrx_word' id='word_1_33' title='bbox 895 334 960 365; x_wconf 90' lang='lat' dir='ltr'><em>poe-</em></span> 
     </span>
     <span class='ocr_line' id='line_1_6' title="bbox 101 364 959 410; baseline -0.007 -6"><span class='ocrx_word' id='word_1_34' title='bbox 101 382 172 404; x_wconf 85' lang='lat' dir='ltr'><em>nam</em></span> <span class='ocrx_word' id='word_1_35' title='bbox 185 394 194 410; x_wconf 93' lang='lat'><em>,</em></span> <span class='ocrx_word' id='word_1_36' title='bbox 216 370 237 402; x_wconf 87' lang='lat' dir='ltr'><strong>fi</strong></span> <span class='ocrx_word' id='word_1_37' title='bbox 254 367 498 409; x_wconf 82' lang='lat' dir='ltr'><em>rempublicam,</em></span> <span class='ocrx_word' id='word_1_38' title='bbox 514 364 535 396; x_wconf 89' lang='lat' dir='ltr'>fi</span> <span class='ocrx_word' id='word_1_39' title='bbox 552 365 782 397; x_wconf 83' lang='lat' dir='ltr'>humanitatem</span> <span class='ocrx_word' id='word_1_40' title='bbox 795 388 805 404; x_wconf 91' lang='lat'><em>,</em></span> <span class='ocrx_word' id='word_1_41' title='bbox 826 364 959 405; x_wconf 66' lang='lat' dir='ltr'><em>speeies.</em></span> 
     </span>
     <span class='ocr_line' id='line_1_7' title="bbox 100 405 963 447; baseline -0.008 -2"><span class='ocrx_word' id='word_1_42' title='bbox 100 413 167 445; x_wconf 89' lang='lat' dir='ltr'><em>hoc</em></span> <span class='ocrx_word' id='word_1_43' title='bbox 188 419 277 442; x_wconf 85' lang='lat' dir='ltr'><em>certe</em></span> <span class='ocrx_word' id='word_1_44' title='bbox 301 411 384 440; x_wconf 84' lang='lat' dir='ltr'><em>idem</em></span> <span class='ocrx_word' id='word_1_45' title='bbox 409 407 525 439; x_wconf 77' lang='lat' dir='ltr'><em>Cicero</em></span> <span class='ocrx_word' id='word_1_46' title='bbox 544 408 638 446; x_wconf 78' lang='lat' dir='ltr'><em>paulo</em></span> <span class='ocrx_word' id='word_1_47' title='bbox 656 405 726 447; x_wconf 89' lang='lat' dir='ltr'><em>post</em></span> <span class='ocrx_word' id='word_1_48' title='bbox 747 408 778 436; x_wconf 85' lang='lat' dir='ltr'><em>in</em></span> <span class='ocrx_word' id='word_1_49' title='bbox 797 406 963 438; x_wconf 83' lang='lat' dir='ltr'><em>Paradoxis</em></span> 
     </span>
     <span class='ocr_line' id='line_1_8' title="bbox 101 447 962 488; baseline -0.006 -3"><span class='ocrx_word' id='word_1_50' title='bbox 101 457 130 486; x_wconf 83' lang='lat' dir='ltr'><em>d.</em></span> <span class='ocrx_word' id='word_1_51' title='bbox 149 454 197 484; x_wconf 77' lang='lat' dir='ltr'><em>loc.</em></span> <span class='ocrx_word' id='word_1_52' title='bbox 217 451 253 486; x_wconf 65' lang='lat'><em>&amp;³</em></span> <span class='ocrx_word' id='word_1_53' title='bbox 271 452 298 482; x_wconf 90' lang='lat' dir='ltr'><em>d.</em></span> <span class='ocrx_word' id='word_1_54' title='bbox 320 451 366 481; x_wconf 87' lang='lat' dir='ltr'><em>lib.</em></span> <span class='ocrx_word' id='word_1_55' title='bbox 384 459 413 488; x_wconf 90' lang='lat'><em>4.</em></span> <span class='ocrx_word' id='word_1_56' title='bbox 438 448 485 479; x_wconf 83' lang='lat' dir='ltr'><em>De</em></span> <span class='ocrx_word' id='word_1_57' title='bbox 498 448 607 487; x_wconf 78' lang='lat' dir='ltr'><em>finibus</em></span> <span class='ocrx_word' id='word_1_58' title='bbox 629 454 809 480; x_wconf 83' lang='lat' dir='ltr'><em>memorat:</em></span> <span class='ocrx_word' id='word_1_59' title='bbox 833 447 886 479; x_wconf 89' lang='lat' dir='ltr'><em>sed</em></span> <span class='ocrx_word' id='word_1_60' title='bbox 903 458 962 488; x_wconf 89' lang='lat' dir='ltr'><em>po-</em></span> 
     </span>
     <span class='ocr_line' id='line_1_9' title="bbox 100 489 962 530; baseline -0.005 -4"><span class='ocrx_word' id='word_1_61' title='bbox 100 495 265 527; x_wconf 85' lang='lat' dir='ltr'><em>steriorem</em></span> <span class='ocrx_word' id='word_1_62' title='bbox 290 493 396 523; x_wconf 86' lang='lat' dir='ltr'><em>locum</em></span> <span class='ocrx_word' id='word_1_63' title='bbox 425 489 613 530; x_wconf 80' lang='lat' dir='ltr'><em>adscripfiffe</em></span> <span class='ocrx_word' id='word_1_64' title='bbox 634 489 804 522; x_wconf 81' lang='lat' dir='ltr'><em>luffecerit.</em></span> <span class='ocrx_word' id='word_1_65' title='bbox 828 490 851 521; x_wconf 84' lang='lat' dir='ltr'><em>is</em></span> <span class='ocrx_word' id='word_1_66' title='bbox 871 491 962 522; x_wconf 88' lang='lat' dir='ltr'><em>locus</em></span> 
     </span>
     <span class='ocr_line' id='line_1_10' title="bbox 99 531 961 573; baseline -0.007 -6"><span class='ocrx_word' id='word_1_67' title='bbox 99 536 141 568; x_wconf 86' lang='lat' dir='ltr'><em>fic</em></span> <span class='ocrx_word' id='word_1_68' title='bbox 168 535 273 566; x_wconf 83' lang='lat' dir='ltr'><em>habet.</em></span> <span class='ocrx_word' id='word_1_69' title='bbox 321 532 393 563; x_wconf 84' lang='lat' dir='ltr'><em>Haec</em></span> <span class='ocrx_word' id='word_1_70' title='bbox 419 542 483 562; x_wconf 80' lang='lat' dir='ltr'><em>cunt</em></span> <span class='ocrx_word' id='word_1_71' title='bbox 506 531 658 573; x_wconf 80' lang='lat' dir='ltr'><em>magnifice</em></span> <span class='ocrx_word' id='word_1_72' title='bbox 685 533 777 571; x_wconf 84' lang='lat' dir='ltr'><em>primo</em></span> <span class='ocrx_word' id='word_1_73' title='bbox 805 532 862 561; x_wconf 87' lang='lat' dir='ltr'><em>dici</em></span> <span class='ocrx_word' id='word_1_74' title='bbox 884 533 961 562; x_wconf 86' lang='lat' dir='ltr'><em>vide-</em></span> 
     </span>
     <span class='ocr_line' id='line_1_11' title="bbox 98 571 961 614; baseline -0.003 -7"><span class='ocrx_word' id='word_1_75' title='bbox 98 582 201 608; x_wconf 83' lang='lat' dir='ltr'><em>rentur</em></span> <span class='ocrx_word' id='word_1_76' title='bbox 213 599 222 614; x_wconf 96' lang='lat'><em>,</em></span> <span class='ocrx_word' id='word_1_77' title='bbox 243 572 419 611; x_wconf 79' lang='lat' dir='ltr'><em>confiderata</em></span> <span class='ocrx_word' id='word_1_78' title='bbox 443 573 538 604; x_wconf 88' lang='lat' dir='ltr'><em>minus</em></span> <span class='ocrx_word' id='word_1_79' title='bbox 551 574 719 613; x_wconf 88' lang='lat' dir='ltr'><em>probantur.</em></span> <span class='ocrx_word' id='word_1_80' title='bbox 765 571 871 606; x_wconf 75' lang='lat' dir='ltr'><em>Sensus</em></span> <span class='ocrx_word' id='word_1_81' title='bbox 887 575 961 604; x_wconf 86' lang='lat' dir='ltr'><em>enim</em></span> 
     </span>
     <span class='ocr_line' id='line_1_12' title="bbox 100 613 962 659; baseline -0.003 -11"><span class='ocrx_word' id='word_1_82' title='bbox 100 619 256 659; x_wconf 78' lang='lat' dir='ltr'><em>cujusque,</em></span> <span class='ocrx_word' id='word_1_83' title='bbox 280 615 440 649; x_wconf 72' lang='lat' dir='ltr'><em>&amp;natura</em></span> <span class='ocrx_word' id='word_1_84' title='bbox 462 624 578 652; x_wconf 84' lang='lat' dir='ltr'><em>rerunt,</em></span> <span class='ocrx_word' id='word_1_85' title='bbox 601 619 686 653; x_wconf 81' lang='lat' dir='ltr'><em>atque</em></span> <span class='ocrx_word' id='word_1_86' title='bbox 703 613 764 654; x_wconf 77' lang='lat' dir='ltr'><em>ipsa</em></span> <span class='ocrx_word' id='word_1_87' title='bbox 778 615 887 644; x_wconf 86' lang='lat' dir='ltr'><em>veritas</em></span> <span class='ocrx_word' id='word_1_88' title='bbox 906 615 962 645; x_wconf 88' lang='lat' dir='ltr'><em>cla-</em></span> 
     </span>
     <span class='ocr_line' id='line_1_13' title="bbox 99 655 962 698; baseline -0.003 -9"><span class='ocrx_word' id='word_1_89' title='bbox 99 660 195 690; x_wconf 81' lang='lat' dir='ltr'><em>mabat</em></span> <span class='ocrx_word' id='word_1_90' title='bbox 210 681 220 696; x_wconf 95' lang='lat'><em>,</em></span> <span class='ocrx_word' id='word_1_91' title='bbox 250 657 452 698; x_wconf 81' lang='lat' dir='ltr'><em>quodammodo</em></span> <span class='ocrx_word' id='word_1_92' title='bbox 471 679 480 695; x_wconf 94' lang='lat'><em>,</em></span> <span class='ocrx_word' id='word_1_93' title='bbox 511 666 567 686; x_wconf 86' lang='lat' dir='ltr'><em>non</em></span> <span class='ocrx_word' id='word_1_94' title='bbox 588 655 659 696; x_wconf 83' lang='lat' dir='ltr'><em>poffe</em></span> <span class='ocrx_word' id='word_1_95' title='bbox 682 656 810 694; x_wconf 86' lang='lat' dir='ltr'><em>adduci,</em></span> <span class='ocrx_word' id='word_1_96' title='bbox 831 661 865 686; x_wconf 91' lang='lat' dir='ltr'><em>ut</em></span> <span class='ocrx_word' id='word_1_97' title='bbox 887 658 962 686; x_wconf 86' lang='lat' dir='ltr'><em>inter</em></span> 
     </span>
     <span class='ocr_line' id='line_1_14' title="bbox 99 696 960 739; baseline -0.003 -8"><span class='ocrx_word' id='word_1_98' title='bbox 99 709 145 731; x_wconf 82' lang='lat' dir='ltr'><em>cas</em></span> <span class='ocrx_word' id='word_1_99' title='bbox 174 708 243 738; x_wconf 85' lang='lat' dir='ltr'><em>res,</em></span> <span class='ocrx_word' id='word_1_100' title='bbox 276 707 349 739; x_wconf 86' lang='lat' dir='ltr'><em>quas</em></span> <span class='ocrx_word' id='word_1_101' title='bbox 377 696 454 728; x_wconf 89' lang='lat' dir='ltr'><em>Zeno</em></span> <span class='ocrx_word' id='word_1_102' title='bbox 486 703 648 738; x_wconf 63' lang='lat' dir='ltr'><em>escaequawt</em></span> <span class='ocrx_word' id='word_1_103' title='bbox 666 720 676 735; x_wconf 92' lang='lat'><em>,</em></span> <span class='ocrx_word' id='word_1_104' title='bbox 710 696 782 727; x_wconf 81' lang='lat' dir='ltr'><em>nibil</em></span> <span class='ocrx_word' id='word_1_105' title='bbox 808 697 960 737; x_wconf 76' lang='lat' dir='ltr'><em>intereffet.</em></span> 
     </span>
    </p>
   </div>
   <div class='ocr_carea' id='block_1_3' title="bbox 1001 110 1872 698">
    <p class='ocr_par' dir='ltr' id='par_1_3' title="bbox 1001 110 1872 698">
     <span class='ocr_line' id='line_1_15' title="bbox 1028 110 1868 161; baseline 0.004 -15"><span class='ocrx_word' id='word_1_106' title='bbox 1028 110 1203 148; x_wconf 72' lang='lat' dir='ltr'><em>Civims</em></span> <span class='ocrx_word' id='word_1_107' title='bbox 1253 112 1344 150; x_wconf 81' lang='lat' dir='ltr'><strong>LIB.</strong></span> <span class='ocrx_word' id='word_1_108' title='bbox 1394 111 1469 149; x_wconf 85' lang='lat'><em>111.</em></span> <span class='ocrx_word' id='word_1_109' title='bbox 1823 126 1868 161; x_wconf 81' lang='lat'><em>47</em></span> 
     </span>
     <span class='ocr_line' id='line_1_16' title="bbox 1006 200 1869 245; baseline 0.005 -14"><span class='ocrx_word' id='word_1_110' title='bbox 1006 200 1099 232; x_wconf 85' lang='lat' dir='ltr'><em>Homo</em></span> <span class='ocrx_word' id='word_1_111' title='bbox 1123 202 1216 242; x_wconf 71' lang='lat' dir='ltr'><em>igitur</em></span> <span class='ocrx_word' id='word_1_112' title='bbox 1241 206 1347 234; x_wconf 80' lang='lat' dir='ltr'><em>acutus</em></span> <span class='ocrx_word' id='word_1_113' title='bbox 1368 202 1486 239; x_wconf 77' lang='lat' dir='ltr'><em>caulam</em></span> <span class='ocrx_word' id='word_1_114' title='bbox 1507 210 1564 234; x_wconf 87' lang='lat' dir='ltr'><em>non</em></span> <span class='ocrx_word' id='word_1_115' title='bbox 1580 202 1709 234; x_wconf 85' lang='lat' dir='ltr'><em>obtinens</em></span> <span class='ocrx_word' id='word_1_116' title='bbox 1722 225 1733 241; x_wconf 91' lang='lat'><em>,</em></span> <span class='ocrx_word' id='word_1_117' title='bbox 1764 209 1869 245; x_wconf 86' lang='lat' dir='ltr'><em>repug-</em></span> 
     </span>
     <span class='ocr_line' id='line_1_17' title="bbox 1004 245 1868 286; baseline 0.003 -13"><span class='ocrx_word' id='word_1_118' title='bbox 1004 249 1092 273; x_wconf 86' lang='lat' dir='ltr'><em>nante</em></span> <span class='ocrx_word' id='word_1_119' title='bbox 1108 248 1236 282; x_wconf 83' lang='lat' dir='ltr'><em>natura,</em></span> <span class='ocrx_word' id='word_1_120' title='bbox 1258 245 1346 274; x_wconf 84' lang='lat' dir='ltr'><em>verba</em></span> <span class='ocrx_word' id='word_1_121' title='bbox 1364 245 1478 284; x_wconf 71' lang='lat' dir='ltr'><em>veryare</em></span> <span class='ocrx_word' id='word_1_122' title='bbox 1494 245 1597 285; x_wconf 82' lang='lat' dir='ltr'><em>coepit,</em></span> <span class='ocrx_word' id='word_1_123' title='bbox 1620 251 1777 286; x_wconf 75' lang='lat' dir='ltr'><strong><em>negatque,</em></strong></span> <span class='ocrx_word' id='word_1_124' title='bbox 1795 245 1868 276; x_wconf 85' lang='lat' dir='ltr'><em>Pla-</em></span> 
     </span>
     <span class='ocr_line' id='line_1_18' title="bbox 1004 283 1869 328; baseline 0.005 -14"><span class='ocrx_word' id='word_1_125' title='bbox 1004 290 1113 322; x_wconf 83' lang='lat' dir='ltr'><em>tonem,</em></span> <span class='ocrx_word' id='word_1_126' title='bbox 1131 283 1160 322; x_wconf 87' lang='lat' dir='ltr'><em>fi</em></span> <span class='ocrx_word' id='word_1_127' title='bbox 1167 286 1286 325; x_wconf 82' lang='lat' dir='ltr'><em>sapiens</em></span> <span class='ocrx_word' id='word_1_128' title='bbox 1299 295 1356 316; x_wconf 89' lang='lat' dir='ltr'><em>non</em></span> <span class='ocrx_word' id='word_1_129' title='bbox 1367 284 1427 324; x_wconf 81' lang='lat' dir='ltr'><em>fit,</em></span> <span class='ocrx_word' id='word_1_130' title='bbox 1453 287 1546 317; x_wconf 86' lang='lat' dir='ltr'><em>eadem</em></span> <span class='ocrx_word' id='word_1_131' title='bbox 1563 285 1615 326; x_wconf 83' lang='lat' dir='ltr'><em>effe</em></span> <span class='ocrx_word' id='word_1_132' title='bbox 1629 288 1661 317; x_wconf 88' lang='lat' dir='ltr'><em>in</em></span> <span class='ocrx_word' id='word_1_133' title='bbox 1677 292 1784 324; x_wconf 76' lang='lat' dir='ltr'><em>caula,</em></span> <span class='ocrx_word' id='word_1_134' title='bbox 1808 295 1869 328; x_wconf 84' lang='lat' dir='ltr'><em>qua</em></span> 
     </span>
     <span class='ocr_line' id='line_1_19' title="bbox 1004 325 1870 368; baseline 0.003 -13"><span class='ocrx_word' id='word_1_135' title='bbox 1004 331 1162 366; x_wconf 72' lang='lat' dir='ltr'><em>tyrannum</em></span> <span class='ocrx_word' id='word_1_136' title='bbox 1180 325 1372 367; x_wconf 69' lang='lat' dir='ltr'><em>Dionysium:</em></span> <span class='ocrx_word' id='word_1_137' title='bbox 1391 328 1458 358; x_wconf 87' lang='lat' dir='ltr'><em>huic</em></span> <span class='ocrx_word' id='word_1_138' title='bbox 1472 328 1544 358; x_wconf 87' lang='lat' dir='ltr'><em>mori</em></span> <span class='ocrx_word' id='word_1_139' title='bbox 1562 328 1702 368; x_wconf 85' lang='lat' dir='ltr'><em>optimum</em></span> <span class='ocrx_word' id='word_1_140' title='bbox 1718 326 1768 368; x_wconf 67' lang='lat' dir='ltr'><em>effie</em></span> <span class='ocrx_word' id='word_1_141' title='bbox 1779 333 1870 368; x_wconf 86' lang='lat' dir='ltr'><em>prop·</em></span> 
     </span>
     <span class='ocr_line' id='line_1_20' title="bbox 1004 368 1869 409; baseline 0.003 -12"><span class='ocrx_word' id='word_1_142' title='bbox 1004 372 1046 397; x_wconf 88' lang='lat' dir='ltr'><em>ter</em></span> <span class='ocrx_word' id='word_1_143' title='bbox 1068 368 1464 408; x_wconf 34' lang='lat' dir='ltr'><em>desperationem-sapientia,</em></span> <span class='ocrx_word' id='word_1_144' title='bbox 1487 368 1532 399; x_wconf 86' lang='lat' dir='ltr'><em>illi</em></span> <span class='ocrx_word' id='word_1_145' title='bbox 1551 375 1666 409; x_wconf 86' lang='lat' dir='ltr'><em>propter</em></span> <span class='ocrx_word' id='word_1_146' title='bbox 1681 370 1762 409; x_wconf 62' lang='lat' dir='ltr'><em>spem</em></span> <span class='ocrx_word' id='word_1_147' title='bbox 1786 369 1869 400; x_wconf 81' lang='lat' dir='ltr'><em>vive-</em></span> 
     </span>
     <span class='ocr_line' id='line_1_21' title="bbox 1004 408 1870 451; baseline 0.002 -12"><span class='ocrx_word' id='word_1_148' title='bbox 1004 417 1045 440; x_wconf 88' lang='lat' dir='ltr'><em>re.</em></span> <span class='ocrx_word' id='word_1_149' title='bbox 1087 409 1212 440; x_wconf 84' lang='lat' dir='ltr'><em>Peccata</em></span> <span class='ocrx_word' id='word_1_150' title='bbox 1231 416 1326 440; x_wconf 83' lang='lat' dir='ltr'><em>autem</em></span> <span class='ocrx_word' id='word_1_151' title='bbox 1344 411 1456 449; x_wconf 85' lang='lat' dir='ltr'><em>partim</em></span> <span class='ocrx_word' id='word_1_152' title='bbox 1477 408 1527 450; x_wconf 85' lang='lat' dir='ltr'><em>effe</em></span> <span class='ocrx_word' id='word_1_153' title='bbox 1550 409 1728 449; x_wconf 79' lang='lat' dir='ltr'><em>tolerabilia,</em></span> <span class='ocrx_word' id='word_1_154' title='bbox 1755 411 1870 451; x_wconf 86' lang='lat' dir='ltr'><em>partim</em></span> 
     </span>
     <span class='ocr_line' id='line_1_22' title="bbox 1005 448 1869 492; baseline 0.003 -12"><span class='ocrx_word' id='word_1_155' title='bbox 1005 448 1084 480; x_wconf 89' lang='lat' dir='ltr'><em>nullo</em></span> <span class='ocrx_word' id='word_1_156' title='bbox 1100 451 1179 481; x_wconf 87' lang='lat' dir='ltr'><em>modo</em></span> <span class='ocrx_word' id='word_1_157' title='bbox 1195 474 1204 488; x_wconf 95' lang='lat'>‚</span> <span class='ocrx_word' id='word_1_158' title='bbox 1222 456 1370 491; x_wconf 80' lang='lat' dir='ltr'><em>propterea</em></span> <span class='ocrx_word' id='word_1_159' title='bbox 1385 453 1460 492; x_wconf 89' lang='lat' dir='ltr'><em>quod</em></span> <span class='ocrx_word' id='word_1_160' title='bbox 1477 452 1535 482; x_wconf 86' lang='lat' dir='ltr'><em>alia</em></span> <span class='ocrx_word' id='word_1_161' title='bbox 1555 457 1673 491; x_wconf 85' lang='lat' dir='ltr'><em>peccata</em></span> <span class='ocrx_word' id='word_1_162' title='bbox 1690 456 1788 492; x_wconf 86' lang='lat' dir='ltr'><em>plures</em></span> <span class='ocrx_word' id='word_1_163' title='bbox 1801 475 1811 489; x_wconf 96' lang='lat'><em>,</em></span> <span class='ocrx_word' id='word_1_164' title='bbox 1837 461 1869 483; x_wconf 88' lang='lat' dir='ltr'><em>a·</em></span> 
     </span>
     <span class='ocr_line' id='line_1_23' title="bbox 1004 490 1869 533; baseline 0.003 -12"><span class='ocrx_word' id='word_1_165' title='bbox 1004 490 1044 521; x_wconf 87' lang='lat' dir='ltr'><em>lia</em></span> <span class='ocrx_word' id='word_1_166' title='bbox 1062 492 1208 529; x_wconf 86' lang='lat' dir='ltr'><em>pauciores</em></span> <span class='ocrx_word' id='word_1_167' title='bbox 1224 491 1306 533; x_wconf 82' lang='lat' dir='ltr'><em>quasi</em></span> <span class='ocrx_word' id='word_1_168' title='bbox 1325 502 1456 523; x_wconf 85' lang='lat' dir='ltr'><em>numeros</em></span> <span class='ocrx_word' id='word_1_169' title='bbox 1473 490 1558 532; x_wconf 89' lang='lat' dir='ltr'><em>officii</em></span> <span class='ocrx_word' id='word_1_170' title='bbox 1569 493 1758 532; x_wconf 79' lang='lat' dir='ltr'><em>praterirent.</em></span> <span class='ocrx_word' id='word_1_171' title='bbox 1794 492 1869 533; x_wconf 81' lang='lat' dir='ltr'><em>Jam</em></span> 
     </span>
     <span class='ocr_line' id='line_1_24' title="bbox 1005 529 1872 575; baseline 0.002 -13"><span class='ocrx_word' id='word_1_172' title='bbox 1005 529 1166 572; x_wconf 76' lang='lat' dir='ltr'><em>insipientes</em></span> <span class='ocrx_word' id='word_1_173' title='bbox 1188 533 1258 564; x_wconf 85' lang='lat' dir='ltr'><em>ulios</em></span> <span class='ocrx_word' id='word_1_174' title='bbox 1275 534 1318 564; x_wconf 83' lang='lat' dir='ltr'><em>ita</em></span> <span class='ocrx_word' id='word_1_175' title='bbox 1342 532 1392 573; x_wconf 87' lang='lat' dir='ltr'><em>effe</em></span> <span class='ocrx_word' id='word_1_176' title='bbox 1407 556 1416 572; x_wconf 89' lang='lat'><em>,</em></span> <span class='ocrx_word' id='word_1_177' title='bbox 1446 538 1480 563; x_wconf 87' lang='lat' dir='ltr'><em>ut</em></span> <span class='ocrx_word' id='word_1_178' title='bbox 1502 533 1580 564; x_wconf 89' lang='lat' dir='ltr'><em>nullo</em></span> <span class='ocrx_word' id='word_1_179' title='bbox 1605 536 1683 564; x_wconf 78' lang='lat' dir='ltr'><em>inodo</em></span> <span class='ocrx_word' id='word_1_180' title='bbox 1703 535 1872 575; x_wconf 84' lang='lat' dir='ltr'><em>adsapien-</em></span> 
     </span>
     <span class='ocr_line' id='line_1_25' title="bbox 1004 573 1871 615; baseline 0.002 -11"><span class='ocrx_word' id='word_1_181' title='bbox 1004 575 1074 604; x_wconf 85' lang='lat' dir='ltr'><em>tiam</em></span> <span class='ocrx_word' id='word_1_182' title='bbox 1094 573 1202 614; x_wconf 77' lang='lat' dir='ltr'><em>peffent</em></span> <span class='ocrx_word' id='word_1_183' title='bbox 1223 575 1372 614; x_wconf 83' lang='lat' dir='ltr'><em>pervenire</em></span> <span class='ocrx_word' id='word_1_184' title='bbox 1387 597 1396 613; x_wconf 94' lang='lat'><em>,</em></span> <span class='ocrx_word' id='word_1_185' title='bbox 1429 575 1499 605; x_wconf 82' lang='lat' dir='ltr'><em>alios</em></span> <span class='ocrx_word' id='word_1_186' title='bbox 1516 597 1526 613; x_wconf 95' lang='lat'><em>,</em></span> <span class='ocrx_word' id='word_1_187' title='bbox 1555 576 1606 614; x_wconf 88' lang='lat' dir='ltr'><em>qui</em></span> <span class='ocrx_word' id='word_1_188' title='bbox 1622 574 1733 615; x_wconf 73' lang='lat' dir='ltr'><em>paffent</em></span> <span class='ocrx_word' id='word_1_189' title='bbox 1750 599 1759 614; x_wconf 86' lang='lat'><strong>‚</strong></span> <span class='ocrx_word' id='word_1_190' title='bbox 1783 573 1812 613; x_wconf 87' lang='lat' dir='ltr'><em>Ji</em></span> <span class='ocrx_word' id='word_1_191' title='bbox 1839 574 1871 605; x_wconf 80' lang='lat' dir='ltr'><em>id</em></span> 
     </span>
     <span class='ocr_line' id='line_1_26' title="bbox 1001 613 1869 657; baseline 0.003 -13"><span class='ocrx_word' id='word_1_192' title='bbox 1001 613 1141 656; x_wconf 83' lang='lat' dir='ltr'><em>geffiffent</em></span> <span class='ocrx_word' id='word_1_193' title='bbox 1157 637 1166 653; x_wconf 95' lang='lat'><em>,</em></span> <span class='ocrx_word' id='word_1_194' title='bbox 1188 615 1355 656; x_wconf 73' lang='lat' dir='ltr'><em>sapientiam</em></span> <span class='ocrx_word' id='word_1_195' title='bbox 1373 617 1512 657; x_wconf 74' lang='lat' dir='ltr'><em>consequi.</em></span> <span class='ocrx_word' id='word_1_196' title='bbox 1555 615 1616 646; x_wconf 88' lang='lat' dir='ltr'><em>Hic</em></span> <span class='ocrx_word' id='word_1_197' title='bbox 1633 615 1801 657; x_wconf 73' lang='lat' dir='ltr'><em>loquebatur</em></span> <span class='ocrx_word' id='word_1_198' title='bbox 1815 616 1869 648; x_wconf 66' lang='lat' dir='ltr'><em>alie</em></span> 
     </span>
     <span class='ocr_line' id='line_1_27' title="bbox 1003 657 1773 698; baseline 0.004 -12"><span class='ocrx_word' id='word_1_199' title='bbox 1003 663 1047 687; x_wconf 86' lang='lat' dir='ltr'><em>ter</em></span> <span class='ocrx_word' id='word_1_200' title='bbox 1063 662 1149 697; x_wconf 88' lang='lat' dir='ltr'><em>atque</em></span> <span class='ocrx_word' id='word_1_201' title='bbox 1172 665 1284 697; x_wconf 81' lang='lat' dir='ltr'><em>onmes,</em></span> <span class='ocrx_word' id='word_1_202' title='bbox 1299 657 1443 698; x_wconf 70' lang='lat' dir='ltr'><em>sentiebat</em></span> <span class='ocrx_word' id='word_1_203' title='bbox 1466 659 1557 696; x_wconf 80' lang='lat' dir='ltr'><em>idern,</em></span> <span class='ocrx_word' id='word_1_204' title='bbox 1578 659 1655 698; x_wconf 84' lang='lat' dir='ltr'><em>quod</em></span> <span class='ocrx_word' id='word_1_205' title='bbox 1672 660 1773 689; x_wconf 87' lang='lat' dir='ltr'><em>caeteri.</em></span> 
     </span>
    </p>
   </div>
   <div class='ocr_carea' id='block_1_4' title="bbox 818 816 1146 853">
    <p class='ocr_par' dir='ltr' id='par_1_4' title="bbox 818 816 1146 853">
     <span class='ocr_line' id='line_1_28' title="bbox 818 816 1146 853; baseline -0.003 0"><span class='ocrx_word' id='word_1_206' title='bbox 818 818 1030 853; x_wconf 78' lang='lat' dir='ltr'>CAPUT</span> <span class='ocrx_word' id='word_1_207' title='bbox 1081 816 1146 852; x_wconf 86' lang='grc' dir='ltr'><em>ΙΙ.</em></span> 
     </span>
    </p>
   </div>
   <div class='ocr_carea' id='block_1_5' title="bbox 98 920 1868 1025">
    <p class='ocr_par' dir='ltr' id='par_1_5' title="bbox 98 920 1868 1025">
     <span class='ocr_line' id='line_1_29' title="bbox 98 920 1868 977; baseline -0.002 -16"><span class='ocrx_word' id='word_1_208' title='bbox 98 925 362 977; x_wconf 53' lang='lat' dir='ltr'><em>,Quemadmodum</em></span> <span class='ocrx_word' id='word_1_209' title='bbox 386 923 548 971; x_wconf 84' lang='lat' dir='ltr'><em>jussuum</em></span> <span class='ocrx_word' id='word_1_210' title='bbox 570 925 673 970; x_wconf 85' lang='lat' dir='ltr'><em>cuique</em></span> <span class='ocrx_word' id='word_1_211' title='bbox 688 925 880 960; x_wconf 84' lang='lat' dir='ltr'><em>tribuendum</em></span> <span class='ocrx_word' id='word_1_212' title='bbox 891 923 947 970; x_wconf 81' lang='lat' dir='ltr'><em>sit.</em></span> <span class='ocrx_word' id='word_1_213' title='bbox 1002 923 1152 969; x_wconf 73' lang='lat' dir='ltr'><em>Ulpianus</em></span> <span class='ocrx_word' id='word_1_214' title='bbox 1170 921 1211 962; x_wconf 61' lang='grc' dir='ltr'><em>δέ)</em></span> <span class='ocrx_word' id='word_1_215' title='bbox 1230 922 1440 975; x_wconf 67' lang='lat' dir='ltr'><em>Tryphoninus</em></span> <span class='ocrx_word' id='word_1_216' title='bbox 1457 920 1583 970; x_wconf 79' lang='lat' dir='ltr'><em>expofiti</em></span> <span class='ocrx_word' id='word_1_217' title='bbox 1606 923 1634 958; x_wconf 81' lang='lat' dir='ltr'><em>d.</em></span> <span class='ocrx_word' id='word_1_218' title='bbox 1655 923 1672 958; x_wconf 86' lang='lat' dir='ltr'><em>l.</em></span> <span class='ocrx_word' id='word_1_219' title='bbox 1694 933 1749 958; x_wconf 85' lang='lat'><em>10.</em></span> <span class='ocrx_word' id='word_1_220' title='bbox 1769 921 1813 957; x_wconf 88' lang='lat' dir='ltr'><em>D.</em></span> <span class='ocrx_word' id='word_1_221' title='bbox 1832 924 1868 957; x_wconf 83' lang='lat' dir='ltr'><em>de</em></span> 
     </span>
     <span class='ocr_line' id='line_1_30' title="bbox 114 971 1867 1025; baseline -0.002 -15"><span class='ocrx_word' id='word_1_222' title='bbox 114 1007 116 1010; x_wconf 78' lang='grc'>,</span> <span class='ocrx_word' id='word_1_223' title='bbox 142 976 269 1023; x_wconf 72' lang='lat' dir='ltr'><em>justitia</em></span> <span class='ocrx_word' id='word_1_224' title='bbox 286 973 326 1013; x_wconf 73' lang='lat'><em>&amp;¹</em></span> <span class='ocrx_word' id='word_1_225' title='bbox 341 977 422 1020; x_wconf 79' lang='lat' dir='ltr'><em>Jurc.</em></span> <span class='ocrx_word' id='word_1_226' title='bbox 442 976 462 1009; x_wconf 90' lang='lat' dir='ltr'><em>l.</em></span> <span class='ocrx_word' id='word_1_227' title='bbox 474 985 530 1019; x_wconf 83' lang='lat'><em>31.</em></span> <span class='ocrx_word' id='word_1_228' title='bbox 550 975 593 1009; x_wconf 89' lang='lat' dir='ltr'><em>D.</em></span> <span class='ocrx_word' id='word_1_229' title='bbox 611 972 754 1021; x_wconf 81' lang='lat' dir='ltr'><em>Depofiti.</em></span> <span class='ocrx_word' id='word_1_230' title='bbox 776 975 792 1009; x_wconf 94' lang='lat' dir='ltr'><em>l.</em></span> <span class='ocrx_word' id='word_1_231' title='bbox 805 983 838 1016; x_wconf 88' lang='lat'><em>4.</em></span> <span class='ocrx_word' id='word_1_232' title='bbox 865 972 893 1020; x_wconf 50' lang='grc' dir='ltr'><em>ᾗ.</em></span> <span class='ocrx_word' id='word_1_233' title='bbox 909 984 938 1008; x_wconf 88' lang='lat'><em>1.</em></span> <span class='ocrx_word' id='word_1_234' title='bbox 971 973 1017 1008; x_wconf 88' lang='lat' dir='ltr'><em>D.</em></span> <span class='ocrx_word' id='word_1_235' title='bbox 1045 973 1188 1007; x_wconf 63' lang='lat' dir='ltr'><em>hanziliae</em></span> <span class='ocrx_word' id='word_1_236' title='bbox 1209 973 1387 1018; x_wconf 69' lang='lat' dir='ltr'><em>erciscundae</em></span> <span class='ocrx_word' id='word_1_237' title='bbox 1406 973 1425 1008; x_wconf 88' lang='lat' dir='ltr'><em>l.</em></span> <span class='ocrx_word' id='word_1_238' title='bbox 1447 983 1500 1008; x_wconf 82' lang='lat'><em>12.</em></span> <span class='ocrx_word' id='word_1_239' title='bbox 1520 971 1549 1019; x_wconf 51' lang='grc' dir='ltr'><em>ᾗ.</em></span> <span class='ocrx_word' id='word_1_240' title='bbox 1574 983 1628 1008; x_wconf 87' lang='lat'><em>11.</em></span> <span class='ocrx_word' id='word_1_241' title='bbox 1656 973 1700 1008; x_wconf 88' lang='lat' dir='ltr'><em>D.</em></span> <span class='ocrx_word' id='word_1_242' title='bbox 1727 972 1867 1025; x_wconf 54' lang='lat' dir='ltr'><em>Manciam</em></span> 
     </span>
    </p>
   </div>
   <div class='ocr_carea' id='block_1_6' title="bbox 95 1024 966 3255">
    <p class='ocr_par' dir='ltr' id='par_1_6' title="bbox 148 1024 369 1059">
     <span class='ocr_line' id='line_1_31' title="bbox 148 1024 369 1059; baseline -0.009 0"><span class='ocrx_word' id='word_1_243' title='bbox 148 1026 173 1059; x_wconf 83' lang='lat' dir='ltr'><em>ti</em></span> <span class='ocrx_word' id='word_1_244' title='bbox 192 1024 240 1058; x_wconf 85' lang='lat' dir='ltr'><em>vel</em></span> <span class='ocrx_word' id='word_1_245' title='bbox 253 1031 369 1058; x_wconf 82' lang='lat' dir='ltr'><em>contra.</em></span> 
     </span>
    </p>

    <p class='ocr_par' dir='ltr' id='par_1_7' title="bbox 101 1109 965 1188">
     <span class='ocr_line' id='line_1_32' title="bbox 101 1109 965 1188; baseline -0.002 -45"><span class='ocrx_word' id='word_1_246' title='bbox 101 1112 254 1188; x_wconf 85' lang='lat' dir='ltr'>Dixi,</span> <span class='ocrx_word' id='word_1_247' title='bbox 279 1121 350 1152; x_wconf 82' lang='lat' dir='ltr'><em>quae</em></span> <span class='ocrx_word' id='word_1_248' title='bbox 372 1111 409 1144; x_wconf 85' lang='lat' dir='ltr'><em>fit</em></span> <span class='ocrx_word' id='word_1_249' title='bbox 432 1111 570 1152; x_wconf 87' lang='lat' dir='ltr'><em>Ulpiano</em></span> <span class='ocrx_word' id='word_1_250' title='bbox 587 1109 733 1142; x_wconf 85' lang='lat' dir='ltr'><em>constans</em></span> <span class='ocrx_word' id='word_1_251' title='bbox 758 1110 788 1142; x_wconf 85' lang='lat'>&amp;</span> <span class='ocrx_word' id='word_1_252' title='bbox 811 1117 965 1151; x_wconf 83' lang='lat' dir='ltr'><em>perpetua</em></span> 
     </span>
    </p>

    <p class='ocr_par' dir='ltr' id='par_1_8' title="bbox 95 1150 966 3255">
     <span class='ocr_line' id='line_1_33' title="bbox 205 1150 964 1191; baseline 0 -8"><span class='ocrx_word' id='word_1_253' title='bbox 205 1153 362 1185; x_wconf 86' lang='lat' dir='ltr'><em>voluntas.</em></span> <span class='ocrx_word' id='word_1_254' title='bbox 408 1153 522 1184; x_wconf 85' lang='lat' dir='ltr'><em>Dicam</em></span> <span class='ocrx_word' id='word_1_255' title='bbox 541 1176 549 1190; x_wconf 94' lang='lat'><em>,</em></span> <span class='ocrx_word' id='word_1_256' title='bbox 582 1152 654 1191; x_wconf 88' lang='lat' dir='ltr'><em>quid</em></span> <span class='ocrx_word' id='word_1_257' title='bbox 681 1152 708 1182; x_wconf 89' lang='lat' dir='ltr'><em>ei</em></span> <span class='ocrx_word' id='word_1_258' title='bbox 729 1150 782 1189; x_wconf 83' lang='lat' dir='ltr'><em>fit,</em></span> <span class='ocrx_word' id='word_1_259' title='bbox 804 1152 852 1191; x_wconf 86' lang='lat' dir='ltr'><em>jus</em></span> <span class='ocrx_word' id='word_1_260' title='bbox 877 1150 964 1183; x_wconf 87' lang='lat' dir='ltr'><em>suum</em></span> 
     </span>
     <span class='ocr_line' id='line_1_34' title="bbox 102 1192 963 1234; baseline -0.001 -9"><span class='ocrx_word' id='word_1_261' title='bbox 102 1195 219 1234; x_wconf 88' lang='lat' dir='ltr'><em>cuique</em></span> <span class='ocrx_word' id='word_1_262' title='bbox 240 1194 389 1226; x_wconf 83' lang='lat' dir='ltr'><em>tribuere.</em></span> <span class='ocrx_word' id='word_1_263' title='bbox 413 1195 444 1226; x_wconf 90' lang='lat' dir='ltr'><em>id</em></span> <span class='ocrx_word' id='word_1_264' title='bbox 472 1195 555 1225; x_wconf 83' lang='lat' dir='ltr'><em>enirn</em></span> <span class='ocrx_word' id='word_1_265' title='bbox 580 1200 685 1224; x_wconf 87' lang='lat' dir='ltr'><em>utrum</em></span> <span class='ocrx_word' id='word_1_266' title='bbox 702 1192 901 1233; x_wconf 77' lang='lat' dir='ltr'><em>simpliciter,</em></span> <span class='ocrx_word' id='word_1_267' title='bbox 925 1202 963 1224; x_wconf 84' lang='lat' dir='ltr'><em>an</em></span> 
     </span>
     <span class='ocr_line' id='line_1_35' title="bbox 105 1234 964 1275; baseline -0.002 -9"><span class='ocrx_word' id='word_1_268' title='bbox 105 1234 252 1266; x_wconf 71' lang='lat' dir='ltr'><em>distinete</em></span> <span class='ocrx_word' id='word_1_269' title='bbox 270 1259 279 1274; x_wconf 97' lang='lat'><em>,</em></span> <span class='ocrx_word' id='word_1_270' title='bbox 312 1235 342 1266; x_wconf 71' lang='grc' dir='ltr'><em>δε</em></span> <span class='ocrx_word' id='word_1_271' title='bbox 367 1234 655 1275; x_wconf 77' lang='lat' dir='ltr'><em>quemadmodum,</em></span> <span class='ocrx_word' id='word_1_272' title='bbox 686 1235 802 1273; x_wconf 81' lang='lat' dir='ltr'><em>cuique</em></span> <span class='ocrx_word' id='word_1_273' title='bbox 826 1234 964 1265; x_wconf 83' lang='lat' dir='ltr'><em>tribuen-</em></span> 
     </span>
     <span class='ocr_line' id='line_1_36' title="bbox 103 1274 963 1316; baseline -0.001 -9"><span class='ocrx_word' id='word_1_274' title='bbox 103 1277 177 1307; x_wconf 87' lang='lat' dir='ltr'><em>dum</em></span> <span class='ocrx_word' id='word_1_275' title='bbox 198 1276 253 1314; x_wconf 86' lang='lat' dir='ltr'><em>fit,</em></span> <span class='ocrx_word' id='word_1_276' title='bbox 278 1275 348 1307; x_wconf 81' lang='lat' dir='ltr'><em>satis</em></span> <span class='ocrx_word' id='word_1_277' title='bbox 365 1277 550 1316; x_wconf 84' lang='lat' dir='ltr'><em>expeditum</em></span> <span class='ocrx_word' id='word_1_278' title='bbox 574 1284 637 1306; x_wconf 89' lang='lat' dir='ltr'><em>non</em></span> <span class='ocrx_word' id='word_1_279' title='bbox 658 1274 722 1314; x_wconf 80' lang='lat' dir='ltr'><em>est3</em></span> <span class='ocrx_word' id='word_1_280' title='bbox 748 1276 798 1306; x_wconf 84' lang='lat' dir='ltr'><em>nbi</em></span> <span class='ocrx_word' id='word_1_281' title='bbox 814 1275 963 1316; x_wconf 83' lang='lat' dir='ltr'><em>justitiam</em></span> 
     </span>
     <span class='ocr_line' id='line_1_37' title="bbox 99 1314 964 1357; baseline 0 -10"><span class='ocrx_word' id='word_1_282' title='bbox 99 1317 290 1357; x_wconf 80' lang='lat' dir='ltr'><em>generaliter</em></span> <span class='ocrx_word' id='word_1_283' title='bbox 318 1326 414 1348; x_wconf 85' lang='lat' dir='ltr'><em>vocat</em></span> <span class='ocrx_word' id='word_1_284' title='bbox 431 1340 441 1357; x_wconf 89' lang='lat'><em>,</em></span> <span class='ocrx_word' id='word_1_285' title='bbox 472 1314 646 1357; x_wconf 75' lang='lat' dir='ltr'><em>constantem</em></span> <span class='ocrx_word' id='word_1_286' title='bbox 669 1315 705 1350; x_wconf 61' lang='grc' dir='ltr'><em>ἑὸ)</em></span> <span class='ocrx_word' id='word_1_287' title='bbox 725 1323 892 1357; x_wconf 84' lang='lat' dir='ltr'><em>perpetuam</em></span> <span class='ocrx_word' id='word_1_288' title='bbox 914 1327 964 1347; x_wconf 80' lang='lat' dir='ltr'><em>vo-</em></span> 
     </span>
     <span class='ocr_line' id='line_1_38' title="bbox 102 1357 964 1400; baseline 0.001 -12"><span class='ocrx_word' id='word_1_289' title='bbox 102 1360 246 1388; x_wconf 84' lang='lat' dir='ltr'><em>lantatem</em></span> <span class='ocrx_word' id='word_1_290' title='bbox 261 1358 313 1400; x_wconf 88' lang='lat' dir='ltr'><em>jus</em></span> <span class='ocrx_word' id='word_1_291' title='bbox 333 1359 427 1398; x_wconf 88' lang='lat' dir='ltr'><em>suum</em></span> <span class='ocrx_word' id='word_1_292' title='bbox 452 1360 554 1399; x_wconf 85' lang='lat' dir='ltr'><em>cuique</em></span> <span class='ocrx_word' id='word_1_293' title='bbox 578 1359 730 1389; x_wconf 83' lang='lat' dir='ltr'><em>tribuendi.</em></span> <span class='ocrx_word' id='word_1_294' title='bbox 781 1357 894 1389; x_wconf 82' lang='lat' dir='ltr'><em>Putem</em></span> <span class='ocrx_word' id='word_1_295' title='bbox 920 1366 964 1389; x_wconf 84' lang='lat' dir='ltr'><em>ta-</em></span> 
     </span>
     <span class='ocr_line' id='line_1_39' title="bbox 101 1399 966 1440; baseline 0 -10"><span class='ocrx_word' id='word_1_296' title='bbox 101 1408 174 1430; x_wconf 89' lang='lat' dir='ltr'><em>men</em></span> <span class='ocrx_word' id='word_1_297' title='bbox 189 1422 200 1438; x_wconf 94' lang='lat'><em>,</em></span> <span class='ocrx_word' id='word_1_298' title='bbox 238 1400 360 1440; x_wconf 88' lang='lat' dir='ltr'><em>petenti</em></span> <span class='ocrx_word' id='word_1_299' title='bbox 395 1399 478 1431; x_wconf 86' lang='lat' dir='ltr'><em>suurn</em></span> <span class='ocrx_word' id='word_1_300' title='bbox 512 1408 575 1430; x_wconf 90' lang='lat' dir='ltr'><em>non</em></span> <span class='ocrx_word' id='word_1_301' title='bbox 609 1400 792 1438; x_wconf 84' lang='lat' dir='ltr'><em>simpliciter</em></span> <span class='ocrx_word' id='word_1_302' title='bbox 815 1423 822 1437; x_wconf 87' lang='lat'><strong>‚</strong></span> <span class='ocrx_word' id='word_1_303' title='bbox 859 1409 966 1439; x_wconf 83' lang='lat' dir='ltr'><em>neque</em></span> 
     </span>
     <span class='ocr_line' id='line_1_40' title="bbox 101 1439 963 1480; baseline 0.001 -9"><span class='ocrx_word' id='word_1_304' title='bbox 101 1439 226 1480; x_wconf 86' lang='lat' dir='ltr'><em>semper</em></span> <span class='ocrx_word' id='word_1_305' title='bbox 244 1463 253 1479; x_wconf 97' lang='lat'><em>,</em></span> <span class='ocrx_word' id='word_1_306' title='bbox 290 1440 491 1472; x_wconf 79' lang='lat' dir='ltr'><em>tribuendum</em></span> <span class='ocrx_word' id='word_1_307' title='bbox 517 1440 588 1472; x_wconf 81' lang='lat' dir='ltr'><em>effe.</em></span> <span class='ocrx_word' id='word_1_308' title='bbox 625 1441 700 1479; x_wconf 79' lang='lat' dir='ltr'><em>quid</em></span> <span class='ocrx_word' id='word_1_309' title='bbox 732 1442 814 1472; x_wconf 90' lang='lat' dir='ltr'><em>enim</em></span> <span class='ocrx_word' id='word_1_310' title='bbox 839 1441 860 1472; x_wconf 85' lang='lat' dir='ltr'>fi</span> <span class='ocrx_word' id='word_1_311' title='bbox 889 1441 963 1480; x_wconf 84' lang='lat' dir='ltr'><em>ipsi,</em></span> 
     </span>
     <span class='ocr_line' id='line_1_41' title="bbox 101 1481 964 1522; baseline 0 -10"><span class='ocrx_word' id='word_1_312' title='bbox 101 1482 176 1522; x_wconf 87' lang='lat' dir='ltr'><em>quid</em></span> <span class='ocrx_word' id='word_1_313' title='bbox 195 1481 215 1513; x_wconf 87' lang='lat' dir='ltr'>fi</span> <span class='ocrx_word' id='word_1_314' title='bbox 233 1481 367 1522; x_wconf 80' lang='lat' dir='ltr'><em>publicae</em></span> <span class='ocrx_word' id='word_1_315' title='bbox 386 1483 532 1520; x_wconf 89' lang='lat' dir='ltr'><em>utilitati,</em></span> <span class='ocrx_word' id='word_1_316' title='bbox 549 1484 729 1513; x_wconf 75' lang='lat' dir='ltr'><em>nociturum</em></span> <span class='ocrx_word' id='word_1_317' title='bbox 747 1481 808 1514; x_wconf 76' lang='lat' dir='ltr'><em>fit?</em></span> <span class='ocrx_word' id='word_1_318' title='bbox 832 1491 907 1513; x_wconf 85' lang='lat' dir='ltr'><em>num</em></span> <span class='ocrx_word' id='word_1_319' title='bbox 925 1492 964 1512; x_wconf 82' lang='lat' dir='ltr'><em>ae-</em></span> 
     </span>
     <span class='ocr_line' id='line_1_42' title="bbox 101 1523 964 1563; baseline 0.001 -9"><span class='ocrx_word' id='word_1_320' title='bbox 101 1532 199 1563; x_wconf 88' lang='lat' dir='ltr'><em>quum</em></span> <span class='ocrx_word' id='word_1_321' title='bbox 215 1523 333 1554; x_wconf 89' lang='lat' dir='ltr'><em>bonum</em></span> <span class='ocrx_word' id='word_1_322' title='bbox 352 1525 430 1562; x_wconf 88' lang='lat' dir='ltr'><em>erit,</em></span> <span class='ocrx_word' id='word_1_323' title='bbox 457 1525 542 1563; x_wconf 80' lang='lat' dir='ltr'><em>quod</em></span> <span class='ocrx_word' id='word_1_324' title='bbox 560 1524 699 1563; x_wconf 82' lang='lat' dir='ltr'><em>petentis</em></span> <span class='ocrx_word' id='word_1_325' title='bbox 718 1523 780 1554; x_wconf 77' lang='lat' dir='ltr'><em>esse</em></span> <span class='ocrx_word' id='word_1_326' title='bbox 796 1523 964 1555; x_wconf 74' lang='lat' dir='ltr'><em>hominum</em></span> 
     </span>
     <span class='ocr_line' id='line_1_43' title="bbox 99 1563 962 1605; baseline 0 -10"><span class='ocrx_word' id='word_1_327' title='bbox 99 1563 263 1595; x_wconf 81' lang='lat' dir='ltr'><em>inscientia</em></span> <span class='ocrx_word' id='word_1_328' title='bbox 289 1566 454 1605; x_wconf 84' lang='lat' dir='ltr'><em>opinatur,</em></span> <span class='ocrx_word' id='word_1_329' title='bbox 479 1566 510 1596; x_wconf 89' lang='lat' dir='ltr'><em>id</em></span> <span class='ocrx_word' id='word_1_330' title='bbox 535 1565 561 1595; x_wconf 89' lang='lat' dir='ltr'><em>ei</em></span> <span class='ocrx_word' id='word_1_331' title='bbox 583 1573 615 1595; x_wconf 88' lang='lat' dir='ltr'><em>ut</em></span> <span class='ocrx_word' id='word_1_332' title='bbox 640 1566 868 1604; x_wconf 76' lang='lat' dir='ltr'><em>imprudentius</em></span> <span class='ocrx_word' id='word_1_333' title='bbox 893 1575 962 1605; x_wconf 85' lang='lat' dir='ltr'><em>per-</em></span> 
     </span>
     <span class='ocr_line' id='line_1_44' title="bbox 99 1605 964 1647; baseline 0.002 -12"><span class='ocrx_word' id='word_1_334' title='bbox 99 1605 266 1637; x_wconf 79' lang='lat' dir='ltr'><em>mittatur?</em></span> <span class='ocrx_word' id='word_1_335' title='bbox 294 1606 356 1637; x_wconf 83' lang='lat' dir='ltr'><em>Sed</em></span> <span class='ocrx_word' id='word_1_336' title='bbox 381 1607 485 1647; x_wconf 88' lang='lat' dir='ltr'><em>probo</em></span> <span class='ocrx_word' id='word_1_337' title='bbox 501 1629 510 1644; x_wconf 94' lang='lat'><em>,</em></span> <span class='ocrx_word' id='word_1_338' title='bbox 535 1613 569 1637; x_wconf 86' lang='lat' dir='ltr'><em>ut</em></span> <span class='ocrx_word' id='word_1_339' title='bbox 595 1605 680 1636; x_wconf 83' lang='lat' dir='ltr'><em>suum</em></span> <span class='ocrx_word' id='word_1_340' title='bbox 706 1607 823 1645; x_wconf 79' lang='lat' dir='ltr'><em>cuique</em></span> <span class='ocrx_word' id='word_1_341' title='bbox 849 1607 964 1637; x_wconf 82' lang='lat' dir='ltr'><em>tribna-</em></span> 
     </span>
     <span class='ocr_line' id='line_1_45' title="bbox 99 1646 961 1687; baseline 0.001 -10"><span class='ocrx_word' id='word_1_342' title='bbox 99 1653 150 1677; x_wconf 90' lang='lat' dir='ltr'><em>tur</em></span> <span class='ocrx_word' id='word_1_343' title='bbox 168 1670 178 1684; x_wconf 89' lang='lat'><em>,</em></span> <span class='ocrx_word' id='word_1_344' title='bbox 212 1654 276 1678; x_wconf 86' lang='lat' dir='ltr'><em>tam</em></span> <span class='ocrx_word' id='word_1_345' title='bbox 302 1647 388 1679; x_wconf 79' lang='lat' dir='ltr'><em>suum</em></span> <span class='ocrx_word' id='word_1_346' title='bbox 409 1648 553 1679; x_wconf 79' lang='lat' dir='ltr'><em>humanae</em></span> <span class='ocrx_word' id='word_1_347' title='bbox 577 1647 812 1687; x_wconf 65' lang='lat' dir='ltr'><em>conjunctionis</em></span> <span class='ocrx_word' id='word_1_348' title='bbox 833 1646 961 1678; x_wconf 83' lang='lat' dir='ltr'><em>societa-</em></span> 
     </span>
     <span class='ocr_line' id='line_1_46' title="bbox 99 1688 961 1730; baseline 0.002 -12"><span class='ocrx_word' id='word_1_349' title='bbox 99 1688 146 1725; x_wconf 89' lang='lat' dir='ltr'><em>ti,</em></span> <span class='ocrx_word' id='word_1_350' title='bbox 170 1697 260 1728; x_wconf 84' lang='lat' dir='ltr'><em>quam</em></span> <span class='ocrx_word' id='word_1_351' title='bbox 286 1690 410 1727; x_wconf 84' lang='lat' dir='ltr'><em>privato</em></span> <span class='ocrx_word' id='word_1_352' title='bbox 427 1713 436 1728; x_wconf 94' lang='lat'><strong>‚</strong></span> <span class='ocrx_word' id='word_1_353' title='bbox 470 1689 556 1730; x_wconf 85' lang='lat' dir='ltr'><em>quod</em></span> <span class='ocrx_word' id='word_1_354' title='bbox 581 1688 644 1728; x_wconf 82' lang='lat' dir='ltr'><em>ejus</em></span> <span class='ocrx_word' id='word_1_355' title='bbox 663 1689 798 1727; x_wconf 75' lang='lat' dir='ltr'><em>dicitur,</em></span> <span class='ocrx_word' id='word_1_356' title='bbox 824 1690 961 1720; x_wconf 79' lang='lat' dir='ltr'><em>dandum</em></span> 
     </span>
     <span class='ocr_line' id='line_1_47' title="bbox 100 1728 964 1771; baseline 0.002 -12"><span class='ocrx_word' id='word_1_357' title='bbox 100 1728 181 1768; x_wconf 86' lang='lat' dir='ltr'><em>effe,</em></span> <span class='ocrx_word' id='word_1_358' title='bbox 204 1731 365 1770; x_wconf 72' lang='lat' dir='ltr'><em>magisque</em></span> <span class='ocrx_word' id='word_1_359' title='bbox 383 1731 410 1761; x_wconf 81' lang='lat' dir='ltr'><em>in</em></span> <span class='ocrx_word' id='word_1_360' title='bbox 434 1731 496 1761; x_wconf 84' lang='lat' dir='ltr'><em>hoc</em></span> <span class='ocrx_word' id='word_1_361' title='bbox 515 1729 670 1761; x_wconf 79' lang='lat' dir='ltr'><em>concursu</em></span> <span class='ocrx_word' id='word_1_362' title='bbox 688 1731 719 1761; x_wconf 88' lang='lat' dir='ltr'><em>id</em></span> <span class='ocrx_word' id='word_1_363' title='bbox 737 1731 894 1771; x_wconf 77' lang='lat' dir='ltr'><em>agendum</em></span> <span class='ocrx_word' id='word_1_364' title='bbox 920 1731 964 1761; x_wconf 90' lang='lat' dir='ltr'><em>vi-</em></span> 
     </span>
     <span class='ocr_line' id='line_1_48' title="bbox 99 1770 962 1810; baseline 0.001 -9"><span class='ocrx_word' id='word_1_365' title='bbox 99 1770 165 1801; x_wconf 88' lang='lat' dir='ltr'><em>deri</em></span> <span class='ocrx_word' id='word_1_366' title='bbox 186 1793 195 1808; x_wconf 89' lang='lat'><em>,</em></span> <span class='ocrx_word' id='word_1_367' title='bbox 227 1779 259 1801; x_wconf 82' lang='lat' dir='ltr'><em>ut</em></span> <span class='ocrx_word' id='word_1_368' title='bbox 280 1770 327 1801; x_wconf 82' lang='lat' dir='ltr'><em>sua</em></span> <span class='ocrx_word' id='word_1_369' title='bbox 351 1771 476 1802; x_wconf 78' lang='lat' dir='ltr'><em>constet</em></span> <span class='ocrx_word' id='word_1_370' title='bbox 496 1772 689 1803; x_wconf 77' lang='lat' dir='ltr'><em>innocentiae</em></span> <span class='ocrx_word' id='word_1_371' title='bbox 706 1795 715 1810; x_wconf 94' lang='lat'><em>,</em></span> <span class='ocrx_word' id='word_1_372' title='bbox 749 1780 781 1802; x_wconf 86' lang='lat' dir='ltr'><em>ut</em></span> <span class='ocrx_word' id='word_1_373' title='bbox 811 1773 934 1802; x_wconf 79' lang='lat' dir='ltr'><em>veritati</em></span> <span class='ocrx_word' id='word_1_374' title='bbox 952 1795 962 1810; x_wconf 97' lang='lat'><em>,</em></span> 
     </span>
     <span class='ocr_line' id='line_1_49' title="bbox 102 1812 963 1852; baseline 0.003 -12"><span class='ocrx_word' id='word_1_375' title='bbox 102 1818 170 1841; x_wconf 88' lang='lat' dir='ltr'><em>tum</em></span> <span class='ocrx_word' id='word_1_376' title='bbox 198 1813 361 1843; x_wconf 91' lang='lat' dir='ltr'><em>communi</em></span> <span class='ocrx_word' id='word_1_377' title='bbox 388 1813 513 1843; x_wconf 78' lang='lat' dir='ltr'><em>utilitati</em></span> <span class='ocrx_word' id='word_1_378' title='bbox 535 1835 544 1850; x_wconf 97' lang='lat'><em>,</em></span> <span class='ocrx_word' id='word_1_379' title='bbox 575 1812 675 1849; x_wconf 83' lang='lat' dir='ltr'><em>ratio3</em></span> <span class='ocrx_word' id='word_1_380' title='bbox 701 1822 794 1852; x_wconf 87' lang='lat' dir='ltr'><em>quarn</em></span> <span class='ocrx_word' id='word_1_381' title='bbox 822 1813 886 1852; x_wconf 84' lang='lat' dir='ltr'><em>ejus</em></span> <span class='ocrx_word' id='word_1_382' title='bbox 910 1813 963 1852; x_wconf 84' lang='lat' dir='ltr'><em>qui</em></span> 
     </span>
     <span class='ocr_line' id='line_1_50' title="bbox 99 1850 962 1893; baseline 0.001 -10"><span class='ocrx_word' id='word_1_383' title='bbox 99 1850 194 1883; x_wconf 79' lang='lat' dir='ltr'><em>stulte</em></span> <span class='ocrx_word' id='word_1_384' title='bbox 213 1851 299 1883; x_wconf 84' lang='lat' dir='ltr'><em>suum</em></span> <span class='ocrx_word' id='word_1_385' title='bbox 325 1856 426 1892; x_wconf 86' lang='lat' dir='ltr'><em>petit,</em></span> <span class='ocrx_word' id='word_1_386' title='bbox 447 1853 567 1884; x_wconf 73' lang='lat' dir='ltr'><em>libidini</em></span> <span class='ocrx_word' id='word_1_387' title='bbox 586 1855 708 1891; x_wconf 83' lang='lat' dir='ltr'><em>nimiae,</em></span> <span class='ocrx_word' id='word_1_388' title='bbox 740 1861 836 1893; x_wconf 84' lang='lat' dir='ltr'><em>atque</em></span> <span class='ocrx_word' id='word_1_389' title='bbox 856 1853 962 1884; x_wconf 85' lang='lat' dir='ltr'><em>insano</em></span> 
     </span>
     <span class='ocr_line' id='line_1_51' title="bbox 103 1892 962 1934; baseline 0.002 -11"><span class='ocrx_word' id='word_1_390' title='bbox 103 1892 230 1924; x_wconf 70' lang='lat' dir='ltr'><em>affectui</em></span> <span class='ocrx_word' id='word_1_391' title='bbox 249 1917 258 1932; x_wconf 93' lang='lat'><em>,</em></span> <span class='ocrx_word' id='word_1_392' title='bbox 298 1893 456 1925; x_wconf 77' lang='lat' dir='ltr'><em>serviatur.</em></span> <span class='ocrx_word' id='word_1_393' title='bbox 500 1893 575 1925; x_wconf 88' lang='lat' dir='ltr'><em>Hoc</em></span> <span class='ocrx_word' id='word_1_394' title='bbox 604 1895 686 1934; x_wconf 88' lang='lat' dir='ltr'><em>apud</em></span> <span class='ocrx_word' id='word_1_395' title='bbox 711 1893 847 1926; x_wconf 79' lang='lat' dir='ltr'><em>Veteres</em></span> <span class='ocrx_word' id='word_1_396' title='bbox 870 1904 962 1934; x_wconf 82' lang='lat' dir='ltr'><em>quam</em></span> 
     </span>
     <span class='ocr_line' id='line_1_52' title="bbox 101 1934 964 1976; baseline 0.001 -11"><span class='ocrx_word' id='word_1_397' title='bbox 101 1934 228 1975; x_wconf 83' lang='lat' dir='ltr'><em>egregie</em></span> <span class='ocrx_word' id='word_1_398' title='bbox 246 1935 367 1966; x_wconf 86' lang='lat' dir='ltr'><em>Seneca</em></span> <span class='ocrx_word' id='word_1_399' title='bbox 392 1937 436 1966; x_wconf 81' lang='lat' dir='ltr'><em>lib.</em></span> <span class='ocrx_word' id='word_1_400' title='bbox 462 1946 490 1973; x_wconf 82' lang='lat'><em>4.</em></span> <span class='ocrx_word' id='word_1_401' title='bbox 520 1935 565 1966; x_wconf 89' lang='lat' dir='ltr'><em>De</em></span> <span class='ocrx_word' id='word_1_402' title='bbox 587 1935 727 1974; x_wconf 86' lang='lat' dir='ltr'><em>beneficiis</em></span> <span class='ocrx_word' id='word_1_403' title='bbox 754 1945 777 1967; x_wconf 84' lang='lat' dir='ltr'><em>c.</em></span> <span class='ocrx_word' id='word_1_404' title='bbox 795 1945 826 1967; x_wconf 80' lang='lat' dir='ltr'><em>x.</em></span> <span class='ocrx_word' id='word_1_405' title='bbox 846 1934 964 1976; x_wconf 83' lang='lat' dir='ltr'><em>Deposi-</em></span> 
     </span>
     <span class='ocr_line' id='line_1_53' title="bbox 102 1975 959 2017; baseline 0.005 -12"><span class='ocrx_word' id='word_1_406' title='bbox 102 1981 184 2014; x_wconf 83' lang='lat' dir='ltr'><em>tum,</em></span> <span class='ocrx_word' id='word_1_407' title='bbox 210 1976 376 2016; x_wconf 85' lang='lat' dir='ltr'><em>inquiens,</em></span> <span class='ocrx_word' id='word_1_408' title='bbox 399 1977 530 2014; x_wconf 89' lang='lat' dir='ltr'><em>reddere,</em></span> <span class='ocrx_word' id='word_1_409' title='bbox 552 1979 645 2017; x_wconf 75' lang='lat' dir='ltr'><em>perse</em></span> <span class='ocrx_word' id='word_1_410' title='bbox 671 1978 826 2017; x_wconf 82' lang='lat' dir='ltr'><em>expetenda</em></span> <span class='ocrx_word' id='word_1_411' title='bbox 843 1987 886 2008; x_wconf 87' lang='lat' dir='ltr'><em>res</em></span> <span class='ocrx_word' id='word_1_412' title='bbox 902 1975 959 2017; x_wconf 82' lang='lat' dir='ltr'><em>est:</em></span> 
     </span>
     <span class='ocr_line' id='line_1_54' title="bbox 101 2018 961 2058; baseline 0.002 -12"><span class='ocrx_word' id='word_1_413' title='bbox 101 2026 158 2046; x_wconf 86' lang='lat' dir='ltr'><em>non</em></span> <span class='ocrx_word' id='word_1_414' title='bbox 176 2022 270 2048; x_wconf 79' lang='lat' dir='ltr'><em>tamen</em></span> <span class='ocrx_word' id='word_1_415' title='bbox 284 2021 397 2058; x_wconf 84' lang='lat' dir='ltr'><em>semper</em></span> <span class='ocrx_word' id='word_1_416' title='bbox 418 2019 534 2048; x_wconf 84' lang='lat' dir='ltr'><em>reddam</em></span> <span class='ocrx_word' id='word_1_417' title='bbox 552 2040 560 2054; x_wconf 96' lang='lat'><strong>‚</strong></span> <span class='ocrx_word' id='word_1_418' title='bbox 594 2028 644 2048; x_wconf 85' lang='lat' dir='ltr'><em>nec</em></span> <span class='ocrx_word' id='word_1_419' title='bbox 667 2018 788 2058; x_wconf 76' lang='lat' dir='ltr'><em>quolibet</em></span> <span class='ocrx_word' id='word_1_420' title='bbox 810 2019 885 2055; x_wconf 87' lang='lat' dir='ltr'><em>loco,</em></span> <span class='ocrx_word' id='word_1_421' title='bbox 910 2028 961 2049; x_wconf 85' lang='lat' dir='ltr'><em>nec</em></span> 
     </span>
     <span class='ocr_line' id='line_1_55' title="bbox 100 2057 960 2100; baseline 0.003 -13"><span class='ocrx_word' id='word_1_422' title='bbox 100 2057 220 2098; x_wconf 86' lang='lat' dir='ltr'><em>quolibet</em></span> <span class='ocrx_word' id='word_1_423' title='bbox 244 2064 372 2098; x_wconf 82' lang='lat' dir='ltr'><em>tempore.</em></span> <span class='ocrx_word' id='word_1_424' title='bbox 414 2059 581 2100; x_wconf 76' lang='lat' dir='ltr'><em>Aliquando</em></span> <span class='ocrx_word' id='word_1_425' title='bbox 605 2059 677 2090; x_wconf 76' lang='lat' dir='ltr'><em>nibil</em></span> <span class='ocrx_word' id='word_1_426' title='bbox 702 2058 833 2099; x_wconf 76' lang='lat' dir='ltr'><em>interest,</em></span> <span class='ocrx_word' id='word_1_427' title='bbox 860 2065 960 2091; x_wconf 87' lang='lat' dir='ltr'><em>utrum</em></span> 
     </span>
     <span class='ocr_line' id='line_1_56' title="bbox 98 2097 959 2139; baseline 0.003 -11"><span class='ocrx_word' id='word_1_428' title='bbox 98 2097 213 2138; x_wconf 73' lang='lat' dir='ltr'><em>infitier</em></span> <span class='ocrx_word' id='word_1_429' title='bbox 227 2122 237 2138; x_wconf 90' lang='lat'>‚</span> <span class='ocrx_word' id='word_1_430' title='bbox 268 2110 306 2130; x_wconf 88' lang='lat' dir='ltr'><em>an</em></span> <span class='ocrx_word' id='word_1_431' title='bbox 320 2101 416 2139; x_wconf 87' lang='lat' dir='ltr'><em>palam</em></span> <span class='ocrx_word' id='word_1_432' title='bbox 434 2102 558 2131; x_wconf 85' lang='lat' dir='ltr'><em>reddam.</em></span> <span class='ocrx_word' id='word_1_433' title='bbox 603 2100 737 2131; x_wconf 78' lang='lat' dir='ltr'><em>Intuebor</em></span> <span class='ocrx_word' id='word_1_434' title='bbox 756 2101 911 2131; x_wconf 83' lang='lat' dir='ltr'><em>utilitatem</em></span> <span class='ocrx_word' id='word_1_435' title='bbox 933 2110 959 2131; x_wconf 87' lang='lat' dir='ltr'><em>e-</em></span> 
     </span>
     <span class='ocr_line' id='line_1_57' title="bbox 96 2140 957 2182; baseline 0.002 -12"><span class='ocrx_word' id='word_1_436' title='bbox 96 2140 166 2181; x_wconf 89' lang='lat' dir='ltr'><em>jus,</em></span> <span class='ocrx_word' id='word_1_437' title='bbox 190 2142 238 2171; x_wconf 85' lang='lat' dir='ltr'><em>cui</em></span> <span class='ocrx_word' id='word_1_438' title='bbox 258 2142 425 2172; x_wconf 87' lang='lat' dir='ltr'><em>redditurus</em></span> <span class='ocrx_word' id='word_1_439' title='bbox 440 2141 528 2181; x_wconf 83' lang='lat' dir='ltr'><em>suni,</em></span> <span class='ocrx_word' id='word_1_440' title='bbox 553 2141 589 2175; x_wconf 53' lang='grc' dir='ltr'><em>ἐξ</em></span> <span class='ocrx_word' id='word_1_441' title='bbox 611 2143 774 2172; x_wconf 63' lang='lat' dir='ltr'><em>‘storicorum</em></span> <span class='ocrx_word' id='word_1_442' title='bbox 796 2142 839 2172; x_wconf 90' lang='lat' dir='ltr'><em>illi</em></span> <span class='ocrx_word' id='word_1_443' title='bbox 856 2141 957 2182; x_wconf 81' lang='lat' dir='ltr'><em>deposi—</em></span> 
     </span>
     <span class='ocr_line' id='line_1_58' title="bbox 102 2182 960 2225; baseline 0.003 -14"><span class='ocrx_word' id='word_1_444' title='bbox 102 2188 164 2211; x_wconf 88' lang='lat' dir='ltr'><em>tum</em></span> <span class='ocrx_word' id='word_1_445' title='bbox 186 2184 303 2221; x_wconf 75' lang='lat' dir='ltr'><em>negabo.</em></span> <span class='ocrx_word' id='word_1_446' title='bbox 345 2184 396 2214; x_wconf 84' lang='lat' dir='ltr'><em>Sic</em></span> <span class='ocrx_word' id='word_1_447' title='bbox 419 2182 551 2214; x_wconf 82' lang='lat' dir='ltr'><em>Seneca.</em></span> <span class='ocrx_word' id='word_1_448' title='bbox 594 2182 682 2225; x_wconf 80' lang='lat' dir='ltr'><em>Quid</em></span> <span class='ocrx_word' id='word_1_449' title='bbox 705 2183 823 2215; x_wconf 75' lang='lat' dir='ltr'><em>Cicero</em></span> <span class='ocrx_word' id='word_1_450' title='bbox 842 2183 859 2214; x_wconf 74' lang='grc'><em>,9</em></span> <span class='ocrx_word' id='word_1_451' title='bbox 888 2183 960 2215; x_wconf 84' lang='lat' dir='ltr'><em>infit</em></span> 
     </span>
     <span class='ocr_line' id='line_1_59' title="bbox 102 2222 960 2264; baseline 0.002 -11"><span class='ocrx_word' id='word_1_452' title='bbox 102 2222 150 2253; x_wconf 81' lang='lat' dir='ltr'><em>lib.</em></span> <span class='ocrx_word' id='word_1_453' title='bbox 166 2232 194 2263; x_wconf 80' lang='lat'><em>3.</em></span> <span class='ocrx_word' id='word_1_454' title='bbox 217 2223 264 2254; x_wconf 89' lang='lat' dir='ltr'><em>De</em></span> <span class='ocrx_word' id='word_1_455' title='bbox 279 2222 386 2264; x_wconf 85' lang='lat' dir='ltr'><em>officiis.</em></span> <span class='ocrx_word' id='word_1_456' title='bbox 433 2224 574 2264; x_wconf 70' lang='lat' dir='ltr'><em>Frorniffa</em></span> <span class='ocrx_word' id='word_1_457' title='bbox 590 2234 646 2254; x_wconf 88' lang='lat' dir='ltr'><em>non</em></span> <span class='ocrx_word' id='word_1_458' title='bbox 661 2225 803 2263; x_wconf 84' lang='lat' dir='ltr'><em>facienda</em></span> <span class='ocrx_word' id='word_1_459' title='bbox 826 2234 960 2256; x_wconf 83' lang='lat' dir='ltr'><em>nonnun-</em></span> 
     </span>
     <span class='ocr_line' id='line_1_60' title="bbox 102 2264 963 2306; baseline 0.002 -12"><span class='ocrx_word' id='word_1_460' title='bbox 102 2273 189 2304; x_wconf 86' lang='lat' dir='ltr'><em>quam</em></span> <span class='ocrx_word' id='word_1_461' title='bbox 205 2286 216 2302; x_wconf 92' lang='lat'><em>,</em></span> <span class='ocrx_word' id='word_1_462' title='bbox 250 2274 340 2305; x_wconf 86' lang='lat' dir='ltr'><em>neque</em></span> <span class='ocrx_word' id='word_1_463' title='bbox 360 2266 473 2306; x_wconf 80' lang='lat' dir='ltr'><em>semper</em></span> <span class='ocrx_word' id='word_1_464' title='bbox 500 2264 621 2305; x_wconf 81' lang='lat' dir='ltr'><em>depofita</em></span> <span class='ocrx_word' id='word_1_465' title='bbox 644 2267 783 2296; x_wconf 78' lang='lat' dir='ltr'><em>reddenda</em></span> <span class='ocrx_word' id='word_1_466' title='bbox 800 2267 886 2305; x_wconf 81' lang='lat' dir='ltr'><em>sunt.</em></span> <span class='ocrx_word' id='word_1_467' title='bbox 929 2266 963 2297; x_wconf 90' lang='lat' dir='ltr'><em>Si</em></span> 
     </span>
     <span class='ocr_line' id='line_1_61' title="bbox 101 2304 958 2348; baseline 0.006 -15"><span class='ocrx_word' id='word_1_468' title='bbox 101 2304 232 2345; x_wconf 83' lang='lat' dir='ltr'><em>gladium</em></span> <span class='ocrx_word' id='word_1_469' title='bbox 254 2308 318 2346; x_wconf 84' lang='lat' dir='ltr'><em>quis</em></span> <span class='ocrx_word' id='word_1_470' title='bbox 336 2309 412 2346; x_wconf 82' lang='lat' dir='ltr'><em>apud</em></span> <span class='ocrx_word' id='word_1_471' title='bbox 439 2314 465 2336; x_wconf 91' lang='lat' dir='ltr'><em>te</em></span> <span class='ocrx_word' id='word_1_472' title='bbox 480 2309 558 2346; x_wconf 78' lang='lat' dir='ltr'><em>jana</em></span> <span class='ocrx_word' id='word_1_473' title='bbox 584 2314 676 2337; x_wconf 87' lang='lat' dir='ltr'><em>mente</em></span> <span class='ocrx_word' id='word_1_474' title='bbox 702 2309 887 2348; x_wconf 78' lang='lat' dir='ltr'><em>deposuerit,</em></span> <span class='ocrx_word' id='word_1_475' title='bbox 919 2317 958 2337; x_wconf 88' lang='lat' dir='ltr'><em>re-</em></span> 
     </span>
     <span class='ocr_line' id='line_1_62' title="bbox 99 2346 961 2388; baseline 0.005 -14"><span class='ocrx_word' id='word_1_476' title='bbox 99 2350 180 2385; x_wconf 84' lang='lat' dir='ltr'><em>petat</em></span> <span class='ocrx_word' id='word_1_477' title='bbox 195 2346 340 2384; x_wconf 79' lang='lat' dir='ltr'><em>insaniens</em></span> <span class='ocrx_word' id='word_1_478' title='bbox 356 2371 366 2385; x_wconf 63' lang='lat' dir='ltr'><em>v</em></span> <span class='ocrx_word' id='word_1_479' title='bbox 399 2350 511 2379; x_wconf 82' lang='lat' dir='ltr'><em>reddere</em></span> <span class='ocrx_word' id='word_1_480' title='bbox 528 2347 749 2388; x_wconf 64' lang='lat' dir='ltr'><em>peccaturum,</em></span> <span class='ocrx_word' id='word_1_481' title='bbox 774 2359 831 2379; x_wconf 87' lang='lat' dir='ltr'><em>non</em></span> <span class='ocrx_word' id='word_1_482' title='bbox 846 2349 961 2380; x_wconf 84' lang='lat' dir='ltr'><em>reddere</em></span> 
     </span>
     <span class='ocr_line' id='line_1_63' title="bbox 106 2384 959 2434; baseline 0.006 -18"><span class='ocrx_word' id='word_1_483' title='bbox 106 2384 237 2425; x_wconf 88' lang='lat' dir='ltr'><em>officium.</em></span> <span class='ocrx_word' id='word_1_484' title='bbox 284 2387 366 2434; x_wconf 71' lang='lat' dir='ltr'><em>Quid</em></span> <span class='ocrx_word' id='word_1_485' title='bbox 382 2387 411 2426; x_wconf 84' lang='lat' dir='ltr'><em>si</em></span> <span class='ocrx_word' id='word_1_486' title='bbox 429 2390 452 2418; x_wconf 91' lang='lat' dir='ltr'><em>is</em></span> <span class='ocrx_word' id='word_1_487' title='bbox 469 2412 477 2427; x_wconf 89' lang='lat'><em>,</em></span> <span class='ocrx_word' id='word_1_488' title='bbox 507 2391 557 2430; x_wconf 82' lang='lat' dir='ltr'><em>qui</em></span> <span class='ocrx_word' id='word_1_489' title='bbox 578 2391 655 2429; x_wconf 85' lang='lat' dir='ltr'><em>apud</em></span> <span class='ocrx_word' id='word_1_490' title='bbox 672 2395 697 2419; x_wconf 87' lang='lat' dir='ltr'><em>te</em></span> <span class='ocrx_word' id='word_1_491' title='bbox 711 2392 863 2430; x_wconf 82' lang='lat' dir='ltr'><em>pecuniam</em></span> <span class='ocrx_word' id='word_1_492' title='bbox 879 2393 959 2431; x_wconf 87' lang='lat' dir='ltr'><em>depo-</em></span> 
     </span>
     <span class='ocr_line' id='line_1_64' title="bbox 95 2428 959 2472; baseline 0.007 -15"><span class='ocrx_word' id='word_1_493' title='bbox 95 2428 211 2466; x_wconf 80' lang='lat' dir='ltr'><em>Juerit,</em></span> <span class='ocrx_word' id='word_1_494' title='bbox 235 2428 333 2464; x_wconf 81' lang='lat' dir='ltr'><em>bellum</em></span> <span class='ocrx_word' id='word_1_495' title='bbox 352 2430 459 2469; x_wconf 82' lang='lat' dir='ltr'><em>inferat</em></span> <span class='ocrx_word' id='word_1_496' title='bbox 478 2432 599 2470; x_wconf 68' lang='lat' dir='ltr'><em>patria,</em></span> <span class='ocrx_word' id='word_1_497' title='bbox 623 2432 756 2462; x_wconf 81' lang='lat' dir='ltr'><em>recidesne</em></span> <span class='ocrx_word' id='word_1_498' title='bbox 778 2430 959 2472; x_wconf 78' lang='lat' dir='ltr'><em>depositum?</em></span> 
     </span>
     <span class='ocr_line' id='line_1_65' title="bbox 106 2468 962 2514; baseline 0.006 -16"><span class='ocrx_word' id='word_1_499' title='bbox 106 2468 178 2499; x_wconf 94' lang='lat' dir='ltr'><em>Non</em></span> <span class='ocrx_word' id='word_1_500' title='bbox 202 2471 279 2500; x_wconf 85' lang='lat' dir='ltr'><em>credo</em></span> <span class='ocrx_word' id='word_1_501' title='bbox 295 2481 304 2501; x_wconf 89' lang='grc'><em>.-</em></span> <span class='ocrx_word' id='word_1_502' title='bbox 319 2471 414 2510; x_wconf 82' lang='lat' dir='ltr'><em>facies</em></span> <span class='ocrx_word' id='word_1_503' title='bbox 437 2474 511 2501; x_wconf 79' lang='lat' dir='ltr'><em>enim</em></span> <span class='ocrx_word' id='word_1_504' title='bbox 537 2478 636 2502; x_wconf 84' lang='lat' dir='ltr'><em>contra</em></span> <span class='ocrx_word' id='word_1_505' title='bbox 650 2474 851 2513; x_wconf 77' lang='lat' dir='ltr'><em>rempublicam</em></span> <span class='ocrx_word' id='word_1_506' title='bbox 867 2496 876 2510; x_wconf 90' lang='lat'><em>,</em></span> <span class='ocrx_word' id='word_1_507' title='bbox 900 2483 962 2514; x_wconf 67' lang='lat' dir='ltr'><em>quse</em></span> 
     </span>
     <span class='ocr_line' id='line_1_66' title="bbox 106 2510 962 2554; baseline 0.005 -14"><span class='ocrx_word' id='word_1_508' title='bbox 106 2510 180 2540; x_wconf 86' lang='lat' dir='ltr'><em>debet</em></span> <span class='ocrx_word' id='word_1_509' title='bbox 197 2510 248 2549; x_wconf 79' lang='lat' dir='ltr'><em>effe</em></span> <span class='ocrx_word' id='word_1_510' title='bbox 262 2511 411 2551; x_wconf 80' lang='lat' dir='ltr'><em>cariffinia.</em></span> <span class='ocrx_word' id='word_1_511' title='bbox 456 2513 504 2542; x_wconf 83' lang='lat' dir='ltr'><em>Sic</em></span> <span class='ocrx_word' id='word_1_512' title='bbox 518 2516 625 2550; x_wconf 83' lang='lat' dir='ltr'><em>multa,</em></span> <span class='ocrx_word' id='word_1_513' title='bbox 649 2523 710 2554; x_wconf 81' lang='lat' dir='ltr'><em>quae</em></span> <span class='ocrx_word' id='word_1_514' title='bbox 727 2512 839 2554; x_wconf 73' lang='lat' dir='ltr'><em>honesta</em></span> <span class='ocrx_word' id='word_1_515' title='bbox 861 2516 962 2545; x_wconf 85' lang='lat' dir='ltr'><em>viden-</em></span> 
     </span>
     <span class='ocr_line' id='line_1_67' title="bbox 105 2551 963 2596; baseline 0.007 -16"><span class='ocrx_word' id='word_1_516' title='bbox 105 2557 155 2581; x_wconf 88' lang='lat' dir='ltr'><em>tur</em></span> <span class='ocrx_word' id='word_1_517' title='bbox 175 2551 243 2591; x_wconf 80' lang='lat' dir='ltr'><em>effe,</em></span> <span class='ocrx_word' id='word_1_518' title='bbox 267 2555 434 2593; x_wconf 77' lang='lat' dir='ltr'><em>temporibus</em></span> <span class='ocrx_word' id='word_1_519' title='bbox 453 2554 533 2592; x_wconf 77' lang='lat' dir='ltr'><em>fiunt</em></span> <span class='ocrx_word' id='word_1_520' title='bbox 550 2565 605 2584; x_wconf 77' lang='lat' dir='ltr'><em>non</em></span> <span class='ocrx_word' id='word_1_521' title='bbox 631 2553 761 2594; x_wconf 75' lang='lat' dir='ltr'><em>honesta.-</em></span> <span class='ocrx_word' id='word_1_522' title='bbox 777 2556 878 2595; x_wconf 83' lang='lat' dir='ltr'><em>facere</em></span> <span class='ocrx_word' id='word_1_523' title='bbox 897 2563 963 2596; x_wconf 89' lang='lat' dir='ltr'><em>pro-</em></span> 
     </span>
     <span class='ocr_line' id='line_1_68' title="bbox 106 2591 961 2636; baseline 0.007 -15"><span class='ocrx_word' id='word_1_524' title='bbox 106 2591 185 2631; x_wconf 80' lang='lat' dir='ltr'><em>miffu</em></span> <span class='ocrx_word' id='word_1_525' title='bbox 201 2616 209 2630; x_wconf 91' lang='lat'><em>,</em></span> <span class='ocrx_word' id='word_1_526' title='bbox 225 2591 305 2632; x_wconf 83' lang='lat' dir='ltr'><em>stare</em></span> <span class='ocrx_word' id='word_1_527' title='bbox 328 2597 493 2633; x_wconf 84' lang='lat' dir='ltr'><em>conventis,</em></span> <span class='ocrx_word' id='word_1_528' title='bbox 518 2598 630 2626; x_wconf 70' lang='lat' dir='ltr'><em>reddere</em></span> <span class='ocrx_word' id='word_1_529' title='bbox 644 2596 784 2636; x_wconf 81' lang='lat' dir='ltr'><em>depofita,</em></span> <span class='ocrx_word' id='word_1_530' title='bbox 808 2603 961 2627; x_wconf 85' lang='lat' dir='ltr'><em>commuta-</em></span> 
     </span>
     <span class='ocr_line' id='line_1_69' title="bbox 108 2634 963 2679; baseline 0.008 -18"><span class='ocrx_word' id='word_1_531' title='bbox 108 2637 138 2662; x_wconf 89' lang='lat' dir='ltr'><em>ta</em></span> <span class='ocrx_word' id='word_1_532' title='bbox 155 2634 280 2664; x_wconf 87' lang='lat' dir='ltr'><em>utilitate</em></span> <span class='ocrx_word' id='word_1_533' title='bbox 289 2635 371 2674; x_wconf 85' lang='lat' dir='ltr'><em>fiunt</em></span> <span class='ocrx_word' id='word_1_534' title='bbox 387 2647 443 2667; x_wconf 88' lang='lat' dir='ltr'><em>non</em></span> <span class='ocrx_word' id='word_1_535' title='bbox 459 2635 580 2676; x_wconf 78' lang='lat' dir='ltr'><em>honesta.</em></span> <span class='ocrx_word' id='word_1_536' title='bbox 625 2636 730 2668; x_wconf 80' lang='lat' dir='ltr'><em>Locus</em></span> <span class='ocrx_word' id='word_1_537' title='bbox 747 2638 871 2679; x_wconf 82' lang='lat' dir='ltr'><em>elegans</em></span> <span class='ocrx_word' id='word_1_538' title='bbox 884 2660 893 2671; x_wconf 87' lang='grc'><em>.,</em></span> <span class='ocrx_word' id='word_1_539' title='bbox 912 2637 963 2668; x_wconf 84' lang='lat' dir='ltr'><em>sed</em></span> 
     </span>
     <span class='ocr_line' id='line_1_70' title="bbox 109 2674 961 2719; baseline 0.007 -17"><span class='ocrx_word' id='word_1_540' title='bbox 109 2674 230 2714; x_wconf 78' lang='lat' dir='ltr'><em>cuipar</em></span> <span class='ocrx_word' id='word_1_541' title='bbox 251 2677 305 2715; x_wconf 87' lang='lat' dir='ltr'><em>qui</em></span> <span class='ocrx_word' id='word_1_542' title='bbox 325 2678 469 2715; x_wconf 77' lang='lat' dir='ltr'><em>proxime</em></span> <span class='ocrx_word' id='word_1_543' title='bbox 489 2677 626 2717; x_wconf 79' lang='lat' dir='ltr'><em>sequitur</em></span> <span class='ocrx_word' id='word_1_544' title='bbox 645 2689 683 2709; x_wconf 87' lang='lat' dir='ltr'><em>ex</em></span> <span class='ocrx_word' id='word_1_545' title='bbox 709 2680 849 2719; x_wconf 83' lang='lat' dir='ltr'><em>ejusdem</em></span> <span class='ocrx_word' id='word_1_546' title='bbox 867 2679 914 2709; x_wconf 89' lang='lat' dir='ltr'><em>lib.</em></span> <span class='ocrx_word' id='word_1_547' title='bbox 938 2687 961 2709; x_wconf 91' lang='lat'><em>1.</em></span> 
     </span>
     <span class='ocr_line' id='line_1_71' title="bbox 109 2712 965 2760; baseline 0.009 -19"><span class='ocrx_word' id='word_1_548' title='bbox 109 2712 156 2742; x_wconf 86' lang='lat' dir='ltr'><em>De</em></span> <span class='ocrx_word' id='word_1_549' title='bbox 170 2714 278 2760; x_wconf 81' lang='lat' dir='ltr'><em>officiis.</em></span> <span class='ocrx_word' id='word_1_550' title='bbox 321 2718 540 2759; x_wconf 69' lang='lat' dir='ltr'><em>Inciauntsaepe</em></span> <span class='ocrx_word' id='word_1_551' title='bbox 559 2725 701 2759; x_wconf 82' lang='lat' dir='ltr'><em>tempora,</em></span> <span class='ocrx_word' id='word_1_552' title='bbox 733 2731 796 2751; x_wconf 83' lang='lat' dir='ltr'><em>cum</em></span> <span class='ocrx_word' id='word_1_553' title='bbox 814 2730 846 2751; x_wconf 86' lang='lat' dir='ltr'><em>ea</em></span> <span class='ocrx_word' id='word_1_554' title='bbox 862 2744 870 2757; x_wconf 90' lang='lat'>‚</span> <span class='ocrx_word' id='word_1_555' title='bbox 902 2729 965 2760; x_wconf 69' lang='lat' dir='ltr'><em>quae</em></span> 
     </span>
     <span class='ocr_line' id='line_1_72' title="bbox 110 2757 963 2802; baseline 0.009 -20"><span class='ocrx_word' id='word_1_556' title='bbox 110 2757 231 2785; x_wconf 83' lang='lat' dir='ltr'><em>maxime</em></span> <span class='ocrx_word' id='word_1_557' title='bbox 254 2759 390 2789; x_wconf 81' lang='lat' dir='ltr'><em>videntur</em></span> <span class='ocrx_word' id='word_1_558' title='bbox 414 2762 503 2801; x_wconf 84' lang='lat' dir='ltr'><em>digna</em></span> <span class='ocrx_word' id='word_1_559' title='bbox 525 2760 575 2800; x_wconf 85' lang='lat' dir='ltr'><em>effe</em></span> <span class='ocrx_word' id='word_1_560' title='bbox 593 2759 671 2802; x_wconf 82' lang='lat' dir='ltr'><em>justo</em></span> <span class='ocrx_word' id='word_1_561' title='bbox 693 2763 803 2792; x_wconf 75' lang='lat' dir='ltr'><em>homine</em></span> <span class='ocrx_word' id='word_1_562' title='bbox 822 2784 830 2797; x_wconf 77' lang='lat'>‚</span> <span class='ocrx_word' id='word_1_563' title='bbox 861 2770 963 2801; x_wconf 89' lang='lat' dir='ltr'><em>eoque,</em></span> 
     </span>
     <span class='ocr_line' id='line_1_73' title="bbox 110 2801 953 2842; baseline 0.009 -19"><span class='ocrx_word' id='word_1_564' title='bbox 110 2803 192 2833; x_wconf 83' lang='lat' dir='ltr'><em>quent</em></span> <span class='ocrx_word' id='word_1_565' title='bbox 213 2806 310 2828; x_wconf 79' lang='lat' dir='ltr'><em>virum</em></span> <span class='ocrx_word' id='word_1_566' title='bbox 331 2801 434 2832; x_wconf 85' lang='lat' dir='ltr'><em>bonum</em></span> <span class='ocrx_word' id='word_1_567' title='bbox 451 2803 589 2838; x_wconf 79' lang='lat' dir='ltr'><em>dicimus,</em></span> <span class='ocrx_word' id='word_1_568' title='bbox 615 2809 828 2832; x_wconf 76' lang='lat' dir='ltr'><em>commutantur</em></span> <span class='ocrx_word' id='word_1_569' title='bbox 843 2826 852 2841; x_wconf 85' lang='lat'><em>,</em></span> <span class='ocrx_word' id='word_1_570' title='bbox 871 2801 953 2842; x_wconf 86' lang='lat' dir='ltr'><em>fiunt</em></span> 
     </span>
     <span class='ocr_line' id='line_1_74' title="bbox 112 2840 965 2883; baseline 0.008 -17"><span class='ocrx_word' id='word_1_571' title='bbox 112 2844 167 2875; x_wconf 82' lang='lat' dir='ltr'><em>que</em></span> <span class='ocrx_word' id='word_1_572' title='bbox 192 2840 353 2882; x_wconf 80' lang='lat' dir='ltr'><em>contraria,</em></span> <span class='ocrx_word' id='word_1_573' title='bbox 383 2848 416 2872; x_wconf 88' lang='lat' dir='ltr'><em>ut</em></span> <span class='ocrx_word' id='word_1_574' title='bbox 438 2852 495 2873; x_wconf 91' lang='lat' dir='ltr'><em>non</em></span> <span class='ocrx_word' id='word_1_575' title='bbox 520 2844 632 2872; x_wconf 82' lang='lat' dir='ltr'><em>reddere</em></span> <span class='ocrx_word' id='word_1_576' title='bbox 658 2842 829 2883; x_wconf 70' lang='lat' dir='ltr'><em>depofitum,</em></span> <span class='ocrx_word' id='word_1_577' title='bbox 856 2843 965 2883; x_wconf 85' lang='lat' dir='ltr'><em>[etiam</em></span> 
     </span>
     <span class='ocr_line' id='line_1_75' title="bbox 111 2876 966 2925; baseline 0.002 -14"><span class='ocrx_word' id='word_1_578' title='bbox 111 2885 146 2905; x_wconf 70' lang='lat'><em>⁷²¹³</em></span> <span class='ocrx_word' id='word_1_579' title='bbox 168 2876 319 2923; x_wconf 49' lang='lat' dir='ltr'><em>suffuso-9]</em></span> <span class='ocrx_word' id='word_1_580' title='bbox 345 2883 507 2923; x_wconf 81' lang='lat' dir='ltr'><em>promzffum</em></span> <span class='ocrx_word' id='word_1_581' title='bbox 527 2884 625 2921; x_wconf 85' lang='lat' dir='ltr'><em>facere</em></span> <span class='ocrx_word' id='word_1_582' title='bbox 643 2908 651 2921; x_wconf 92' lang='lat'><em>,</em></span> <span class='ocrx_word' id='word_1_583' title='bbox 685 2894 801 2925; x_wconf 76' lang='lat' dir='ltr'><em>quteque</em></span> <span class='ocrx_word' id='word_1_584' title='bbox 819 2886 966 2924; x_wconf 77' lang='lat' dir='ltr'><em>pertinent</em></span> 
     </span>
     <span class='ocr_line' id='line_1_76' title="bbox 111 2920 962 2966; baseline 0.001 -12"><span class='ocrx_word' id='word_1_585' title='bbox 111 2920 148 2946; x_wconf 68' lang='lat'><em>0‘1</em></span> <span class='ocrx_word' id='word_1_586' title='bbox 174 2924 321 2950; x_wconf 54' lang='lat' dir='ltr'><em>‘vernalem</em></span> <span class='ocrx_word' id='word_1_587' title='bbox 340 2921 375 2955; x_wconf 62' lang='grc' dir='ltr'><em>ὅ)</em></span> <span class='ocrx_word' id='word_1_588' title='bbox 400 2927 436 2954; x_wconf 82' lang='lat' dir='ltr'><em>ad</em></span> <span class='ocrx_word' id='word_1_589' title='bbox 451 2925 538 2963; x_wconf 85' lang='lat' dir='ltr'><em>fidem</em></span> <span class='ocrx_word' id='word_1_590' title='bbox 560 2948 569 2963; x_wconf 97' lang='lat'><em>,</em></span> <span class='ocrx_word' id='word_1_591' title='bbox 597 2934 629 2955; x_wconf 87' lang='lat' dir='ltr'><em>ea</em></span> <span class='ocrx_word' id='word_1_592' title='bbox 646 2928 771 2966; x_wconf 81' lang='lat' dir='ltr'><em>migrare</em></span> <span class='ocrx_word' id='word_1_593' title='bbox 797 2927 962 2963; x_wconf 79' lang='lat' dir='ltr'><em>interdum,</em></span> 
     </span>
     <span class='ocr_line' id='line_1_77' title="bbox 112 2956 965 3006; baseline 0.006 -15"><span class='ocrx_word' id='word_1_594' title='bbox 112 2956 149 2991; x_wconf 49' lang='grc' dir='ltr'><em>ὦς’</em></span> <span class='ocrx_word' id='word_1_595' title='bbox 174 2962 362 2998; x_wconf 25' lang='lat' dir='ltr'><em>⁷1⁰⁷24l8rvare</em></span> <span class='ocrx_word' id='word_1_596' title='bbox 379 2963 420 3000; x_wconf 85' lang='lat' dir='ltr'><em>fit</em></span> <span class='ocrx_word' id='word_1_597' title='bbox 430 2963 551 3006; x_wconf 79' lang='lat' dir='ltr'><em>justum.</em></span> <span class='ocrx_word' id='word_1_598' title='bbox 594 2965 711 3004; x_wconf 75' lang='lat' dir='ltr'><em>Referri</em></span> <span class='ocrx_word' id='word_1_599' title='bbox 735 2969 810 2998; x_wconf 90' lang='lat' dir='ltr'><em>enim</em></span> <span class='ocrx_word' id='word_1_600' title='bbox 835 2968 910 2997; x_wconf 81' lang='lat' dir='ltr'><em>decet</em></span> <span class='ocrx_word' id='word_1_601' title='bbox 928 2968 965 2996; x_wconf 91' lang='lat' dir='ltr'><em>ad</em></span> 
     </span>
     <span class='ocr_line' id='line_1_78' title="bbox 111 3005 965 3049; baseline 0.006 -17"><span class='ocrx_word' id='word_1_602' title='bbox 111 3008 143 3046; x_wconf 58' lang='lat' dir='ltr'><em>etz</em></span> <span class='ocrx_word' id='word_1_603' title='bbox 158 3022 168 3038; x_wconf 90' lang='lat'><em>,</em></span> <span class='ocrx_word' id='word_1_604' title='bbox 198 3010 258 3047; x_wconf 66' lang='lat' dir='ltr'><em>quie</em></span> <span class='ocrx_word' id='word_1_605' title='bbox 280 3005 411 3043; x_wconf 79' lang='lat' dir='ltr'><em>proposui</em></span> <span class='ocrx_word' id='word_1_606' title='bbox 431 3006 463 3035; x_wconf 83' lang='lat' dir='ltr'><em>in</em></span> <span class='ocrx_word' id='word_1_607' title='bbox 481 3008 640 3047; x_wconf 84' lang='lat' dir='ltr'><em>principio,</em></span> <span class='ocrx_word' id='word_1_608' title='bbox 670 3009 864 3044; x_wconf 80' lang='lat' dir='ltr'><em>fundamenta</em></span> <span class='ocrx_word' id='word_1_609' title='bbox 879 3005 965 3049; x_wconf 79' lang='lat' dir='ltr'><em>justi-</em></span> 
     </span>
     <span class='ocr_line' id='line_1_79' title="bbox 111 3046 964 3086; baseline 0.013 -17"><span class='ocrx_word' id='word_1_610' title='bbox 111 3046 157 3070; x_wconf 67' lang='grc' dir='ltr'><em>τηε</em></span> <span class='ocrx_word' id='word_1_611' title='bbox 171 3063 180 3078; x_wconf 93' lang='grc'><em>,</em></span> <span class='ocrx_word' id='word_1_612' title='bbox 199 3049 327 3080; x_wconf 81' lang='lat' dir='ltr'><em>primum</em></span> <span class='ocrx_word' id='word_1_613' title='bbox 342 3066 352 3082; x_wconf 89' lang='lat'><em>,</em></span> <span class='ocrx_word' id='word_1_614' title='bbox 374 3051 407 3075; x_wconf 93' lang='lat' dir='ltr'><em>ut</em></span> <span class='ocrx_word' id='word_1_615' title='bbox 421 3055 456 3075; x_wconf 89' lang='lat' dir='ltr'><em>ne</em></span> <span class='ocrx_word' id='word_1_616' title='bbox 471 3048 517 3076; x_wconf 85' lang='lat' dir='ltr'><em>cui</em></span> <span class='ocrx_word' id='word_1_617' title='bbox 533 3054 684 3086; x_wconf 86' lang='lat' dir='ltr'><em>noceatur,</em></span> <span class='ocrx_word' id='word_1_618' title='bbox 706 3051 821 3084; x_wconf 78' lang='lat' dir='ltr'><em>deinde,</em></span> <span class='ocrx_word' id='word_1_619' title='bbox 845 3055 877 3079; x_wconf 87' lang='lat' dir='ltr'><em>ut</em></span> <span class='ocrx_word' id='word_1_620' title='bbox 893 3059 964 3080; x_wconf 85' lang='lat' dir='ltr'><em>com-</em></span> 
     </span>
     <span class='ocr_line' id='line_1_80' title="bbox 110 3082 957 3131; baseline 0.014 -21"><span class='ocrx_word' id='word_1_621' title='bbox 110 3082 192 3111; x_wconf 77' lang='lat' dir='ltr'><em>nzuni</em></span> <span class='ocrx_word' id='word_1_622' title='bbox 209 3083 333 3115; x_wconf 82' lang='lat' dir='ltr'><em>utilitati</em></span> <span class='ocrx_word' id='word_1_623' title='bbox 345 3087 504 3125; x_wconf 75' lang='lat' dir='ltr'><em>serviatur.</em></span> <span class='ocrx_word' id='word_1_624' title='bbox 547 3087 593 3119; x_wconf 86' lang='lat' dir='ltr'><em>Ea</em></span> <span class='ocrx_word' id='word_1_625' title='bbox 618 3099 680 3120; x_wconf 85' lang='lat' dir='ltr'><em>cum</em></span> <span class='ocrx_word' id='word_1_626' title='bbox 705 3097 824 3131; x_wconf 84' lang='lat' dir='ltr'><em>tempore</em></span> <span class='ocrx_word' id='word_1_627' title='bbox 840 3100 957 3121; x_wconf 85' lang='lat' dir='ltr'><em>commu-</em></span> 
     </span>
     <span class='ocr_line' id='line_1_81' title="bbox 111 3127 960 3171; baseline 0.013 -19"><span class='ocrx_word' id='word_1_628' title='bbox 111 3127 230 3162; x_wconf 82' lang='lat' dir='ltr'><em>tantur,</em></span> <span class='ocrx_word' id='word_1_629' title='bbox 255 3133 447 3158; x_wconf 83' lang='lat' dir='ltr'><em>comniutatur</em></span> <span class='ocrx_word' id='word_1_630' title='bbox 461 3127 602 3168; x_wconf 87' lang='lat' dir='ltr'><em>officium,</em></span> <span class='ocrx_word' id='word_1_631' title='bbox 625 3130 661 3165; x_wconf 54' lang='grc' dir='ltr'><em>ὅ)</em></span> <span class='ocrx_word' id='word_1_632' title='bbox 686 3141 741 3162; x_wconf 88' lang='lat' dir='ltr'><em>non</em></span> <span class='ocrx_word' id='word_1_633' title='bbox 749 3132 860 3171; x_wconf 77' lang='lat' dir='ltr'><em>semper</em></span> <span class='ocrx_word' id='word_1_634' title='bbox 882 3129 920 3170; x_wconf 78' lang='lat' dir='ltr'><em>est</em></span> <span class='ocrx_word' id='word_1_635' title='bbox 937 3133 960 3161; x_wconf 84' lang='lat' dir='ltr'><em>i-</em></span> 
     </span>
     <span class='ocr_line' id='line_1_82' title="bbox 111 3164 962 3214; baseline 0.013 -20"><span class='ocrx_word' id='word_1_636' title='bbox 111 3164 181 3195; x_wconf 84' lang='lat' dir='ltr'><em>dem.</em></span> <span class='ocrx_word' id='word_1_637' title='bbox 226 3166 320 3208; x_wconf 71' lang='lat' dir='ltr'><em>Potest</em></span> <span class='ocrx_word' id='word_1_638' title='bbox 347 3170 434 3200; x_wconf 84' lang='lat' dir='ltr'><em>etiam</em></span> <span class='ocrx_word' id='word_1_639' title='bbox 457 3170 581 3201; x_wconf 84' lang='lat' dir='ltr'><em>accidere</em></span> <span class='ocrx_word' id='word_1_640' title='bbox 599 3173 766 3212; x_wconf 84' lang='lat' dir='ltr'><em>promiffum</em></span> <span class='ocrx_word' id='word_1_641' title='bbox 789 3173 903 3214; x_wconf 83' lang='lat' dir='ltr'><em>aliquod</em></span> <span class='ocrx_word' id='word_1_642' title='bbox 926 3172 962 3207; x_wconf 66' lang='lat'><em>&amp;2⁹</em></span> 
     </span>
     <span class='ocr_line' id='line_1_83' title="bbox 110 3209 962 3255; baseline 0.014 -20"><span class='ocrx_word' id='word_1_643' title='bbox 110 3213 298 3249; x_wconf 85' lang='lat' dir='ltr'><em>conventum,</em></span> <span class='ocrx_word' id='word_1_644' title='bbox 319 3214 354 3241; x_wconf 88' lang='lat' dir='ltr'><em>ut</em></span> <span class='ocrx_word' id='word_1_645' title='bbox 376 3210 407 3241; x_wconf 91' lang='lat' dir='ltr'><em>id</em></span> <span class='ocrx_word' id='word_1_646' title='bbox 421 3209 495 3252; x_wconf 84' lang='lat' dir='ltr'><em>effici</em></span> <span class='ocrx_word' id='word_1_647' title='bbox 509 3209 551 3249; x_wconf 87' lang='lat' dir='ltr'><em>fit</em></span> <span class='ocrx_word' id='word_1_648' title='bbox 572 3213 674 3244; x_wconf 82' lang='lat' dir='ltr'><em>inutile</em></span> <span class='ocrx_word' id='word_1_649' title='bbox 694 3215 738 3245; x_wconf 90' lang='lat' dir='ltr'><em>vel</em></span> <span class='ocrx_word' id='word_1_650' title='bbox 759 3217 784 3245; x_wconf 91' lang='lat' dir='ltr'><em>ei</em></span> <span class='ocrx_word' id='word_1_651' title='bbox 797 3237 807 3253; x_wconf 93' lang='lat'><em>,</em></span> <span class='ocrx_word' id='word_1_652' title='bbox 838 3216 885 3246; x_wconf 84' lang='lat' dir='ltr'><em>cui</em></span> <span class='ocrx_word' id='word_1_653' title='bbox 895 3221 962 3255; x_wconf 82' lang='lat' dir='ltr'><em>pro·</em></span> 
     </span>
    </p>
   </div>
   <div class='ocr_carea' id='block_1_7' title="bbox 1003 1106 1876 3283">
    <p class='ocr_par' dir='ltr' id='par_1_9' title="bbox 1003 1106 1876 3252">
     <span class='ocr_line' id='line_1_84' title="bbox 1008 1106 1868 1148; baseline 0 -9"><span class='ocrx_word' id='word_1_654' title='bbox 1008 1107 1121 1148; x_wconf 79' lang='lat' dir='ltr'><em>niiffunt</em></span> <span class='ocrx_word' id='word_1_655' title='bbox 1131 1106 1171 1146; x_wconf 81' lang='lat' dir='ltr'><em>sit</em></span> <span class='ocrx_word' id='word_1_656' title='bbox 1188 1131 1197 1147; x_wconf 91' lang='lat'><em>,</em></span> <span class='ocrx_word' id='word_1_657' title='bbox 1227 1107 1274 1138; x_wconf 81' lang='lat' dir='ltr'><em>vel</em></span> <span class='ocrx_word' id='word_1_658' title='bbox 1300 1108 1344 1145; x_wconf 88' lang='lat' dir='ltr'><em>ei,</em></span> <span class='ocrx_word' id='word_1_659' title='bbox 1376 1109 1427 1148; x_wconf 85' lang='lat' dir='ltr'><em>qui</em></span> <span class='ocrx_word' id='word_1_660' title='bbox 1448 1108 1618 1148; x_wconf 85' lang='lat' dir='ltr'><em>promiserit.</em></span> <span class='ocrx_word' id='word_1_661' title='bbox 1664 1108 1746 1140; x_wconf 84' lang='lat' dir='ltr'><em>Nam</em></span> <span class='ocrx_word' id='word_1_662' title='bbox 1762 1106 1808 1146; x_wconf 88' lang='lat' dir='ltr'><em>fi,</em></span> <span class='ocrx_word' id='word_1_663' title='bbox 1833 1113 1868 1139; x_wconf 81' lang='lat' dir='ltr'><em>ut</em></span> 
     </span>
     <span class='ocr_line' id='line_1_85' title="bbox 1007 1148 1866 1191; baseline 0 -11"><span class='ocrx_word' id='word_1_664' title='bbox 1007 1151 1039 1180; x_wconf 90' lang='lat' dir='ltr'><em>in</em></span> <span class='ocrx_word' id='word_1_665' title='bbox 1055 1150 1171 1190; x_wconf 81' lang='lat' dir='ltr'><em>fabulis</em></span> <span class='ocrx_word' id='word_1_666' title='bbox 1186 1148 1225 1189; x_wconf 81' lang='lat' dir='ltr'><em>eft</em></span> <span class='ocrx_word' id='word_1_667' title='bbox 1240 1173 1250 1188; x_wconf 93' lang='lat'><em>,</em></span> <span class='ocrx_word' id='word_1_668' title='bbox 1274 1149 1452 1189; x_wconf 85' lang='lat' dir='ltr'><em>Neptunus,</em></span> <span class='ocrx_word' id='word_1_669' title='bbox 1476 1151 1549 1189; x_wconf 80' lang='lat' dir='ltr'><em>quod</em></span> <span class='ocrx_word' id='word_1_670' title='bbox 1567 1149 1667 1190; x_wconf 64' lang='lat' dir='ltr'><em>Theseo</em></span> <span class='ocrx_word' id='word_1_671' title='bbox 1678 1150 1866 1191; x_wconf 82' lang='lat' dir='ltr'><em>promiserat,</em></span> 
     </span>
     <span class='ocr_line' id='line_1_86' title="bbox 1007 1189 1868 1232; baseline 0.001 -11"><span class='ocrx_word' id='word_1_672' title='bbox 1007 1201 1064 1221; x_wconf 93' lang='lat' dir='ltr'><em>non</em></span> <span class='ocrx_word' id='word_1_673' title='bbox 1073 1191 1185 1232; x_wconf 84' lang='lat' dir='ltr'><em>feciffet</em></span> <span class='ocrx_word' id='word_1_674' title='bbox 1201 1214 1209 1229; x_wconf 92' lang='lat'><strong><em>‚</em></strong></span> <span class='ocrx_word' id='word_1_675' title='bbox 1243 1190 1363 1230; x_wconf 71' lang='lat' dir='ltr'><em>Theseus</em></span> <span class='ocrx_word' id='word_1_676' title='bbox 1376 1189 1441 1229; x_wconf 80' lang='lat' dir='ltr'><em>filio</em></span> <span class='ocrx_word' id='word_1_677' title='bbox 1461 1190 1619 1231; x_wconf 71' lang='lat' dir='ltr'><em>Hippolyto</em></span> <span class='ocrx_word' id='word_1_678' title='bbox 1638 1200 1694 1222; x_wconf 86' lang='lat' dir='ltr'><em>non</em></span> <span class='ocrx_word' id='word_1_679' title='bbox 1711 1192 1773 1231; x_wconf 71' lang='lat' dir='ltr'><em>effer</em></span> <span class='ocrx_word' id='word_1_680' title='bbox 1790 1192 1868 1222; x_wconf 83' lang='lat' dir='ltr'><em>orbu-</em></span> 
     </span>
     <span class='ocr_line' id='line_1_87' title="bbox 1007 1232 1867 1271; baseline -0.001 -8"><span class='ocrx_word' id='word_1_681' title='bbox 1007 1238 1066 1263; x_wconf 87' lang='lat' dir='ltr'><em>tus.</em></span> <span class='ocrx_word' id='word_1_682' title='bbox 1108 1232 1158 1263; x_wconf 84' lang='lat' dir='ltr'><em>Ex</em></span> <span class='ocrx_word' id='word_1_683' title='bbox 1175 1233 1266 1263; x_wconf 88' lang='lat' dir='ltr'><em>tribus</em></span> <span class='ocrx_word' id='word_1_684' title='bbox 1284 1236 1358 1263; x_wconf 80' lang='lat' dir='ltr'><em>enim</em></span> <span class='ocrx_word' id='word_1_685' title='bbox 1373 1233 1476 1270; x_wconf 83' lang='lat' dir='ltr'><em>optatis</em></span> <span class='ocrx_word' id='word_1_686' title='bbox 1493 1255 1505 1269; x_wconf 82' lang='lat'><strong>‚</strong></span> <span class='ocrx_word' id='word_1_687' title='bbox 1535 1233 1718 1271; x_wconf 85' lang='lat' dir='ltr'><em>utscribitur</em></span> <span class='ocrx_word' id='word_1_688' title='bbox 1734 1256 1743 1271; x_wconf 90' lang='lat'><em>,</em></span> <span class='ocrx_word' id='word_1_689' title='bbox 1774 1232 1823 1262; x_wconf 84' lang='lat' dir='ltr'><em>hoc</em></span> <span class='ocrx_word' id='word_1_690' title='bbox 1840 1241 1867 1262; x_wconf 84' lang='lat' dir='ltr'><em>e·</em></span> 
     </span>
     <span class='ocr_line' id='line_1_88' title="bbox 1007 1272 1868 1314; baseline -0.001 -10"><span class='ocrx_word' id='word_1_691' title='bbox 1007 1280 1054 1304; x_wconf 86' lang='lat' dir='ltr'><em>rat</em></span> <span class='ocrx_word' id='word_1_692' title='bbox 1071 1275 1189 1304; x_wconf 82' lang='lat' dir='ltr'><em>tertium</em></span> <span class='ocrx_word' id='word_1_693' title='bbox 1208 1297 1218 1312; x_wconf 94' lang='lat'><em>,</em></span> <span class='ocrx_word' id='word_1_694' title='bbox 1247 1275 1321 1314; x_wconf 89' lang='lat' dir='ltr'><em>quod</em></span> <span class='ocrx_word' id='word_1_695' title='bbox 1338 1274 1371 1303; x_wconf 91' lang='lat' dir='ltr'><em>de</em></span> <span class='ocrx_word' id='word_1_696' title='bbox 1388 1272 1540 1314; x_wconf 73' lang='lat' dir='ltr'><em>Hippolyti</em></span> <span class='ocrx_word' id='word_1_697' title='bbox 1558 1275 1680 1304; x_wconf 86' lang='lat' dir='ltr'><em>interitu</em></span> <span class='ocrx_word' id='word_1_698' title='bbox 1705 1274 1799 1304; x_wconf 79' lang='lat' dir='ltr'><em>iratus</em></span> <span class='ocrx_word' id='word_1_699' title='bbox 1821 1280 1868 1313; x_wconf 89' lang='lat' dir='ltr'><em>op-</em></span> 
     </span>
     <span class='ocr_line' id='line_1_89' title="bbox 1007 1313 1867 1356; baseline 0.001 -11"><span class='ocrx_word' id='word_1_700' title='bbox 1007 1316 1108 1346; x_wconf 84' lang='lat' dir='ltr'><em>tavit:</em></span> <span class='ocrx_word' id='word_1_701' title='bbox 1137 1325 1190 1356; x_wconf 89' lang='lat' dir='ltr'><em>quo</em></span> <span class='ocrx_word' id='word_1_702' title='bbox 1207 1317 1355 1354; x_wconf 87' lang='lat' dir='ltr'><em>impetrato</em></span> <span class='ocrx_word' id='word_1_703' title='bbox 1373 1337 1382 1352; x_wconf 96' lang='lat'><em>,</em></span> <span class='ocrx_word' id='word_1_704' title='bbox 1412 1314 1444 1344; x_wconf 86' lang='lat' dir='ltr'><em>in</em></span> <span class='ocrx_word' id='word_1_705' title='bbox 1469 1315 1608 1345; x_wconf 81' lang='lat' dir='ltr'><em>maximos</em></span> <span class='ocrx_word' id='word_1_706' title='bbox 1633 1313 1729 1345; x_wconf 60' lang='lat' dir='ltr'><em>laetus</em></span> <span class='ocrx_word' id='word_1_707' title='bbox 1752 1315 1867 1346; x_wconf 70' lang='lat' dir='ltr'><em>incidit.</em></span> 
     </span>
     <span class='ocr_line' id='line_1_90' title="bbox 1007 1354 1868 1397; baseline -0.003 -9"><span class='ocrx_word' id='word_1_708' title='bbox 1007 1356 1073 1388; x_wconf 82' lang='lat' dir='ltr'><em>Nec</em></span> <span class='ocrx_word' id='word_1_709' title='bbox 1083 1356 1218 1397; x_wconf 79' lang='lat' dir='ltr'><em>promiffa</em></span> <span class='ocrx_word' id='word_1_710' title='bbox 1236 1358 1330 1397; x_wconf 83' lang='lat' dir='ltr'><em>igitur</em></span> <span class='ocrx_word' id='word_1_711' title='bbox 1348 1356 1487 1388; x_wconf 79' lang='lat' dir='ltr'><em>servanda</em></span> <span class='ocrx_word' id='word_1_712' title='bbox 1499 1356 1569 1395; x_wconf 85' lang='lat' dir='ltr'><em>sunt</em></span> <span class='ocrx_word' id='word_1_713' title='bbox 1588 1365 1639 1393; x_wconf 84' lang='lat' dir='ltr'><em>ea;</em></span> <span class='ocrx_word' id='word_1_714' title='bbox 1661 1365 1721 1396; x_wconf 69' lang='lat' dir='ltr'><em>quae</em></span> <span class='ocrx_word' id='word_1_715' title='bbox 1731 1354 1793 1394; x_wconf 89' lang='lat' dir='ltr'><em>fint</em></span> <span class='ocrx_word' id='word_1_716' title='bbox 1811 1357 1868 1394; x_wconf 90' lang='lat' dir='ltr'><em>iis,</em></span> 
     </span>
     <span class='ocr_line' id='line_1_91' title="bbox 1007 1395 1869 1439; baseline 0 -12"><span class='ocrx_word' id='word_1_717' title='bbox 1007 1399 1109 1439; x_wconf 78' lang='lat' dir='ltr'><em>quibus</em></span> <span class='ocrx_word' id='word_1_718' title='bbox 1136 1398 1323 1438; x_wconf 80' lang='lat' dir='ltr'><em>promiseris,</em></span> <span class='ocrx_word' id='word_1_719' title='bbox 1352 1397 1496 1428; x_wconf 88' lang='lat' dir='ltr'><em>inutilia:</em></span> <span class='ocrx_word' id='word_1_720' title='bbox 1525 1407 1575 1428; x_wconf 83' lang='lat' dir='ltr'><em>nec</em></span> <span class='ocrx_word' id='word_1_721' title='bbox 1598 1395 1625 1435; x_wconf 80' lang='lat' dir='ltr'><em>si</em></span> <span class='ocrx_word' id='word_1_722' title='bbox 1645 1398 1710 1437; x_wconf 75' lang='lat' dir='ltr'><em>plus</em></span> <span class='ocrx_word' id='word_1_723' title='bbox 1735 1397 1788 1427; x_wconf 87' lang='lat' dir='ltr'><em>tibi</em></span> <span class='ocrx_word' id='word_1_724' title='bbox 1820 1406 1869 1427; x_wconf 73' lang='lat' dir='ltr'><em>no-</em></span> 
     </span>
     <span class='ocr_line' id='line_1_92' title="bbox 1008 1436 1869 1480; baseline -0.001 -11"><span class='ocrx_word' id='word_1_725' title='bbox 1008 1446 1090 1469; x_wconf 82' lang='lat' dir='ltr'><em>ceant</em></span> <span class='ocrx_word' id='word_1_726' title='bbox 1110 1463 1118 1477; x_wconf 94' lang='lat'><em>,</em></span> <span class='ocrx_word' id='word_1_727' title='bbox 1148 1449 1234 1480; x_wconf 85' lang='lat' dir='ltr'><em>quam</em></span> <span class='ocrx_word' id='word_1_728' title='bbox 1257 1439 1300 1469; x_wconf 81' lang='lat' dir='ltr'><em>illi</em></span> <span class='ocrx_word' id='word_1_729' title='bbox 1323 1436 1448 1477; x_wconf 76' lang='lat' dir='ltr'><em>prosint,</em></span> <span class='ocrx_word' id='word_1_730' title='bbox 1479 1440 1525 1469; x_wconf 85' lang='lat' dir='ltr'><em>cui</em></span> <span class='ocrx_word' id='word_1_731' title='bbox 1542 1439 1718 1479; x_wconf 81' lang='lat' dir='ltr'><em>promiseris.</em></span> <span class='ocrx_word' id='word_1_732' title='bbox 1760 1438 1869 1468; x_wconf 80' lang='lat' dir='ltr'><em>Contra</em></span> 
     </span>
     <span class='ocr_line' id='line_1_93' title="bbox 1008 1477 1869 1521; baseline -0.002 -11"><span class='ocrx_word' id='word_1_733' title='bbox 1008 1479 1132 1521; x_wconf 83' lang='lat' dir='ltr'><em>offitium</em></span> <span class='ocrx_word' id='word_1_734' title='bbox 1156 1479 1194 1520; x_wconf 82' lang='lat' dir='ltr'><em>est</em></span> <span class='ocrx_word' id='word_1_735' title='bbox 1213 1504 1221 1518; x_wconf 89' lang='lat'>‚</span> <span class='ocrx_word' id='word_1_736' title='bbox 1252 1481 1347 1521; x_wconf 85' lang='lat' dir='ltr'><em>majus</em></span> <span class='ocrx_word' id='word_1_737' title='bbox 1371 1490 1426 1510; x_wconf 88' lang='lat' dir='ltr'><em>non</em></span> <span class='ocrx_word' id='word_1_738' title='bbox 1452 1482 1587 1520; x_wconf 80' lang='lat' dir='ltr'><em>anteponi</em></span> <span class='ocrx_word' id='word_1_739' title='bbox 1618 1481 1750 1514; x_wconf 83' lang='lat' dir='ltr'><em>nzinori‚·</em></span> <span class='ocrx_word' id='word_1_740' title='bbox 1790 1486 1822 1509; x_wconf 89' lang='lat' dir='ltr'><em>ut</em></span> <span class='ocrx_word' id='word_1_741' title='bbox 1839 1477 1869 1517; x_wconf 83' lang='lat' dir='ltr'><em>si</em></span> 
     </span>
     <span class='ocr_line' id='line_1_94' title="bbox 1007 1520 1869 1562; baseline -0.001 -10"><span class='ocrx_word' id='word_1_742' title='bbox 1007 1520 1185 1561; x_wconf 71' lang='lat' dir='ltr'><em>constitueris</em></span> <span class='ocrx_word' id='word_1_743' title='bbox 1208 1528 1234 1552; x_wconf 89' lang='lat' dir='ltr'><em>te</em></span> <span class='ocrx_word' id='word_1_744' title='bbox 1250 1523 1376 1562; x_wconf 82' lang='lat' dir='ltr'><em>cuipiam</em></span> <span class='ocrx_word' id='word_1_745' title='bbox 1392 1522 1565 1552; x_wconf 77' lang='lat' dir='ltr'><em>atlvocatuin</em></span> <span class='ocrx_word' id='word_1_746' title='bbox 1584 1523 1614 1551; x_wconf 88' lang='lat' dir='ltr'><em>in</em></span> <span class='ocrx_word' id='word_1_747' title='bbox 1633 1530 1689 1551; x_wconf 80' lang='lat' dir='ltr'><em>rein</em></span> <span class='ocrx_word' id='word_1_748' title='bbox 1701 1527 1869 1561; x_wconf 71' lang='lat' dir='ltr'><em>prcefentem</em></span> 
     </span>
     <span class='ocr_line' id='line_1_95' title="bbox 1007 1561 1869 1603; baseline -0.001 -10"><span class='ocrx_word' id='word_1_749' title='bbox 1007 1563 1057 1603; x_wconf 83' lang='lat' dir='ltr'><em>effe</em></span> <span class='ocrx_word' id='word_1_750' title='bbox 1078 1569 1234 1593; x_wconf 79' lang='lat' dir='ltr'><em>venturum</em></span> <span class='ocrx_word' id='word_1_751' title='bbox 1251 1586 1259 1601; x_wconf 94' lang='lat'><em>,</em></span> <span class='ocrx_word' id='word_1_752' title='bbox 1291 1569 1377 1603; x_wconf 89' lang='lat' dir='ltr'><em>atque</em></span> <span class='ocrx_word' id='word_1_753' title='bbox 1392 1564 1509 1592; x_wconf 81' lang='lat' dir='ltr'><em>interim</em></span> <span class='ocrx_word' id='word_1_754' title='bbox 1529 1569 1664 1602; x_wconf 77' lang='lat' dir='ltr'><em>graviter</em></span> <span class='ocrx_word' id='word_1_755' title='bbox 1679 1569 1813 1601; x_wconf 61' lang='lat' dir='ltr'><em>[egrotare</em></span> <span class='ocrx_word' id='word_1_756' title='bbox 1829 1561 1869 1600; x_wconf 85' lang='lat' dir='ltr'><em>fi-</em></span> 
     </span>
     <span class='ocr_line' id='line_1_96' title="bbox 1006 1603 1866 1644; baseline -0.002 -9"><span class='ocrx_word' id='word_1_757' title='bbox 1006 1605 1064 1635; x_wconf 83' lang='lat' dir='ltr'><em>lius</em></span> <span class='ocrx_word' id='word_1_758' title='bbox 1079 1605 1190 1644; x_wconf 83' lang='lat' dir='ltr'><em>coeperit</em></span> <span class='ocrx_word' id='word_1_759' title='bbox 1207 1628 1216 1642; x_wconf 94' lang='lat'><em>,</em></span> <span class='ocrx_word' id='word_1_760' title='bbox 1246 1603 1357 1641; x_wconf 85' lang='lat' dir='ltr'><em>nonsit</em></span> <span class='ocrx_word' id='word_1_761' title='bbox 1381 1610 1481 1634; x_wconf 83' lang='lat' dir='ltr'><em>contra</em></span> <span class='ocrx_word' id='word_1_762' title='bbox 1504 1603 1646 1644; x_wconf 79' lang='lat' dir='ltr'><em>officium,</em></span> <span class='ocrx_word' id='word_1_763' title='bbox 1673 1603 1866 1643; x_wconf 79' lang='lat' dir='ltr'><em>nonfacere,</em></span> 
     </span>
     <span class='ocr_line' id='line_1_97' title="bbox 1006 1643 1868 1687; baseline -0.002 -11"><span class='ocrx_word' id='word_1_764' title='bbox 1006 1647 1081 1687; x_wconf 87' lang='lat' dir='ltr'><em>quod</em></span> <span class='ocrx_word' id='word_1_765' title='bbox 1103 1648 1227 1676; x_wconf 82' lang='lat' dir='ltr'><em>dixeris:</em></span> <span class='ocrx_word' id='word_1_766' title='bbox 1253 1647 1400 1686; x_wconf 77' lang='lat' dir='ltr'><em>magisque</em></span> <span class='ocrx_word' id='word_1_767' title='bbox 1422 1645 1485 1683; x_wconf 87' lang='lat' dir='ltr'><em>ille,</em></span> <span class='ocrx_word' id='word_1_768' title='bbox 1507 1647 1555 1675; x_wconf 87' lang='lat' dir='ltr'><em>cui</em></span> <span class='ocrx_word' id='word_1_769' title='bbox 1576 1643 1808 1685; x_wconf 75' lang='lat' dir='ltr'><em>promiffuntfit,</em></span> <span class='ocrx_word' id='word_1_770' title='bbox 1832 1646 1868 1675; x_wconf 83' lang='lat' dir='ltr'><em>ab</em></span> 
     </span>
     <span class='ocr_line' id='line_1_98' title="bbox 1006 1685 1869 1729; baseline -0.001 -12"><span class='ocrx_word' id='word_1_771' title='bbox 1006 1686 1095 1729; x_wconf 86' lang='lat' dir='ltr'><em>officio</em></span> <span class='ocrx_word' id='word_1_772' title='bbox 1109 1688 1232 1725; x_wconf 70' lang='lat' dir='ltr'><em>discedat</em></span> <span class='ocrx_word' id='word_1_773' title='bbox 1254 1710 1263 1725; x_wconf 97' lang='lat'><em>,</em></span> <span class='ocrx_word' id='word_1_774' title='bbox 1288 1687 1357 1726; x_wconf 72' lang='lat' dir='ltr'><em>fise</em></span> <span class='ocrx_word' id='word_1_775' title='bbox 1372 1685 1537 1726; x_wconf 71' lang='lat' dir='ltr'><em>destitutum</em></span> <span class='ocrx_word' id='word_1_776' title='bbox 1556 1692 1703 1727; x_wconf 86' lang='lat' dir='ltr'><em>queratur.</em></span> <span class='ocrx_word' id='word_1_777' title='bbox 1746 1686 1820 1726; x_wconf 79' lang='lat' dir='ltr'><em>Jam</em></span> <span class='ocrx_word' id='word_1_778' title='bbox 1835 1685 1869 1716; x_wconf 91' lang='lat' dir='ltr'><em>il-</em></span> 
     </span>
     <span class='ocr_line' id='line_1_99' title="bbox 1007 1726 1868 1769; baseline -0.003 -10"><span class='ocrx_word' id='word_1_779' title='bbox 1007 1729 1042 1759; x_wconf 80' lang='lat' dir='ltr'><em>lis</em></span> <span class='ocrx_word' id='word_1_780' title='bbox 1063 1727 1202 1769; x_wconf 74' lang='lat' dir='ltr'><em>proniiffir</em></span> <span class='ocrx_word' id='word_1_781' title='bbox 1226 1739 1282 1759; x_wconf 89' lang='lat' dir='ltr'><em>non</em></span> <span class='ocrx_word' id='word_1_782' title='bbox 1299 1726 1441 1769; x_wconf 78' lang='lat' dir='ltr'><em>standum</em></span> <span class='ocrx_word' id='word_1_783' title='bbox 1465 1728 1515 1768; x_wconf 82' lang='lat' dir='ltr'><em>effe</em></span> <span class='ocrx_word' id='word_1_784' title='bbox 1540 1729 1660 1769; x_wconf 82' lang='lat' dir='ltr'><em>quisque</em></span> <span class='ocrx_word' id='word_1_785' title='bbox 1682 1736 1740 1757; x_wconf 88' lang='lat' dir='ltr'><em>non</em></span> <span class='ocrx_word' id='word_1_786' title='bbox 1762 1728 1841 1757; x_wconf 81' lang='lat' dir='ltr'><em>videt</em></span> <span class='ocrx_word' id='word_1_787' title='bbox 1856 1749 1868 1765; x_wconf 89' lang='lat'><em>,</em></span> 
     </span>
     <span class='ocr_line' id='line_1_100' title="bbox 1006 1769 1868 1811; baseline -0.002 -11"><span class='ocrx_word' id='word_1_788' title='bbox 1006 1780 1067 1811; x_wconf 68' lang='lat' dir='ltr'><em>quie</em></span> <span class='ocrx_word' id='word_1_789' title='bbox 1085 1770 1197 1800; x_wconf 62' lang='lat' dir='ltr'><em>conitus</em></span> <span class='ocrx_word' id='word_1_790' title='bbox 1215 1772 1281 1811; x_wconf 85' lang='lat' dir='ltr'><em>quis</em></span> <span class='ocrx_word' id='word_1_791' title='bbox 1297 1776 1374 1800; x_wconf 78' lang='lat' dir='ltr'><em>metu</em></span> <span class='ocrx_word' id='word_1_792' title='bbox 1390 1793 1399 1807; x_wconf 93' lang='lat'><strong>‚</strong></span> <span class='ocrx_word' id='word_1_793' title='bbox 1434 1777 1485 1799; x_wconf 67' lang='lat' dir='ltr'><em>atat</em></span> <span class='ocrx_word' id='word_1_794' title='bbox 1510 1774 1637 1809; x_wconf 72' lang='lat' dir='ltr'><em>&lt;receptus</em></span> <span class='ocrx_word' id='word_1_795' title='bbox 1655 1769 1713 1798; x_wconf 86' lang='lat' dir='ltr'><em>dolo</em></span> <span class='ocrx_word' id='word_1_796' title='bbox 1735 1769 1868 1808; x_wconf 81' lang='lat' dir='ltr'><em>promise-</em></span> 
     </span>
     <span class='ocr_line' id='line_1_101' title="bbox 1007 1810 1869 1852; baseline -0.002 -11"><span class='ocrx_word' id='word_1_797' title='bbox 1007 1814 1065 1849; x_wconf 88' lang='lat' dir='ltr'><em>rit,</em></span> <span class='ocrx_word' id='word_1_798' title='bbox 1089 1821 1150 1852; x_wconf 71' lang='lat' dir='ltr'><em>qua:</em></span> <span class='ocrx_word' id='word_1_799' title='bbox 1174 1814 1287 1851; x_wconf 75' lang='lat' dir='ltr'><em>quidem</em></span> <span class='ocrx_word' id='word_1_800' title='bbox 1299 1811 1436 1851; x_wconf 72' lang='lat' dir='ltr'><em>pleraque</em></span> <span class='ocrx_word' id='word_1_801' title='bbox 1446 1811 1514 1851; x_wconf 88' lang='lat' dir='ltr'><em>jure</em></span> <span class='ocrx_word' id='word_1_802' title='bbox 1534 1812 1664 1849; x_wconf 56' lang='lat' dir='ltr'><em>practorio</em></span> <span class='ocrx_word' id='word_1_803' title='bbox 1688 1810 1869 1848; x_wconf 74' lang='lat' dir='ltr'><em>liberantur,</em></span> 
     </span>
     <span class='ocr_line' id='line_1_102' title="bbox 1007 1850 1869 1893; baseline 0 -11"><span class='ocrx_word' id='word_1_804' title='bbox 1007 1853 1146 1882; x_wconf 83' lang='lat' dir='ltr'><em>nonnulla</em></span> <span class='ocrx_word' id='word_1_805' title='bbox 1170 1853 1288 1893; x_wconf 60' lang='lat' dir='ltr'><em>legibus.</em></span> <span class='ocrx_word' id='word_1_806' title='bbox 1332 1851 1492 1882; x_wconf 77' lang='lat' dir='ltr'><em>Hactenus</em></span> <span class='ocrx_word' id='word_1_807' title='bbox 1521 1852 1662 1882; x_wconf 70' lang='lat' dir='ltr'><em>Ocero:</em></span> <span class='ocrx_word' id='word_1_808' title='bbox 1700 1850 1869 1882; x_wconf 76' lang='lat' dir='ltr'><em>manifeste</em></span> 
     </span>
     <span class='ocr_line' id='line_1_103' title="bbox 1008 1891 1868 1931; baseline 0 -8"><span class='ocrx_word' id='word_1_809' title='bbox 1008 1892 1177 1924; x_wconf 84' lang='lat' dir='ltr'><em>ostendens</em></span> <span class='ocrx_word' id='word_1_810' title='bbox 1196 1917 1204 1929; x_wconf 80' lang='grc'><em>,</em></span> <span class='ocrx_word' id='word_1_811' title='bbox 1238 1893 1314 1923; x_wconf 88' lang='lat' dir='ltr'><em>nihil</em></span> <span class='ocrx_word' id='word_1_812' title='bbox 1334 1892 1395 1924; x_wconf 79' lang='lat' dir='ltr'><em>effe</em></span> <span class='ocrx_word' id='word_1_813' title='bbox 1421 1902 1511 1931; x_wconf 77' lang='lat' dir='ltr'><em>aeque</em></span> <span class='ocrx_word' id='word_1_814' title='bbox 1534 1893 1731 1924; x_wconf 79' lang='lat' dir='ltr'><em>conveniens</em></span> <span class='ocrx_word' id='word_1_815' title='bbox 1758 1891 1868 1923; x_wconf 84' lang='lat' dir='ltr'><em>officio</em></span> 
     </span>
     <span class='ocr_line' id='line_1_104' title="bbox 1007 1933 1869 1974; baseline -0.001 -10"><span class='ocrx_word' id='word_1_816' title='bbox 1007 1934 1083 1965; x_wconf 84' lang='lat' dir='ltr'><em>boni</em></span> <span class='ocrx_word' id='word_1_817' title='bbox 1108 1934 1137 1965; x_wconf 69' lang='grc' dir='ltr'>ἃ</span> <span class='ocrx_word' id='word_1_818' title='bbox 1160 1934 1229 1974; x_wconf 88' lang='lat' dir='ltr'><em>justi</em></span> <span class='ocrx_word' id='word_1_819' title='bbox 1254 1935 1311 1964; x_wconf 81' lang='lat' dir='ltr'><em>viri</em></span> <span class='ocrx_word' id='word_1_820' title='bbox 1329 1957 1338 1972; x_wconf 95' lang='lat'><em>,</em></span> <span class='ocrx_word' id='word_1_821' title='bbox 1376 1943 1467 1973; x_wconf 77' lang='lat' dir='ltr'><em>quam</em></span> <span class='ocrx_word' id='word_1_822' title='bbox 1490 1935 1536 1974; x_wconf 83' lang='lat' dir='ltr'><em>jus</em></span> <span class='ocrx_word' id='word_1_823' title='bbox 1561 1933 1647 1965; x_wconf 86' lang='lat' dir='ltr'><em>suum</em></span> <span class='ocrx_word' id='word_1_824' title='bbox 1674 1943 1790 1973; x_wconf 86' lang='lat' dir='ltr'><em>cuique</em></span> <span class='ocrx_word' id='word_1_825' title='bbox 1814 1935 1869 1964; x_wconf 86' lang='lat' dir='ltr'><em>tri-</em></span> 
     </span>
     <span class='ocr_line' id='line_1_105' title="bbox 1006 1974 1868 2014; baseline -0.002 -8"><span class='ocrx_word' id='word_1_826' title='bbox 1006 1976 1123 2006; x_wconf 81' lang='lat' dir='ltr'><em>buere:</em></span> <span class='ocrx_word' id='word_1_827' title='bbox 1158 1984 1219 2006; x_wconf 86' lang='lat' dir='ltr'><em>non</em></span> <span class='ocrx_word' id='word_1_828' title='bbox 1242 1984 1346 2006; x_wconf 85' lang='lat' dir='ltr'><em>tamen</em></span> <span class='ocrx_word' id='word_1_829' title='bbox 1365 1975 1485 2013; x_wconf 71' lang='lat' dir='ltr'><em>semper</em></span> <span class='ocrx_word' id='word_1_830' title='bbox 1501 1999 1510 2014; x_wconf 91' lang='lat'>‚</span> <span class='ocrx_word' id='word_1_831' title='bbox 1542 1985 1647 2014; x_wconf 83' lang='lat' dir='ltr'><em>neque</em></span> <span class='ocrx_word' id='word_1_832' title='bbox 1670 1974 1868 2012; x_wconf 70' lang='lat' dir='ltr'><em>indistinete,</em></span> 
     </span>
     <span class='ocr_line' id='line_1_106' title="bbox 1003 2015 1869 2057; baseline -0.001 -10"><span class='ocrx_word' id='word_1_833' title='bbox 1003 2016 1054 2048; x_wconf 87' lang='lat' dir='ltr'><em>sed</em></span> <span class='ocrx_word' id='word_1_834' title='bbox 1085 2026 1156 2047; x_wconf 89' lang='lat' dir='ltr'><em>cum</em></span> <span class='ocrx_word' id='word_1_835' title='bbox 1187 2017 1346 2057; x_wconf 82' lang='lat' dir='ltr'><em>exigentis</em></span> <span class='ocrx_word' id='word_1_836' title='bbox 1384 2018 1526 2054; x_wconf 74' lang='lat' dir='ltr'><em>Utilitas,</em></span> <span class='ocrx_word' id='word_1_837' title='bbox 1565 2024 1618 2048; x_wconf 84' lang='lat' dir='ltr'><em>aut</em></span> <span class='ocrx_word' id='word_1_838' title='bbox 1649 2015 1790 2056; x_wconf 89' lang='lat' dir='ltr'><em>alioquin</em></span> <span class='ocrx_word' id='word_1_839' title='bbox 1821 2025 1869 2047; x_wconf 86' lang='lat' dir='ltr'><em>ra-</em></span> 
     </span>
     <span class='ocr_line' id='line_1_107' title="bbox 1003 2057 1870 2099; baseline -0.001 -10"><span class='ocrx_word' id='word_1_840' title='bbox 1003 2060 1050 2089; x_wconf 86' lang='lat' dir='ltr'><em>tio</em></span> <span class='ocrx_word' id='word_1_841' title='bbox 1076 2057 1220 2089; x_wconf 74' lang='lat' dir='ltr'><em>humana:</em></span> <span class='ocrx_word' id='word_1_842' title='bbox 1245 2058 1404 2089; x_wconf 83' lang='lat' dir='ltr'><em>societatis</em></span> <span class='ocrx_word' id='word_1_843' title='bbox 1425 2081 1434 2095; x_wconf 84' lang='lat'><em>,</em></span> <span class='ocrx_word' id='word_1_844' title='bbox 1466 2057 1622 2099; x_wconf 80' lang='lat' dir='ltr'><em>postulat:</em></span> <span class='ocrx_word' id='word_1_845' title='bbox 1654 2067 1790 2097; x_wconf 83' lang='lat' dir='ltr'><em>eamque</em></span> <span class='ocrx_word' id='word_1_846' title='bbox 1815 2067 1870 2088; x_wconf 74' lang='lat' dir='ltr'><em>ex-</em></span> 
     </span>
     <span class='ocr_line' id='line_1_108' title="bbox 1003 2097 1868 2139; baseline -0.001 -9"><span class='ocrx_word' id='word_1_847' title='bbox 1003 2100 1186 2139; x_wconf 85' lang='lat' dir='ltr'><em>ceptionem</em></span> <span class='ocrx_word' id='word_1_848' title='bbox 1203 2100 1286 2130; x_wconf 85' lang='lat' dir='ltr'><em>idem</em></span> <span class='ocrx_word' id='word_1_849' title='bbox 1304 2099 1421 2131; x_wconf 86' lang='lat' dir='ltr'><em>Cicero</em></span> <span class='ocrx_word' id='word_1_850' title='bbox 1439 2103 1475 2130; x_wconf 57' lang='lat' dir='ltr'><em>ati</em></span> <span class='ocrx_word' id='word_1_851' title='bbox 1497 2099 1622 2139; x_wconf 78' lang='lat' dir='ltr'><em>justitiae</em></span> <span class='ocrx_word' id='word_1_852' title='bbox 1646 2097 1868 2129; x_wconf 80' lang='lat' dir='ltr'><em>definitionem</em></span> 
     </span>
     <span class='ocr_line' id='line_1_109' title="bbox 1003 2139 1867 2181; baseline -0.001 -10"><span class='ocrx_word' id='word_1_853' title='bbox 1003 2144 1176 2172; x_wconf 75' lang='lat' dir='ltr'><em>commode</em></span> <span class='ocrx_word' id='word_1_854' title='bbox 1198 2141 1313 2181; x_wconf 80' lang='lat' dir='ltr'><em>adjecit</em></span> <span class='ocrx_word' id='word_1_855' title='bbox 1328 2141 1374 2171; x_wconf 84' lang='lat' dir='ltr'><em>lib.</em></span> <span class='ocrx_word' id='word_1_856' title='bbox 1394 2151 1420 2172; x_wconf 85' lang='lat'><em>2.</em></span> <span class='ocrx_word' id='word_1_857' title='bbox 1449 2141 1493 2171; x_wconf 82' lang='lat' dir='ltr'><em>De</em></span> <span class='ocrx_word' id='word_1_858' title='bbox 1508 2141 1691 2178; x_wconf 75' lang='lat' dir='ltr'><em>inventione,</em></span> <span class='ocrx_word' id='word_1_859' title='bbox 1716 2139 1752 2174; x_wconf 55' lang='grc' dir='ltr'><em>ὅ)</em></span> <span class='ocrx_word' id='word_1_860' title='bbox 1769 2140 1817 2170; x_wconf 89' lang='lat' dir='ltr'><em>lib.</em></span> <span class='ocrx_word' id='word_1_861' title='bbox 1835 2150 1867 2179; x_wconf 79' lang='lat'><em>5.</em></span> 
     </span>
     <span class='ocr_line' id='line_1_110' title="bbox 1006 2180 1867 2222; baseline -0.001 -9"><span class='ocrx_word' id='word_1_862' title='bbox 1006 2182 1050 2213; x_wconf 88' lang='lat' dir='ltr'><em>De</em></span> <span class='ocrx_word' id='word_1_863' title='bbox 1069 2181 1191 2222; x_wconf 81' lang='lat' dir='ltr'><em>finibus.</em></span> <span class='ocrx_word' id='word_1_864' title='bbox 1242 2182 1345 2213; x_wconf 82' lang='lat' dir='ltr'><em>Verba</em></span> <span class='ocrx_word' id='word_1_865' title='bbox 1370 2181 1537 2213; x_wconf 86' lang='lat' dir='ltr'><em>Ciceronis</em></span> <span class='ocrx_word' id='word_1_866' title='bbox 1557 2192 1597 2213; x_wconf 82' lang='lat' dir='ltr'><em>ex</em></span> <span class='ocrx_word' id='word_1_867' title='bbox 1624 2182 1703 2212; x_wconf 86' lang='lat' dir='ltr'><em>libro</em></span> <span class='ocrx_word' id='word_1_868' title='bbox 1727 2180 1867 2212; x_wconf 80' lang='lat' dir='ltr'><em>secundo</em></span> 
     </span>
     <span class='ocr_line' id='line_1_111' title="bbox 1004 2221 1867 2264; baseline -0.002 -10"><span class='ocrx_word' id='word_1_869' title='bbox 1004 2223 1072 2254; x_wconf 82' lang='lat' dir='ltr'><em>haec</em></span> <span class='ocrx_word' id='word_1_870' title='bbox 1100 2224 1178 2254; x_wconf 87' lang='lat' dir='ltr'><em>sunt.</em></span> <span class='ocrx_word' id='word_1_871' title='bbox 1221 2222 1346 2263; x_wconf 68' lang='lat' dir='ltr'><em>Jusiitia</em></span> <span class='ocrx_word' id='word_1_872' title='bbox 1376 2221 1414 2264; x_wconf 79' lang='lat' dir='ltr'><em>est</em></span> <span class='ocrx_word' id='word_1_873' title='bbox 1436 2224 1550 2254; x_wconf 80' lang='lat' dir='ltr'><em>habitus</em></span> <span class='ocrx_word' id='word_1_874' title='bbox 1574 2224 1691 2261; x_wconf 85' lang='lat' dir='ltr'><em>animi,</em></span> <span class='ocrx_word' id='word_1_875' title='bbox 1723 2223 1867 2253; x_wconf 82' lang='lat' dir='ltr'><em>communi</em></span> 
     </span>
     <span class='ocr_line' id='line_1_112' title="bbox 1004 2265 1865 2306; baseline -0.001 -11"><span class='ocrx_word' id='word_1_876' title='bbox 1004 2266 1133 2295; x_wconf 85' lang='lat' dir='ltr'><em>utilitate</em></span> <span class='ocrx_word' id='word_1_877' title='bbox 1145 2265 1286 2305; x_wconf 77' lang='lat' dir='ltr'><em>servata,</em></span> <span class='ocrx_word' id='word_1_878' title='bbox 1301 2266 1390 2306; x_wconf 79' lang='lat' dir='ltr'><em>suani</em></span> <span class='ocrx_word' id='word_1_879' title='bbox 1407 2266 1509 2306; x_wconf 77' lang='lat' dir='ltr'><em>cuique</em></span> <span class='ocrx_word' id='word_1_880' title='bbox 1534 2267 1661 2295; x_wconf 82' lang='lat' dir='ltr'><em>tribuens</em></span> <span class='ocrx_word' id='word_1_881' title='bbox 1683 2265 1865 2305; x_wconf 80' lang='lat' dir='ltr'><em>dignitatern.</em></span> 
     </span>
     <span class='ocr_line' id='line_1_113' title="bbox 1004 2304 1870 2346; baseline -0.003 -9"><span class='ocrx_word' id='word_1_882' title='bbox 1004 2306 1054 2337; x_wconf 84' lang='lat' dir='ltr'><em>Ex</em></span> <span class='ocrx_word' id='word_1_883' title='bbox 1080 2307 1162 2337; x_wconf 91' lang='lat' dir='ltr'><em>libro</em></span> <span class='ocrx_word' id='word_1_884' title='bbox 1188 2314 1293 2338; x_wconf 82' lang='lat' dir='ltr'><em>autem</em></span> <span class='ocrx_word' id='word_1_885' title='bbox 1319 2307 1432 2346; x_wconf 85' lang='lat' dir='ltr'><em>quinto</em></span> <span class='ocrx_word' id='word_1_886' title='bbox 1460 2306 1524 2336; x_wconf 76' lang='lat' dir='ltr'><em>ista.</em></span> <span class='ocrx_word' id='word_1_887' title='bbox 1567 2304 1694 2346; x_wconf 80' lang='lat' dir='ltr'><em>Juflitia</em></span> <span class='ocrx_word' id='word_1_888' title='bbox 1717 2304 1755 2345; x_wconf 77' lang='lat' dir='ltr'><em>eft</em></span> <span class='ocrx_word' id='word_1_889' title='bbox 1777 2306 1870 2335; x_wconf 83' lang='lat' dir='ltr'><em>animi</em></span> 
     </span>
     <span class='ocr_line' id='line_1_114' title="bbox 1003 2347 1868 2388; baseline -0.002 -10"><span class='ocrx_word' id='word_1_890' title='bbox 1003 2347 1117 2388; x_wconf 65' lang='lat' dir='ltr'><em>affei&#39;tio</em></span> <span class='ocrx_word' id='word_1_891' title='bbox 1129 2371 1137 2385; x_wconf 96' lang='lat'><em>,</em></span> <span class='ocrx_word' id='word_1_892' title='bbox 1152 2351 1244 2388; x_wconf 49' lang='lat' dir='ltr'><em>⁴suzim</em></span> <span class='ocrx_word' id='word_1_893' title='bbox 1260 2349 1362 2388; x_wconf 82' lang='lat' dir='ltr'><em>cuique</em></span> <span class='ocrx_word' id='word_1_894' title='bbox 1385 2348 1531 2385; x_wconf 83' lang='lat' dir='ltr'><em>tribuens,</em></span> <span class='ocrx_word' id='word_1_895' title='bbox 1557 2347 1592 2381; x_wconf 54' lang='grc' dir='ltr'><em>ἐξ</em></span> <span class='ocrx_word' id='word_1_896' title='bbox 1610 2348 1684 2377; x_wconf 74' lang='lat' dir='ltr'><em>lianc</em></span> <span class='ocrx_word' id='word_1_897' title='bbox 1701 2347 1868 2386; x_wconf 77' lang='lat' dir='ltr'><em>societatem</em></span> 
     </span>
     <span class='ocr_line' id='line_1_115' title="bbox 1003 2386 1867 2431; baseline -0.002 -12"><span class='ocrx_word' id='word_1_898' title='bbox 1003 2388 1212 2431; x_wconf 60' lang='lat' dir='ltr'><em>conjunttionis</em></span> <span class='ocrx_word' id='word_1_899' title='bbox 1232 2390 1362 2419; x_wconf 68' lang='lat' dir='ltr'><em>humanae</em></span> <span class='ocrx_word' id='word_1_900' title='bbox 1384 2387 1520 2427; x_wconf 74' lang='lat' dir='ltr'><em>munifice</em></span> <span class='ocrx_word' id='word_1_901' title='bbox 1540 2387 1667 2429; x_wconf 62' lang='lat' dir='ltr'><em>&amp;teque</em></span> <span class='ocrx_word' id='word_1_902' title='bbox 1685 2393 1777 2418; x_wconf 88' lang='lat' dir='ltr'><em>tuens.</em></span> <span class='ocrx_word' id='word_1_903' title='bbox 1825 2386 1867 2417; x_wconf 78' lang='lat' dir='ltr'><em>Et</em></span> 
     </span>
     <span class='ocr_line' id='line_1_116' title="bbox 1003 2427 1864 2471; baseline -0.003 -10"><span class='ocrx_word' id='word_1_904' title='bbox 1003 2438 1218 2471; x_wconf 81' lang='lat' dir='ltr'><em>congruenter</em></span> <span class='ocrx_word' id='word_1_905' title='bbox 1235 2430 1383 2460; x_wconf 83' lang='lat' dir='ltr'><em>Ciceroni</em></span> <span class='ocrx_word' id='word_1_906' title='bbox 1401 2428 1635 2469; x_wconf 86' lang='lat' dir='ltr'><em>Tryphoninus</em></span> <span class='ocrx_word' id='word_1_907' title='bbox 1653 2430 1683 2460; x_wconf 89' lang='lat' dir='ltr'><em>in</em></span> <span class='ocrx_word' id='word_1_908' title='bbox 1702 2429 1721 2460; x_wconf 90' lang='lat' dir='ltr'><em>l.</em></span> <span class='ocrx_word' id='word_1_909' title='bbox 1746 2438 1792 2469; x_wconf 82' lang='lat'><em>31.</em></span> <span class='ocrx_word' id='word_1_910' title='bbox 1821 2427 1864 2459; x_wconf 90' lang='lat' dir='ltr'><em>D.</em></span> 
     </span>
     <span class='ocr_line' id='line_1_117' title="bbox 1005 2468 1866 2512; baseline -0.002 -10"><span class='ocrx_word' id='word_1_911' title='bbox 1005 2470 1142 2511; x_wconf 71' lang='lat' dir='ltr'><em>Depofiti.</em></span> <span class='ocrx_word' id='word_1_912' title='bbox 1185 2471 1266 2502; x_wconf 85' lang='lat' dir='ltr'><em>Bona</em></span> <span class='ocrx_word' id='word_1_913' title='bbox 1289 2470 1433 2511; x_wconf 78' lang='lat' dir='ltr'><em>(inquit)</em></span> <span class='ocrx_word' id='word_1_914' title='bbox 1449 2469 1525 2510; x_wconf 81' lang='lat' dir='ltr'><em>fides</em></span> <span class='ocrx_word' id='word_1_915' title='bbox 1543 2494 1552 2510; x_wconf 89' lang='lat'>‚</span> <span class='ocrx_word' id='word_1_916' title='bbox 1582 2481 1644 2512; x_wconf 81' lang='lat' dir='ltr'><em>quae</em></span> <span class='ocrx_word' id='word_1_917' title='bbox 1664 2472 1695 2501; x_wconf 89' lang='lat' dir='ltr'><em>in</em></span> <span class='ocrx_word' id='word_1_918' title='bbox 1711 2468 1866 2500; x_wconf 66' lang='lat' dir='ltr'><em>contrani-</em></span> 
     </span>
     <span class='ocr_line' id='line_1_118' title="bbox 1005 2511 1867 2553; baseline -0.002 -11"><span class='ocrx_word' id='word_1_919' title='bbox 1005 2514 1056 2543; x_wconf 87' lang='lat' dir='ltr'><em>bus</em></span> <span class='ocrx_word' id='word_1_920' title='bbox 1088 2513 1219 2553; x_wconf 83' lang='lat' dir='ltr'><em>exigitur</em></span> <span class='ocrx_word' id='word_1_921' title='bbox 1238 2535 1247 2549; x_wconf 91' lang='lat'>‚</span> <span class='ocrx_word' id='word_1_922' title='bbox 1279 2513 1442 2553; x_wconf 73' lang='lat' dir='ltr'><em>aequitatem</em></span> <span class='ocrx_word' id='word_1_923' title='bbox 1466 2516 1611 2550; x_wconf 76' lang='lat' dir='ltr'><em>summam</em></span> <span class='ocrx_word' id='word_1_924' title='bbox 1639 2511 1787 2550; x_wconf 84' lang='lat' dir='ltr'><em>desiderat.</em></span> <span class='ocrx_word' id='word_1_925' title='bbox 1812 2511 1867 2551; x_wconf 82' lang='lat' dir='ltr'><em>sed</em></span> 
     </span>
     <span class='ocr_line' id='line_1_119' title="bbox 1005 2551 1867 2595; baseline -0.002 -11"><span class='ocrx_word' id='word_1_926' title='bbox 1005 2563 1065 2584; x_wconf 87' lang='lat' dir='ltr'><em>eam</em></span> <span class='ocrx_word' id='word_1_927' title='bbox 1083 2559 1180 2584; x_wconf 84' lang='lat' dir='ltr'><em>utrum</em></span> <span class='ocrx_word' id='word_1_928' title='bbox 1202 2551 1372 2594; x_wconf 69' lang='lat' dir='ltr'><em>astruamus</em></span> <span class='ocrx_word' id='word_1_929' title='bbox 1395 2554 1432 2584; x_wconf 90' lang='lat' dir='ltr'><em>ad</em></span> <span class='ocrx_word' id='word_1_930' title='bbox 1458 2562 1566 2584; x_wconf 86' lang='lat' dir='ltr'><em>merum</em></span> <span class='ocrx_word' id='word_1_931' title='bbox 1583 2554 1636 2594; x_wconf 87' lang='lat' dir='ltr'><em>jus</em></span> <span class='ocrx_word' id='word_1_932' title='bbox 1654 2554 1803 2595; x_wconf 87' lang='lat' dir='ltr'><em>gentium,</em></span> <span class='ocrx_word' id='word_1_933' title='bbox 1827 2561 1867 2582; x_wconf 83' lang='lat' dir='ltr'><em>art</em></span> 
     </span>
     <span class='ocr_line' id='line_1_120' title="bbox 1005 2593 1868 2635; baseline -0.002 -11"><span class='ocrx_word' id='word_1_934' title='bbox 1005 2604 1072 2625; x_wconf 78' lang='lat' dir='ltr'><em>vero</em></span> <span class='ocrx_word' id='word_1_935' title='bbox 1097 2605 1161 2625; x_wconf 86' lang='lat' dir='ltr'><em>cum</em></span> <span class='ocrx_word' id='word_1_936' title='bbox 1180 2596 1326 2635; x_wconf 67' lang='lat' dir='ltr'><em>praeceptis</em></span> <span class='ocrx_word' id='word_1_937' title='bbox 1350 2594 1485 2625; x_wconf 87' lang='lat' dir='ltr'><em>civilibus</em></span> <span class='ocrx_word' id='word_1_938' title='bbox 1510 2594 1546 2629; x_wconf 55' lang='grc' dir='ltr'><em>ἐξ</em></span> <span class='ocrx_word' id='word_1_939' title='bbox 1575 2596 1742 2635; x_wconf 78' lang='lat' dir='ltr'><em>proetoriis:</em></span> <span class='ocrx_word' id='word_1_940' title='bbox 1773 2593 1868 2625; x_wconf 82' lang='lat' dir='ltr'><em>veluti</em></span> 
     </span>
     <span class='ocr_line' id='line_1_121' title="bbox 1006 2634 1867 2677; baseline -0.003 -10"><span class='ocrx_word' id='word_1_941' title='bbox 1006 2646 1072 2667; x_wconf 88' lang='lat' dir='ltr'><em>reus</em></span> <span class='ocrx_word' id='word_1_942' title='bbox 1097 2636 1230 2677; x_wconf 84' lang='lat' dir='ltr'><em>capitalis</em></span> <span class='ocrx_word' id='word_1_943' title='bbox 1247 2636 1354 2677; x_wconf 83' lang='lat' dir='ltr'><em>judicii</em></span> <span class='ocrx_word' id='word_1_944' title='bbox 1379 2634 1503 2675; x_wconf 75' lang='lat' dir='ltr'><em>deposuit</em></span> <span class='ocrx_word' id='word_1_945' title='bbox 1524 2637 1600 2676; x_wconf 84' lang='lat' dir='ltr'><em>apud</em></span> <span class='ocrx_word' id='word_1_946' title='bbox 1626 2642 1652 2666; x_wconf 88' lang='lat' dir='ltr'><em>te</em></span> <span class='ocrx_word' id='word_1_947' title='bbox 1674 2641 1809 2673; x_wconf 87' lang='lat' dir='ltr'><em>centum,</em></span> <span class='ocrx_word' id='word_1_948' title='bbox 1842 2636 1867 2665; x_wconf 86' lang='lat' dir='ltr'><em>is</em></span> 
     </span>
     <span class='ocr_line' id='line_1_122' title="bbox 1008 2675 1868 2718; baseline -0.005 -10"><span class='ocrx_word' id='word_1_949' title='bbox 1008 2678 1170 2717; x_wconf 83' lang='lat' dir='ltr'><em>deportatus</em></span> <span class='ocrx_word' id='word_1_950' title='bbox 1185 2675 1224 2717; x_wconf 78' lang='lat' dir='ltr'><em>eft</em></span> <span class='ocrx_word' id='word_1_951' title='bbox 1241 2700 1250 2715; x_wconf 92' lang='lat'><em>,</em></span> <span class='ocrx_word' id='word_1_952' title='bbox 1281 2678 1352 2707; x_wconf 88' lang='lat' dir='ltr'><em>bona</em></span> <span class='ocrx_word' id='word_1_953' title='bbox 1377 2677 1437 2718; x_wconf 89' lang='lat' dir='ltr'><em>ejus</em></span> <span class='ocrx_word' id='word_1_954' title='bbox 1450 2677 1600 2716; x_wconf 83' lang='lat' dir='ltr'><em>publicata</em></span> <span class='ocrx_word' id='word_1_955' title='bbox 1615 2678 1700 2715; x_wconf 77' lang='lat' dir='ltr'><em>sunt,</em></span> <span class='ocrx_word' id='word_1_956' title='bbox 1731 2684 1868 2707; x_wconf 86' lang='lat' dir='ltr'><em>utrumne</em></span> 
     </span>
     <span class='ocr_line' id='line_1_123' title="bbox 1007 2715 1866 2758; baseline -0.001 -9"><span class='ocrx_word' id='word_1_957' title='bbox 1007 2717 1058 2757; x_wconf 81' lang='lat' dir='ltr'><em>ipfi</em></span> <span class='ocrx_word' id='word_1_958' title='bbox 1074 2719 1130 2749; x_wconf 84' lang='lat' dir='ltr'><em>hoec</em></span> <span class='ocrx_word' id='word_1_959' title='bbox 1153 2719 1313 2756; x_wconf 81' lang='lat' dir='ltr'><em>reddenda,</em></span> <span class='ocrx_word' id='word_1_960' title='bbox 1336 2721 1422 2749; x_wconf 83' lang='lat' dir='ltr'><em>auin</em></span> <span class='ocrx_word' id='word_1_961' title='bbox 1444 2719 1589 2755; x_wconf 82' lang='lat' dir='ltr'><em>publicum</em></span> <span class='ocrx_word' id='word_1_962' title='bbox 1613 2718 1762 2758; x_wconf 73' lang='lat' dir='ltr'><em>deferenda</em></span> <span class='ocrx_word' id='word_1_963' title='bbox 1778 2715 1866 2755; x_wconf 73' lang='lat' dir='ltr'><em>fint‘?</em></span> 
     </span>
     <span class='ocr_line' id='line_1_124' title="bbox 1009 2758 1867 2801; baseline -0.001 -11"><span class='ocrx_word' id='word_1_964' title='bbox 1009 2760 1042 2790; x_wconf 88' lang='lat' dir='ltr'><em>Si</em></span> <span class='ocrx_word' id='word_1_965' title='bbox 1065 2764 1179 2790; x_wconf 81' lang='lat' dir='ltr'><em>tantum</em></span> <span class='ocrx_word' id='word_1_966' title='bbox 1202 2760 1336 2791; x_wconf 80' lang='lat' dir='ltr'><em>naturale</em></span> <span class='ocrx_word' id='word_1_967' title='bbox 1356 2760 1407 2801; x_wconf 86' lang='lat' dir='ltr'><em>jus</em></span> <span class='ocrx_word' id='word_1_968' title='bbox 1430 2759 1466 2794; x_wconf 70' lang='lat'><em>&amp;⁹</em></span> <span class='ocrx_word' id='word_1_969' title='bbox 1482 2762 1614 2800; x_wconf 82' lang='lat' dir='ltr'><em>gentium</em></span> <span class='ocrx_word' id='word_1_970' title='bbox 1635 2762 1782 2790; x_wconf 81' lang='lat' dir='ltr'><em>intuentur</em></span> <span class='ocrx_word' id='word_1_971' title='bbox 1803 2781 1811 2795; x_wconf 88' lang='lat'><em>,</em></span> <span class='ocrx_word' id='word_1_972' title='bbox 1841 2758 1867 2787; x_wconf 86' lang='lat' dir='ltr'><em>ei</em></span> 
     </span>
     <span class='ocr_line' id='line_1_125' title="bbox 1008 2799 1867 2842; baseline -0.003 -11"><span class='ocrx_word' id='word_1_973' title='bbox 1008 2803 1059 2842; x_wconf 93' lang='lat' dir='ltr'><em>qui</em></span> <span class='ocrx_word' id='word_1_974' title='bbox 1086 2803 1162 2831; x_wconf 83' lang='lat' dir='ltr'><em>dedit</em></span> <span class='ocrx_word' id='word_1_975' title='bbox 1178 2825 1186 2839; x_wconf 90' lang='lat'><em>,</em></span> <span class='ocrx_word' id='word_1_976' title='bbox 1218 2799 1392 2842; x_wconf 79' lang='lat' dir='ltr'><em>restituenda</em></span> <span class='ocrx_word' id='word_1_977' title='bbox 1415 2807 1491 2835; x_wconf 82' lang='lat' dir='ltr'><em>lunt.</em></span> <span class='ocrx_word' id='word_1_978' title='bbox 1536 2802 1569 2832; x_wconf 83' lang='lat' dir='ltr'><em>Si</em></span> <span class='ocrx_word' id='word_1_979' title='bbox 1591 2801 1675 2832; x_wconf 83' lang='lat' dir='ltr'><em>civile</em></span> <span class='ocrx_word' id='word_1_980' title='bbox 1693 2801 1744 2842; x_wconf 88' lang='lat' dir='ltr'><em>jus</em></span> <span class='ocrx_word' id='word_1_981' title='bbox 1769 2799 1805 2833; x_wconf 60' lang='grc' dir='ltr'><em>ἑὸ)</em></span> <span class='ocrx_word' id='word_1_982' title='bbox 1831 2799 1867 2828; x_wconf 85' lang='lat' dir='ltr'><em>le·</em></span> 
     </span>
     <span class='ocr_line' id='line_1_126' title="bbox 1004 2842 1863 2883; baseline -0.002 -11"><span class='ocrx_word' id='word_1_983' title='bbox 1004 2852 1076 2883; x_wconf 79' lang='lat' dir='ltr'><em>gum</em></span> <span class='ocrx_word' id='word_1_984' title='bbox 1095 2844 1220 2873; x_wconf 77' lang='lat' dir='ltr'><em>ordinent</em></span> <span class='ocrx_word' id='word_1_985' title='bbox 1236 2866 1245 2880; x_wconf 91' lang='lat'><strong>‚</strong></span> <span class='ocrx_word' id='word_1_986' title='bbox 1275 2844 1366 2883; x_wconf 84' lang='lat' dir='ltr'><em>magis</em></span> <span class='ocrx_word' id='word_1_987' title='bbox 1391 2843 1423 2872; x_wconf 90' lang='lat' dir='ltr'><em>in</em></span> <span class='ocrx_word' id='word_1_988' title='bbox 1435 2842 1582 2883; x_wconf 84' lang='lat' dir='ltr'><em>publicum</em></span> <span class='ocrx_word' id='word_1_989' title='bbox 1603 2843 1754 2882; x_wconf 79' lang='lat' dir='ltr'><em>deferenda</em></span> <span class='ocrx_word' id='word_1_990' title='bbox 1777 2845 1863 2876; x_wconf 72' lang='lat' dir='ltr'><em>sunt:</em></span> 
     </span>
     <span class='ocr_line' id='line_1_127' title="bbox 1007 2882 1866 2923; baseline -0.005 -10"><span class='ocrx_word' id='word_1_991' title='bbox 1007 2894 1076 2913; x_wconf 88' lang='lat' dir='ltr'><em>nam</em></span> <span class='ocrx_word' id='word_1_992' title='bbox 1099 2884 1171 2914; x_wconf 82' lang='lat' dir='ltr'><em>rnale</em></span> <span class='ocrx_word' id='word_1_993' title='bbox 1196 2885 1313 2915; x_wconf 77' lang='lat' dir='ltr'><em>meritus</em></span> <span class='ocrx_word' id='word_1_994' title='bbox 1325 2884 1439 2923; x_wconf 86' lang='lat' dir='ltr'><em>publice</em></span> <span class='ocrx_word' id='word_1_995' title='bbox 1456 2907 1464 2922; x_wconf 94' lang='lat'><em>,</em></span> <span class='ocrx_word' id='word_1_996' title='bbox 1494 2891 1527 2914; x_wconf 89' lang='lat' dir='ltr'><em>ut</em></span> <span class='ocrx_word' id='word_1_997' title='bbox 1542 2884 1664 2923; x_wconf 84' lang='lat' dir='ltr'><em>exemplo</em></span> <span class='ocrx_word' id='word_1_998' title='bbox 1687 2884 1750 2913; x_wconf 86' lang='lat' dir='ltr'><em>aliis</em></span> <span class='ocrx_word' id='word_1_999' title='bbox 1769 2884 1804 2911; x_wconf 73' lang='lat' dir='ltr'><em>ut!</em></span> <span class='ocrx_word' id='word_1_1000' title='bbox 1820 2882 1866 2910; x_wconf 84' lang='lat' dir='ltr'><em>de-</em></span> 
     </span>
     <span class='ocr_line' id='line_1_128' title="bbox 1007 2923 1861 2966; baseline -0.005 -12"><span class='ocrx_word' id='word_1_1001' title='bbox 1007 2927 1138 2956; x_wconf 78' lang='lat' dir='ltr'><em>terrenda</em></span> <span class='ocrx_word' id='word_1_1002' title='bbox 1156 2925 1297 2965; x_wconf 83' lang='lat' dir='ltr'><em>maleficia</em></span> <span class='ocrx_word' id='word_1_1003' title='bbox 1306 2925 1364 2963; x_wconf 86' lang='lat' dir='ltr'><em>sit,</em></span> <span class='ocrx_word' id='word_1_1004' title='bbox 1386 2927 1471 2956; x_wconf 83' lang='lat' dir='ltr'><em>etiam</em></span> <span class='ocrx_word' id='word_1_1005' title='bbox 1488 2924 1606 2966; x_wconf 78' lang='lat' dir='ltr'><em>egestate</em></span> <span class='ocrx_word' id='word_1_1006' title='bbox 1625 2926 1750 2955; x_wconf 84' lang='lat' dir='ltr'><em>laborare</em></span> <span class='ocrx_word' id='word_1_1007' title='bbox 1774 2923 1861 2951; x_wconf 69' lang='lat' dir='ltr'><em>debet.</em></span> 
     </span>
     <span class='ocr_line' id='line_1_129' title="bbox 1008 2960 1864 3008; baseline -0.005 -12"><span class='ocrx_word' id='word_1_1008' title='bbox 1008 2967 1036 2996; x_wconf 69' lang='grc' dir='ltr'>ἁ</span> <span class='ocrx_word' id='word_1_1009' title='bbox 1056 2967 1184 3006; x_wconf 81' lang='lat' dir='ltr'><em>reliqua.</em></span> <span class='ocrx_word' id='word_1_1010' title='bbox 1234 2968 1349 3006; x_wconf 82' lang='lat' dir='ltr'><em>Plane,</em></span> <span class='ocrx_word' id='word_1_1011' title='bbox 1381 2973 1415 2996; x_wconf 85' lang='lat' dir='ltr'><em>ut</em></span> <span class='ocrx_word' id='word_1_1012' title='bbox 1433 2965 1682 3008; x_wconf 78' lang='lat' dir='ltr'><em>Tryphoninum</em></span> <span class='ocrx_word' id='word_1_1013' title='bbox 1699 2987 1708 3001; x_wconf 93' lang='lat'>‚</span> <span class='ocrx_word' id='word_1_1014' title='bbox 1740 2962 1780 2994; x_wconf 82' lang='lat' dir='ltr'><em>fic</em></span> <span class='ocrx_word' id='word_1_1015' title='bbox 1808 2960 1864 2993; x_wconf 90' lang='lat' dir='ltr'><em>Ul-</em></span> 
     </span>
     <span class='ocr_line' id='line_1_130' title="bbox 1007 3004 1866 3048; baseline -0.006 -11"><span class='ocrx_word' id='word_1_1016' title='bbox 1007 3008 1133 3047; x_wconf 85' lang='lat' dir='ltr'><em>pianum</em></span> <span class='ocrx_word' id='word_1_1017' title='bbox 1153 3032 1161 3046; x_wconf 93' lang='lat'><em>,</em></span> <span class='ocrx_word' id='word_1_1018' title='bbox 1184 3008 1329 3047; x_wconf 70' lang='lat' dir='ltr'><em>iustitiam</em></span> <span class='ocrx_word' id='word_1_1019' title='bbox 1356 3017 1485 3048; x_wconf 74' lang='lat' dir='ltr'><em>quoque</em></span> <span class='ocrx_word' id='word_1_1020' title='bbox 1503 3010 1540 3039; x_wconf 85' lang='lat' dir='ltr'><em>acl</em></span> <span class='ocrx_word' id='word_1_1021' title='bbox 1560 3014 1715 3048; x_wconf 78' lang='lat' dir='ltr'><em>praecepta</em></span> <span class='ocrx_word' id='word_1_1022' title='bbox 1736 3004 1841 3034; x_wconf 80' lang='lat' dir='ltr'><em>civilia</em></span> <span class='ocrx_word' id='word_1_1023' title='bbox 1856 3026 1866 3042; x_wconf 88' lang='lat'><em>‚</em></span> 
     </span>
     <span class='ocr_line' id='line_1_131' title="bbox 1006 3044 1864 3090; baseline -0.005 -11"><span class='ocrx_word' id='word_1_1024' title='bbox 1006 3058 1069 3079; x_wconf 81' lang='lat' dir='ltr'><em>non</em></span> <span class='ocrx_word' id='word_1_1025' title='bbox 1095 3050 1203 3089; x_wconf 81' lang='lat' dir='ltr'><em>utique</em></span> <span class='ocrx_word' id='word_1_1026' title='bbox 1229 3051 1266 3081; x_wconf 78' lang='lat' dir='ltr'><em>ad</em></span> <span class='ocrx_word' id='word_1_1027' title='bbox 1291 3059 1412 3080; x_wconf 86' lang='lat' dir='ltr'><em>merum</em></span> <span class='ocrx_word' id='word_1_1028' title='bbox 1434 3050 1480 3088; x_wconf 82' lang='lat' dir='ltr'><em>jus</em></span> <span class='ocrx_word' id='word_1_1029' title='bbox 1506 3051 1647 3090; x_wconf 79' lang='lat' dir='ltr'><em>gentium</em></span> <span class='ocrx_word' id='word_1_1030' title='bbox 1667 3070 1675 3084; x_wconf 96' lang='lat'><em>,</em></span> <span class='ocrx_word' id='word_1_1031' title='bbox 1701 3044 1838 3086; x_wconf 69' lang='lat' dir='ltr'><em>exegisse</em></span> <span class='ocrx_word' id='word_1_1032' title='bbox 1854 3067 1864 3081; x_wconf 86' lang='lat'>‚</span> 
     </span>
     <span class='ocr_line' id='line_1_132' title="bbox 1005 3087 1864 3132; baseline -0.006 -11"><span class='ocrx_word' id='word_1_1033' title='bbox 1005 3099 1044 3122; x_wconf 85' lang='lat' dir='ltr'><em>ex</em></span> <span class='ocrx_word' id='word_1_1034' title='bbox 1070 3090 1264 3132; x_wconf 73' lang='lat' dir='ltr'><em>Fragmenro</em></span> <span class='ocrx_word' id='word_1_1035' title='bbox 1288 3093 1351 3131; x_wconf 87' lang='lat' dir='ltr'><em>ejus</em></span> <span class='ocrx_word' id='word_1_1036' title='bbox 1370 3092 1508 3131; x_wconf 74' lang='lat' dir='ltr'><em>quodam</em></span> <span class='ocrx_word' id='word_1_1037' title='bbox 1528 3089 1636 3128; x_wconf 78' lang='lat' dir='ltr'><em>accepi</em></span> <span class='ocrx_word' id='word_1_1038' title='bbox 1663 3090 1748 3127; x_wconf 80' lang='lat' dir='ltr'><em>quod</em></span> <span class='ocrx_word' id='word_1_1039' title='bbox 1769 3087 1812 3118; x_wconf 75' lang='lat' dir='ltr'><em>eli</em></span> <span class='ocrx_word' id='word_1_1040' title='bbox 1833 3087 1864 3117; x_wconf 90' lang='lat' dir='ltr'><em>in</em></span> 
     </span>
     <span class='ocr_line' id='line_1_133' title="bbox 1004 3128 1865 3174; baseline -0.003 -13"><span class='ocrx_word' id='word_1_1041' title='bbox 1004 3130 1022 3161; x_wconf 86' lang='lat' dir='ltr'><em>l.</em></span> <span class='ocrx_word' id='word_1_1042' title='bbox 1040 3141 1069 3170; x_wconf 83' lang='grc'><em>4.</em></span> <span class='ocrx_word' id='word_1_1043' title='bbox 1093 3132 1120 3174; x_wconf 80' lang='lat'><em>§.</em></span> <span class='ocrx_word' id='word_1_1044' title='bbox 1143 3142 1166 3163; x_wconf 82' lang='lat'><em>1.</em></span> <span class='ocrx_word' id='word_1_1045' title='bbox 1194 3131 1230 3162; x_wconf 86' lang='lat' dir='ltr'><em>D.</em></span> <span class='ocrx_word' id='word_1_1046' title='bbox 1258 3132 1382 3164; x_wconf 61' lang='lat' dir='ltr'><em>Familiae</em></span> <span class='ocrx_word' id='word_1_1047' title='bbox 1406 3133 1582 3166; x_wconf 66' lang='lat' dir='ltr'><em>erciscuna&#39;tr.</em></span> <span class='ocrx_word' id='word_1_1048' title='bbox 1628 3130 1679 3160; x_wconf 75' lang='lat' dir='ltr'><em>Ait</em></span> <span class='ocrx_word' id='word_1_1049' title='bbox 1699 3130 1760 3167; x_wconf 83' lang='lat' dir='ltr'><em>ibi,</em></span> <span class='ocrx_word' id='word_1_1050' title='bbox 1786 3128 1865 3159; x_wconf 81' lang='lat' dir='ltr'><em>mala</em></span> 
     </span>
     <span class='ocr_line' id='line_1_134' title="bbox 1004 3169 1865 3211; baseline -0.006 -7"><span class='ocrx_word' id='word_1_1051' title='bbox 1004 3175 1237 3204; x_wconf 61' lang='lat' dir='ltr'><em>medicamenta</em></span> <span class='ocrx_word' id='word_1_1052' title='bbox 1257 3174 1286 3205; x_wconf 61' lang='lat' dir='ltr'><em>Gt</em></span> <span class='ocrx_word' id='word_1_1053' title='bbox 1308 3183 1426 3204; x_wconf 71' lang='lat' dir='ltr'><em>venena</em></span> <span class='ocrx_word' id='word_1_1054' title='bbox 1445 3174 1572 3211; x_wconf 78' lang='lat' dir='ltr'><em>quidem</em></span> <span class='ocrx_word' id='word_1_1055' title='bbox 1595 3172 1623 3200; x_wconf 87' lang='lat' dir='ltr'><em>in</em></span> <span class='ocrx_word' id='word_1_1056' title='bbox 1639 3172 1790 3210; x_wconf 68' lang='lat' dir='ltr'><em>jul-‚cium</em></span> <span class='ocrx_word' id='word_1_1057' title='bbox 1818 3169 1865 3199; x_wconf 85' lang='lat' dir='ltr'><em>fa-</em></span> 
     </span>
     <span class='ocr_line' id='line_1_135' title="bbox 1005 3211 1876 3252; baseline -0.008 -6"><span class='ocrx_word' id='word_1_1058' title='bbox 1005 3215 1098 3246; x_wconf 83' lang='lat' dir='ltr'><em>miliae</em></span> <span class='ocrx_word' id='word_1_1059' title='bbox 1115 3215 1306 3247; x_wconf 80' lang='lat' dir='ltr'><em>erciscundae</em></span> <span class='ocrx_word' id='word_1_1060' title='bbox 1328 3215 1436 3246; x_wconf 81' lang='lat' dir='ltr'><em>venire</em></span> <span class='ocrx_word' id='word_1_1061' title='bbox 1453 3224 1463 3250; x_wconf 81' lang='lat'>3</span> <span class='ocrx_word' id='word_1_1062' title='bbox 1493 3213 1544 3244; x_wconf 88' lang='lat' dir='ltr'><em>sed</em></span> <span class='ocrx_word' id='word_1_1063' title='bbox 1559 3213 1697 3252; x_wconf 79' lang='lat' dir='ltr'><em>judicem</em></span> <span class='ocrx_word' id='word_1_1064' title='bbox 1713 3212 1743 3245; x_wconf 88' lang='lat' dir='ltr'><em>se</em></span> <span class='ocrx_word' id='word_1_1065' title='bbox 1762 3214 1792 3244; x_wconf 87' lang='lat' dir='ltr'><em>in</em></span> <span class='ocrx_word' id='word_1_1066' title='bbox 1817 3211 1876 3241; x_wconf 54' lang='lat' dir='ltr'><em>his¹</em></span> 
     </span>
    </p>

    <p class='ocr_par' dir='ltr' id='par_1_10' title="bbox 1800 3261 1865 3283">
     <span class='ocr_line' id='line_1_136' title="bbox 1800 3261 1865 3283; baseline -0.031 0"><span class='ocrx_word' id='word_1_1067' title='bbox 1800 3261 1865 3283; x_wconf 77' lang='lat' dir='ltr'><em>non</em></span> 
     </span>
    </p>
   </div>
  </div>
 </body>
</html>
