2036 3495
597 78 940 114 Gensnnr

830 157 1181 196 Tri-titus

998 69 1037 106 N
1069 64 1262 113 oo'njr
1321 65 1347 102 C
1380 78 1400 102 o
1433 77 1460 101 it
1492 64 1562 110 Mfs'

1245 155 1297 190 ΙΙ.

841 237 891 271 De
917 232 1154 282 testamentaria
1181 231 1287 266 tutela.

238 336 314 368 rima
343 329 431 364 causa
456 328 500 361 est
526 325 636 360 tutelae
660 323 924 360 testamentariae,
948 330 1043 363 quam

172 336 234 413 P
259 386 301 407 ex
318 371 501 406 Duodecim
518 367 652 400 Tabulis
671 367 710 398 ad
727 367 813 397 hunc
837 364 966 396 modum
997 374 1042 395 re-

173 418 339 460 praesentat
356 412 509 452 Ulpianus
533 411 579 442 tit.
598 418 642 440 xi.
664 407 694 450 §.
714 417 761 446 14.
786 405 846 454 Uti
868 404 977 446 legaffit
995 404 1044 450 μς

172 466 223 501 per
239 455 364 498 pecunia
391 453 519 484 tucelave
544 451 585 483 νει·
604 449 680 488 sua,
710 450 752 479 ita
775 456 829 489 jus
850 444 917 486 esto.
935 488 941 494 ι
960 445 1044 477 Mihi

173 508 252 529 vero
275 494 418 536 proclive
443 492 506 532 est,
530 491 662 523 credere
684 489 799 526 verba,
821 488 878 526 suoe
899 496 959 526 rei,
983 496 1045 533 non

175 538 238 571 effe
258 536 352 577 Legis
368 558 377 574 ‚
401 543 507 574 neque
527 530 672 572 Ulpiani:
696 530 748 561 sed
770 529 899 568 alicuius
910 526 1047 560 Studiosi

177 579 271 621 iuris:
303 577 357 617 qui
389 576 427 607 ad
456 575 629 616 marginem
651 571 695 603 sui
719 571 789 602 libri
818 577 1047 615 annotaverat,

176 627 300 660 partem
317 616 412 658 Legis
428 616 500 648 alibi
515 618 570 655 (ut
586 613 671 654 apud
698 612 913 657 Pomponium
936 610 956 641 l.
982 618 1047 654 izo.

178 662 225 692 D.
250 660 282 691 de
306 660 459 690 verborum
469 655 701 698 significatione,
731 654 760 684 ἃ
784 650 989 698 justinianum
1017 660 1049 697 ¹¹¹.

172 708 219 743 pr.
244 698 313 740 Inst.
336 701 368 731 de
389 699 448 740 lege
473 697 619 734 Falcidia)
641 695 702 725 hae
731 693 822 734 prodi
847 691 965 724 forma:
981 691 1049 736 *Uti

177 740 286 784 legaffit
304 741 368 781 suae
391 742 440 771 rei.
465 747 567 778 eaque
584 735 701 768 deinde
725 742 833 766 errore
858 732 988 764 Librarii
1012 742 1048 763 ir·

176 782 303 824 repsiffe
333 783 365 813 in
388 787 588 812 contextum.
621 775 666 808 est
689 776 774 806 enim
800 781 907 806 certus
940 772 1050 820 auctor

178 824 294 856 Paulus
309 823 329 854 l.
344 832 394 863 533.
419 821 458 851 D.
481 821 515 851 de
531 819 642 850 verbor.
659 814 789 857 fignific.
815 814 936 856 Legem
954 815 1049 846 drxrs-

178 866 228 904 se,
254 862 311 896 Uri
333 860 441 903 legaffit
463 861 547 902 super
572 859 697 900 pecunia
721 857 848 888 iutelave
864 855 931 897 sica.
955 855 1050 887 aufiin

177 908 275 948 igitur
290 903 410 944 Legem
429 901 471 933 fic
489 900 663 933 restituere.
707 898 924 938 Paterfamilias
942 898 986 928 uti
1013 897 1049 943 la-

174 945 262 988 gaffit
266 945 357 986 super
368 944 492 985 pecunia
507 941 633 974 tutelam
648 941 727 979 sua,
756 939 869 985 icajas
890 936 954 977 esto,
976 977 981 982 ¹
999 937 1051 969 Sic

182 986 305 1027 conJeci
321 985 369 1016 lib.
387 994 416 1016 2.
435 984 557 1021 Observ.
580 992 604 1014 c.
625 990 670 1018 19.
694 980 724 1013 &
746 989 883 1026 optimo.
897 977 984 1010 Pauli
1007 986 1053 1023 te-

179 1027 328 1061 stimonio
342 1049 352 1065 ,
375 1025 463 1058 fimui
479 1024 672 1066 argumentis
695 1021 983 1066 adprobationem
1008 1028 1052 1050 in-

180 1067 351 1107 dubitatis3
375 1076 447 1107 quae
464 1065 516 1098 hic
535 1072 700 1106 repetere,
723 1063 800 1109 nihil
822 1068 950 1105 attinet.

225 1109 323 1151 Igitur
346 1109 471 1140 veniam
495 1107 534 1139 ad
557 1107 639 1138 inter
663 1110 851 1136 retationem
875 1101 985 1143 Legis:
1009 1099 1053 1131 se-

181 1159 274 1184 cutus
300 1150 505 1192 partitionem
523 1147 625 1179 Mode
655 1145 698 1178 ini
715 1145 747 1176 in
771 1145 790 1177 l.
811 1153 835 1176 1.
860 1143 888 1185 §.
910 1152 934 1174 i.
958 1141 1000 1188 D.
1021 1142 1054 1187 gie

179 1190 373 1231 confirmando
390 1196 501 1222 tutore:
525 1188 681 1224 dicentis,
707 1185 768 1217 esse
784 1191 1001 1228 tutores‚·qui
1023 1191 1053 1215 in

181 1233 371 1266 testamento
394 1231 482 1263 reae
504 1231 636 1262 dantur:
666 1228 731 1260 hoc
755 1226 817 1263 est,
851 1235 867 1257 a
889 1224 1001 1265 quibus
1021 1233 1053 1254 o·

181 1281 311 1317 portet,
334 1273 365 1305 dt
388 1271 503 1313 quibus
527 1276 658 1313 oportet
672 1292 683 1308 ,
707 1269 736 1300 &
754 1277 819 1308 quo
845 1266 943 1298 modo
961 1273 1053 1310 opor·

181 1324 248 1355 tet,
270 1315 300 1347 &
317 1313 370 1346 ubi
387 1319 530 1354 oportet.
573 1311 712 1343 Primum
733 1309 858 1346 dicam,
880 1317 897 1338 a
921 1307 1054 1353 quibus,

182 1357 214 1390 &
231 1355 345 1398 quibus
366 1362 509 1387 tutorem
531 1353 597 1385 dari
626 1357 786 1392 oporteat.
831 1349 860 1380 Is
885 1357 937 1388 qui
971 1354 1055 1378 tuto-

181 1407 252 1431 rem
268 1397 342 1435 dat,
365 1395 408 1428 est
433 1393 668 1436 paterfamilias.
691 1391 732 1424 fic
754 1391 840 1423 enim
862 1388 973 1421 sonant
995 1386 1054 1418 Le-

182 1439 232 1481 gis
256 1437 370 1476 verba,
394 1435 612 1476 Paterfamilias
632 1434 679 1464 uti
701 1430 812 1477 legaffit
824 1431 915 1472 super
931 1431 1057 1474 pequnia

183 1478 390 1519 tutelavesucz.
433 1477 526 1509 Pater
543 1482 649 1506 autem
668 1472 821 1510 familias,
844 1480 880 1503 ut
904 1472 1056 1512 Ulpianus

184 1522 229 1553 ait
244 1520 263 1551 l.
282 1529 350 1559 195.
374 1518 403 1560 §.
421 1527 449 1549 2.
473 1517 520 1548 D.
538 1517 572 1547 de
590 1515 742 1547 verborum
752 1510 987 1554 fignificatione‚
1011 1510 1056 1543 est

185 1562 240 1603 qui
257 1561 287 1592 in
304 1561 404 1591 domo
421 1556 598 1590 dominium
615 1555 729 1594 habet;
750 1554 901 1594 recteque
923 1553 987 1584 hoc
1001 1561 1056 1584 no-

184 1602 270 1636 mine
287 1600 484 1640 appellatur,
506 1597 649 1638 quamvis
668 1596 765 1628 filium
782 1605 846 1627 non
864 1594 970 1626 habet.
991 1602 1056 1625 non

184 1643 269 1675 enim
293 1641 393 1674 solum
417 1637 584 1682 personam
606 1639 691 1679 ejus,
715 1636 769 1669 sed
793 1636 823 1669 &
851 1636 900 1677 jus
927 1636 1058 1668 demon-

185 1685 326 1717 stramus.

231 1724 259 1757 ls
274 1723 500 1764 paterfamilias
515 1731 555 1754 ex
572 1719 718 1762 permissu
737 1718 833 1761 Legis
850 1726 987 1765 tutorem
1005 1717 1058 1750 dat

185 1765 293 1799 liberis
318 1766 402 1803 suis;
433 1774 497 1796 non
527 1762 705 1795 indistincte
730 1764 858 1802 quidem
882 1760 1057 1797 omnibus;

187 1809 240 1840 sed
260 1807 388 1838 demum
417 1805 465 1837 his
481 1804 535 1846 qui
556 1804 584 1835 ei
610 1802 668 1835 {int
692 1801 734 1834 sui
759 1803 891 1834 heredes
910 1809 1058 1839 ternpore

189 1848 312 1881 mortis.
344 1848 384 1878 fic
419 1845 565 1878 definivit
597 1845 639 1886 Q.
668 1843 797 1875 Mucius
826 1843 895 1874 libro
912 1841 1060 1884 singulari

188 1893 264 1926 ἐοῶνς
291 1889 320 1920 &
338 1889 568 1919 convenienter
588 1886 663 1926 Legi
688 1894 744 1917 itii.
769 1883 972 1915 Tabularum.
991 1891 1057 1912 ver·

187 1922 229 1963 ba
253 1929 295 1972 Q.
322 1929 421 1960 Mucii
448 1929 479 1960 in
502 1929 512 1958 l
552 1936 600 1968 73.
624 1927 652 1968 §.
683 1935 707 1957 i.
733 1926 778 1957 D.
805 1927 838 1956 cle
860 1925 966 1965 regulis
979 1924 1059 1965 juris

190 1973 260 2004 haec
278 1971 356 2002 sunt.
381 1970 473 2001 Nemo
487 1967 575 2009 potest
591 1974 713 1999 tutorem
733 1968 800 1997 (lare
823 1967 958 2007 cuiqnam
973 1988 983 2003 ,
1004 1962 1059 2001 m‘fi

189 2016 214 2044 ei
229 2022 312 2055 quem
327 2012 359 2042 in
375 2011 433 2047 licis
453 2011 619 2048 heredibus,
644 2019 708 2039 cum
727 2009 850 2039 moritur
870 2008 987 2043 babuit,
1010 2005 1059 2036 ba-

188 2056 340 2086 hirurusve
350 2052 425 2093 ψει,
448 2051 476 2089 fi
490 2051 615 2091 vixiffet.
635 2049 709 2082 Hoc
727 2058 787 2089 qua
805 2048 925 2079 ratione
939 2046 1059 2078 factum

189 2096 246 2135 fit,
270 2094 418 2126 haftenus
452 2102 546 2123 nemo
568 2091 819 2127 demonstravit;
844 2089 873 2120 ἀ
901 2087 969 2119 Lex
990 2087 1059 2119 sim·

192 2137 319 2178 pliciter
336 2135 398 2173 ait,
427 2133 483 2165 Uti
498 2131 606 2173 legaffit
614 2135 703 2172 super
716 2131 840 2172 pecunia
856 2130 983 2161 tutelave
994 2130 1059 2166 sua.

190 2178 275 2211 Mihi
294 2177 325 2208 in
347 2176 504 2208 rationem
521 2173 693 2213 inquirenti
716 2174 784 2203 haec
812 2171 963 2202 succurrit
987 2171 1016 2201 d.
1035 2179 1059 2200 c.

193 2229 239 2257 19.
255 2220 303 2250 lib.
322 2228 349 2249 2.
376 2217 497 2250 observ.
522 2215 606 2255 quod
623 2222 711 2254 pater
732 2215 758 2245 ἃ
778 2211 857 2244 filius
873 2215 905 2243 iii
922 2212 985 2252 eJ'us
1003 2211 1059 2242 do-

191 2270 247 2293 mo
270 2260 300 2291 &
318 2257 474 2300 potestate
496 2255 653 2294 existens,
685 2264 744 2295 pro
776 2263 835 2285 una
858 2252 987 2293 persona
1009 2252 1059 2297 ha-

195 2302 309 2333 bentur
325 2301 393 2340 jure
419 2298 523 2330 civili:
547 2306 646 2337 usque
662 2297 762 2333 adeo,
793 2302 827 2326 ut
852 2294 952 2331 filius,
989 2303 1062 2324 vivo

196 2351 302 2383 patre,
326 2350 399 2372 cum
415 2350 455 2372 eo
472 2338 714 2379 quodammodo
738 2337 886 2368 dominus
911 2334 1063 2375 intelliga-

197 2390 246 2414 tur
261 2405 270 2420 ‚
294 2382 323 2413 ἃ
340 2381 409 2422 post
423 2382 491 2422 ejus
516 2388 652 2411 mortem
679 2388 745 2410 non
769 2386 830 2408 tam
856 2376 1064 2422 hereditatem

194 2423 376 2464 percipere,
401 2431 494 2461 quam
516 2422 577 2461 jam
603 2420 732 2452 liberam
757 2419 916 2449 bonorum
938 2416 1063 2448 admini-

195 2463 376 2497 strationem
394 2462 552 2502 consequi.
576 2462 605 2492 id
624 2462 721 2492 docet
747 2459 940 2500 Pomponius
970 2459 989 2489 l.
1018 2467 1064 2490 11.

198 2506 239 2537 D.
255 2506 287 2535 de
302 2504 391 2534 liberis
413 2503 448 2538 &³
465 2501 640 2544 posthumis:
663 2511 724 2533 nec
743 2502 844 2532 minus
863 2499 1063 2537 Lactantius,

197 2547 244 2578 lib.
265 2556 293 2584 4.
323 2546 430 2576 Divin.
458 2544 529 2585 lnst.
557 2555 580 2575 c.
605 2553 654 2579 29-
687 2544 759 2574 Cum
781 2544 869 2582 quis,
900 2540 1064 2580 inquiens,

200 2588 282 2619 haber
292 2584 390 2624 filium
408 2595 488 2626 quem
504 2587 586 2616 unice
602 2586 697 2624 diligit
709 2608 717 2622 ,
741 2585 792 2625 qui
807 2589 900 2614 taimen
912 2580 953 2620 fit
969 2582 1001 2611 in
1018 2583 1062 2612 do-

199 2638 243 2660 mo
260 2626 295 2662 &³
318 2636 405 2657 manu
427 2628 533 2663 patris,
557 2626 619 2657 licet
644 2627 669 2656 ei
695 2633 795 2656 nomen
818 2625 923 2654 domini
944 2620 1063 2662 potesta*

200 2676 309 2710 temque
325 2667 455 2698 concedat
470 2689 479 2704 ,
504 2668 585 2697 civili
599 2672 694 2697 tamen
703 2666 773 2707 jure
789 2665 825 2699 ὅ)
841 2666 939 2695 domus
953 2673 1013 2694 una
1030 2662 1066 2697 ὅ)

198 2720 275 2742 tinus
296 2708 426 2739 dominus
441 2709 615 2738 nominatur.
648 2706 740 2738 Hanc
758 2705 852 2746 patris
870 2705 898 2736 &
917 2704 991 2742 filii,
1015 2706 1066 2743 qui

199 2754 232 2785 in
249 2751 313 2791 ejus
329 2748 448 2780 familia
464 2747 495 2778 ἅ
509 2748 664 2787 potestate
681 2748 734 2786 sit,
759 2748 912 2778 unitatem
939 2744 1007 2776 Lex
1026 2747 1067 2777 in-

199 2794 332 2834 digitat3
354 2798 427 2820 cum
445 2789 506 2826 ait,
534 2788 589 2819 Uti
611 2788 719 2830 legaffit
737 2789 826 2829 super
843 2788 968 2827 pecunia
994 2793 1066 2817 tule-

199 2835 264 2866 lave
279 2833 346 2873 sua.
370 2839 489 2870 eaque,
522 2829 654 2867 opinor,
678 2829 728 2861 fit:
758 2837 792 2861 ut
818 2828 911 2868 poffit
938 2829 1067 2867 quidem

200 2883 292 2917 pater
315 2873 420 2904 liberis
450 2870 506 2902 suis
535 2869 767 2909 impuberibus,
812 2869 862 2902 sed
894 2878 956 2900 non
983 2869 1067 2907 aliis,

200 2925 294 2957 quam
312 2915 365 2954 qui
389 2913 417 2944 ei
446 2911 504 2943 (int
527 2910 568 2941 sui
596 2910 747 2954 heredes,
772 2911 963 2942 testamento
982 2919 1067 2941 tuto-

202 2967 267 2989 rem
287 2957 377 2987 dare:
400 2963 441 2984 eo
459 2952 546 2993 quod
563 2950 630 2982 Lex
649 2960 678 2980 ei
694 2951 851 2990 permisit,
876 2952 916 2982 de
935 2952 1068 2991 pecunia

201 2998 340 3030 tutelave
357 2996 404 3026 sua
423 2996 536 3034 legare.
773 3031 809 3065 &D

707 3037 752 3071 pr.

245 3038 288 3069 Ex
308 3038 370 3068 hoc
387 3036 481 3066 fonte
504 3032 601 3074 GaJus
617 3032 636 3063 l.
659 3040 683 3063 1.

201 3080 262 3116 ait,
285 3078 466 3118 parentibus
486 3075 574 3114 Lege
591 3083 648 3105 xri.
668 3071 861 3118 Tabularum
889 3073 1066 3114 permifl‘uin

198 3120 259 3152 ess'e
283 3120 387 3150 liberis
414 3118 492 3155 suis,
529 3116 593 3148 five
618 3114 781 3150 feminini,
813 3113 874 3143 {ive
905 3114 1067 3146 masculini

198 3162 306 3199 sexus,
329 3158 349 3191 fi
366 3160 465 3192 modo
487 3160 518 3190 in
543 3155 703 3198 potestate
730 3155 805 3193 sint,
829 3161 952 3186 tutores
978 3155 1068 3188 testa-

836 3032 864 3072 §.
883 3042 909 3063 2.
934 3033 974 3064 D.
996 3033 1024 3063 h.
1045 3037 1065 3062 t.

1086 325 1197 351 mento
1215 318 1302 351 dare:
1325 318 1424 360 idque
1439 325 1549 351 verum
1565 317 1628 351 effe
1644 318 1676 352 in
1694 318 1765 352 filiis
1788 320 1819 353 &
1839 316 1961 355 filiabus

1087 360 1303 392 omnimodo:
1326 360 1359 391 in
1383 360 1555 401 nepotibus
1578 370 1659 392 vero
1691 362 1720 393 dt
1745 362 1894 403 neptibus
1919 363 1960 395 ita

1088 402 1237 439 demum,
1262 401 1281 432 si
1300 401 1372 441 post
1389 409 1525 434 mortem
1544 402 1594 433 avi
1610 401 1641 434 in
1657 402 1847 442 potestatem
1865 405 1961 444 patris

1088 441 1131 473 sui
1148 441 1281 472 recasuri
1298 450 1366 473 non
1393 441 1472 475 sunt.
1514 442 1556 474 Et
1580 442 1683 475 recte:
1706 453 1779 476 nam
1802 446 1854 476 ubi
1878 443 1960 476 filius

1088 482 1187 524 gradu
1210 482 1390 522 praecedit,
1419 482 1502 515 solus
1529 484 1626 515 habet
1651 485 1719 525 jura
1747 484 1791 516 sui
1820 485 1962 526 heredis,

1089 525 1243 567 quamvis·
1258 532 1360 568 nepos
1385 533 1514 565 quoque
1538 526 1570 557 in
1593 526 1704 558 eadem
1730 525 1887 567 potestate
1914 527 1961 559 fir.

1090 564 1148 610 sed.
1165 564 1183 596 fi
1202 562 1284 596 filius
1299 573 1375 595 Vivo
1392 574 1453 596 avo
1474 566 1645 606 moriatur,
1669 576 1721 598 aut
1745 567 1804 598 alia
1820 569 1963 608 qualibet

1091 612 1216 637 ratione
1234 605 1273 636 de
1289 604 1443 650 potestate
1459 607 1525 646 ejus
1542 614 1655 647 exeat,
1677 608 1789 648 incipit
1803 618 1906 649 nepos
1930 612 1963 642 in

1092 647 1159 686 eJus
1182 646 1288 677 locum
1305 646 1495 685 luet-edere,
1519 647 1548 679 ἀ
1569 657 1610 679 eo
1627 650 1725 681 modo
1746 650 1813 690 jura
1836 651 1963 683 suorum

1091 687 1246 718 heredum
1262 685 1344 726 quafi
1360 686 1582 726 adgnascendo
1598 690 1744 722 nancisci.

1135 728 1234 769 Igitur
1257 725 1408 759 effectum
1431 727 1476 759 est
1492 750 1502 766 ,
1535 729 1613 768 patri
1639 739 1826 772 competere
1851 733 1964 765 tutoris

1093 768 1187 800 dandi
1206 767 1411 800 facultatem:
1434 768 1533 801 modo
1559 778 1631 801 eum
1657 772 1713 803 det
1737 773 1780 805 eis
1801 782 1901 813 quos,
1930 783 1966 805 ut

1093 809 1199 841 monui
1232 818 1273 841 ex
1298 809 1342 850 Q.
1362 808 1494 848 Mucio,
1524 811 1556 842 in
1579 811 1638 843 suis
1667 811 1856 851 heredibus,
1891 824 1967 847 cum

1093 857 1293 888 moreretur,
1317 850 1446 891 habuit3
1469 859 1523 883 aut
1541 851 1702 884 habiturus
1718 853 1811 891 estet,
1833 854 1855 886 fi
1873 857 1966 887 vixis-

1094 891 1148 923 set.
1172 901 1231 923 nec
1255 891 1300 922 est
1322 891 1469 936 dubium,
1502 891 1577 932 quin
1602 893 1769 933 postremis
1793 893 1836 938 Q.
1859 894 1964 928 Mucii

1096 932 1203 964 verbis
1238 931 1398 972 posthumi
1429 934 1638 975 designentur.
1666 935 1806 976 alioquin
1840 945 1968 976 poterat

1095 971 1231 1014 ambigi,
1255 982 1292 1018 an
1310 975 1452 1006 nondum
1471 974 1548 1007 natis
1560 975 1629 1016 jure
1653 983 1741 1008 tutor
1758 987 1776 1009 a
1803 986 1892 1018 patre
1915 980 1969 1009 da-

1095 1022 1202 1061 retur:
1215 1023 1287 1059 quia
1305 1022 1430 1055 poterat
1448 1016 1561 1056 quaeri,
1584 1026 1622 1048 an
1642 1018 1695 1057 qui
1712 1020 1851 1050 nondum
1869 1017 1968 1051 essent

1095 1063 1182 1095 nati,
1206 1062 1303 1095 patri,
1325 1064 1397 1087 cum
1414 1064 1611 1096 moreretur,
1634 1058 1732 1090 essent
1755 1058 1799 1091 sui
1823 1060 1967 1092 heredes,

1096 1096 1159 1128 Sed
1178 1097 1295 1137 placuit
1316 1096 1357 1138 Q.
1378 1097 1512 1142 Mucio,
1537 1098 1706 1139 posthumo
1728 1107 1868 1132 tutorem
1886 1101 1967 1133 dari:

1096 1137 1217 1176 modo,
1240 1145 1276 1168 ut
1293 1136 1391 1179 Gajus
1414 1147 1480 1178 ait,
1511 1141 1542 1171 iu
1565 1150 1600 1171 ea
1624 1140 1712 1173 causa
1734 1139 1788 1180 fit,
1820 1151 1853 1174 ut
1878 1149 1968 1175 natus

1097 1179 1174 1210 vivo
1190 1186 1300 1219 patre,
1323 1181 1353 1210 in
1370 1180 1435 1221 eius
1453 1181 1610 1220 potestate
1629 1181 1771 1222 futurus,
1793 1193 1897 1223 neque
1925 1193 1970 1215 te-

1097 1219 1288 1251 stamentum
1309 1229 1455 1260 rupturus
1471 1221 1547 1254 esset
1572 1224 1600 1254 d.
1618 1222 1637 1253 l.
1659 1232 1686 1255 1.
1709 1224 1728 1266 §
1760 1234 1787 1256 1.
1811 1225 1842 1256 id
1860 1225 1922 1263 est,
1946 1223 1969 1256 si

1098 1261 1149 1292 vel
1172 1260 1264 1306 hernes
1282 1260 1358 1293 effet
1380 1262 1557 1301 institutus,
1581 1264 1632 1296 vel
1646 1265 1706 1296 rite
1730 1265 1969 1298 exheredatus:

1097 1309 1164 1334 tum
1181 1311 1266 1333 enirn
1284 1311 1348 1334 non
1366 1304 1467 1344 rumpi
1487 1304 1726 1345 testamentum,
1745 1307 1875 1339 constat.
1901 1308 1970 1340 Cae·

1098 1351 1200 1374 terum
1217 1351 1272 1374 cur
1294 1352 1385 1383 aeque
1410 1344 1596 1385 posthumo,
1619 1355 1656 1377 ac
1673 1348 1735 1386 jam
1760 1356 1855 1386 nato,
1879 1356 1969 1380 tutor

1094 1384 1162 1416 'dari
1182 1384 1294 1429 potiit,
1317 1386 1398 1415 ratio
1419 1384 1487 1416 haec
1504 1386 1565 1419 est:
1590 1387 1675 1427 quod
1691 1388 1789 1420 tutela
1808 1390 1846 1420 ad
1867 1389 1967 1430 pupil-

1098 1425 1118 1457 li
1145 1425 1315 1457 utilitatem
1332 1424 1451 1466 spe&at
1479 1426 1508 1467 §.
1532 1436 1562 1467 4.
1585 1425 1656 1468 Inst.
1681 1430 1713 1459 de
1735 1429 1841 1461 tutelis.
1865 1431 1896 1462 in
1923 1439 1964 1462 eo

1097 1468 1281 1512 autemeui
1304 1469 1335 1498 in
1360 1474 1452 1498 utero
1469 1467 1532 1506 est,
1555 1468 1686 1508 perinde
1711 1478 1748 1500 ac
1775 1470 1794 1501 ii
1819 1471 1849 1502 in
1873 1470 1967 1502 rebus

1097 1507 1242 1539 humanis
1256 1505 1351 1545 effet,
1374 1507 1568 1547 custoditur,
1592 1509 1718 1549 quoties
1738 1510 1777 1542 de
1793 1512 1968 1542 commodo

1097 1548 1191 1589 ipsius
1207 1555 1313 1588 partus
1330 1549 1481 1588 quaeritur
1492 1558 1702 1590 ;quamquam
1718 1551 1969 1591 alii,antequam

1100 1590 1243 1621 nalcatur
1258 1612 1268 1629 ,
1291 1597 1491 1630 nequaquam
1516 1589 1646 1630 prodest
1669 1591 1688 1622 l.
1714 1600 1741 1633 7.
1766 1593 1812 1622 D.
1837 1594 1870 1623 de
1884 1590 1968 1632 statu

1099 1631 1257 1662 hominum.
1281 1630 1301 1662 l.
1320 1640 1391 1672 231.
1416 1631 1452 1666 &²
1474 1631 1493 1662 l.
1522 1636 1588 1664 161.
1613 1631 1655 1662 D.
1678 1633 1711 1666 de
1734 1633 1843 1664 verbor.
1858 1633 1967 1674 signif.

1100 1671 1204 1703 Datur
1221 1672 1316 1712 igitur
1333 1671 1504 1712 posthumo
1527 1680 1634 1710 tutor;
1657 1681 1722 1705 non
1741 1680 1845 1705 tamen
1865 1683 1898 1706 ut
1915 1683 1970 1715 pu-

1101 1713 1179 1754 pilio
1199 1713 1264 1753 jam
1292 1722 1389 1751 nato,
1417 1712 1470 1745 sed
1498 1720 1533 1744 ut
1559 1712 1731 1752 posthumo
1754 1714 1919 1748 nascituro.
1941 1716 1973 1748 dc

1101 1753 1147 1785 est
1163 1754 1228 1793 eius
1252 1753 1458 1786 distinctionis
1487 1753 1634 1787 effectus:
1657 1764 1690 1787 ut
1713 1757 1812 1787 tutela
1833 1759 1973 1798 pendeat

1102 1804 1201 1835 usque
1225 1796 1263 1827 ad
1279 1796 1478 1828 nativitatem
1495 1796 1672 1836 posthumi:
1696 1799 1812 1829 tamdiu
1829 1800 1971 1838 inceriO,

1102 1845 1208 1881 utrum
1224 1834 1330 1868 futura
1345 1835 1382 1868 fit
1401 1846 1418 1867 e
1434 1847 1467 1868 re
1485 1837 1655 1877 posthumi.
1678 1837 1739 1877 ita,
1759 1838 1778 1870 fi
1798 1840 1969 1872 incolumis

1102 1878 1244 1909 nalcatur
1262 1877 1465 1918 posthumus,
1487 1879 1596 1911 iocum
1615 1879 1711 1911 habet
1734 1881 1843 1911 tutclae
1860 1881 1968 1920 afflo3

1100 1918 1143 1950 fin
1163 1927 1306 1951 mortuus
1322 1920 1476 1959 prodeat,
1502 1927 1624 1952 tantum
1648 1921 1850 1962 negotiorum
1867 1921 1972 1962 gesto-

1101 1969 1190 1999 rum,
1213 1969 1280 1991 non
1299 1961 1426 2000 tutelae,
1448 1960 1531 1992 actio
1549 1962 1706 2001 competit
1720 1962 1738 1993 l.
1759 1971 1803 1998 19.
1827 1962 1854 2005 §.
1872 1973 1901 1995 2.
1924 1963 1968 1995 D.

1100 2002 1128 2033 h.
1145 2008 1167 2032 t.
1184 2002 1204 2032 i.
1220 2010 1268 2037 29.
1295 2001 1336 2033 D.
1354 2003 1387 2033 de
1409 2003 1528 2044 negotiis
1540 2001 1637 2044 gestis.

1143 2042 1219 2074 Hoc
1235 2043 1306 2074 loco
1323 2043 1353 2074 &
1367 2042 1419 2074 illa
1433 2046 1571 2074 occurrit
1592 2043 1741 2084 quaestio:
1763 2051 1866 2078 utrum
1882 2052 1970 2078 tutor

1103 2083 1294 2115 testamento
1319 2083 1410 2115 detur
1433 2083 1498 2116 filio
1525 2093 1646 2116 tantum
1670 2086 1777 2116 heredi
1807 2086 1970 2127 instituto,

1102 2134 1140 2156 an
1159 2128 1252 2156 etiam
1269 2125 1472 2157 exheredato.
1490 2135 1525 2156 ea
1540 2134 1644 2157 autem
1660 2127 1790 2166 quaestio
1807 2127 1869 2159 hue
1885 2130 1970 2160 exit:

1103 2175 1141 2197 an
1158 2165 1240 2197 filius
1257 2166 1506 2198 exheredatione
1523 2166 1639 2198 defluat
1655 2169 1733 2207 patri
1750 2168 1811 2200 ess'e
1830 2168 1898 2200 suus
1916 2170 1973 2200 he·

1103 2208 1178 2239 res?
1202 2207 1289 2247 quod
1314 2217 1381 2239 non
1411 2216 1510 2248 puto:
1533 2208 1596 2240 five
1621 2209 1660 2239 ad
1684 2209 1904 2242 definitionem
1929 2209 1972 2242 sui

1104 2248 1250 2287 heredis,
1274 2249 1336 2280 sive
1353 2249 1391 2280 ad
1408 2249 1473 2289 ejus
1489 2250 1555 2289 ius,
1578 2249 1696 2290 speQO.
1726 2250 1862 2282 Primum
1883 2252 1971 2291 quod

1105 2290 1143 2322 ad
1159 2289 1379 2321 definitionem
1397 2292 1525 2322 attinet:
1548 2291 1690 2330 constat,
1713 2301 1784 2323 eum
1804 2293 1856 2333 qui
1873 2294 1904 2324 in
1918 2293 1972 2322 do-

1106 2340 1160 2363 mo
1179 2332 1208 2362 ὁι
1231 2330 1348 2362 familia
1373 2333 1467 2371 patris
1491 2331 1536 2363 est
1559 2334 1654 2372 gradu
1680 2334 1860 2372 proximus,
1884 2332 1969 2362 suum

1108 2373 1258 2403 heredem
1279 2373 1427 2413 appellari
1446 2372 1474 2414 ἓ.
1491 2383 1520 2405 2.
1539 2372 1610 2414 Infi.
1633 2375 1665 2404 de
1688 2374 1780 2404 bered.
1804 2373 1905 2414 qualit.
1933 2373 1969 2406 δ’

1107 2412 1202 2454 differ.
1231 2414 1305 2454 quin
1326 2421 1430 2445 autem
1453 2423 1483 2445 in
1508 2417 1601 2455 patris
1619 2413 1793 2455 potestate,
1816 2423 1857 2444 eo
1875 2414 1971 2450 vico,

1108 2455 1142 2486 sit
1163 2453 1243 2486 filius
1260 2453 1493 2493 exheredatus,
1512 2456 1563 2487 vix
1580 2455 1714 2487 dubitari
1734 2454 1857 2495 potest:
1880 2453 1971 2495 siqui-

1108 2497 1179 2526 dem
1207 2496 1414 2527 exhercdatio
1443 2505 1505 2527 non
1530 2496 1575 2527 est
1599 2497 1712 2527 modus
1741 2495 1900 2526 solvendae
1924 2505 1973 2529 na-

1109 2538 1175 2568 triae
1193 2537 1367 2576 potestatis.
1390 2537 1456 2568 imo
1474 2547 1513 2568 ne
1529 2538 1593 2567 vim
1610 2536 1736 2576 quidem
1761 2536 1874 2574 habet,
1898 2538 1975 2568 viro

1109 2586 1207 2618 patre.
1231 2577 1265 2608 fit
1282 2580 1365 2609 enim
1383 2576 1587 2609 testamento:
1610 2577 1693 2616 quod
1709 2578 1834 2609 demum
1851 2585 1975 2616 morte,

1109 2620 1139 2649 &
1157 2618 1316 2650 subsecuta
1332 2617 1489 2656 aditione,
1512 2616 1727 2649 confirmatur.
1756 2618 1854 2659 igitur
1869 2628 1975 2658 quam-

1109 2660 1164 2690 diu
1182 2659 1262 2690 vivit
1279 2668 1386 2699 pater,
1411 2659 1529 2690 tamdiu
1545 2657 1627 2690 filius
1645 2682 1654 2696 ,
1678 2660 1821 2697 quamvis
1843 2660 1976 2690 exhere-

1110 2701 1217 2738 datus,
1242 2700 1272 2731 in
1294 2700 1359 2739 eius
1375 2699 1534 2739 potestate
1549 2699 1610 2732 est:
1635 2708 1695 2731 nec
1711 2700 1813 2732 minus
1837 2702 1869 2732 in
1887 2700 1977 2733 fami-

1111 2740 1151 2773 lia
1180 2742 1277 2782 gradu
1299 2740 1462 2781 proximus
1490 2741 1639 2772 habetur:
1669 2742 1741 2780 quia
1762 2741 1793 2773 in
1820 2751 1855 2773 ea
1877 2752 1975 2774 nemo

1111 2792 1183 2813 eum
1202 2781 1379 2819 antecedit3
1402 2783 1431 2812 <St
1450 2781 1513 2813 hoc
1531 2790 1564 2813 ut
1582 2782 1649 2813 suus
1668 2782 1755 2813 heres
1771 2781 1827 2823 fit,
1851 2782 1976 2815 suffieit.

1109 2824 1190 2855 Satis
1209 2824 1249 2854 de
1267 2822 1465 2854 definitione.
1499 2822 1603 2855 Venio
1623 2824 1661 2854 ad
1677 2822 1801 2856 effecta.
1833 2823 1974 2856 Primum

1110 2874 1219 2896 verum
1243 2864 1305 2903 est,
1328 2863 1556 2896 exheredatum
1579 2864 1678 2896 filium
1704 2872 1851 2904 tempore
1873 2874 1977 2906 pater-

1110 2915 1158 2937 nae
1177 2906 1287 2937 mortis
1309 2905 1433 2936 obstare
1457 2907 1567 2945 nepoti
1592 2915 1632 2936 ex
1654 2906 1684 2936 se
1709 2914 1805 2944 nato,
1836 2915 1899 2946 quo
1921 2908 1978 2938 mi-

1113 2957 1169 2977 nus
1186 2947 1224 2977 ad
1238 2949 1286 2977 avi
1307 2946 1515 2978 hereditatem
1532 2948 1731 2985 admittatur,
1755 2947 1784 2978 ἀ
1800 2947 1864 2987 ejus
1887 2948 1978 2978 testa·

1112 2996 1254 3019 mentum
1272 2995 1396 3026 rumpat
1414 2988 1511 3019 veluti
1530 2988 1719 3029 adgnatione
1735 2987 1754 3017 l.
1768 2991 1796 3018 6.
1811 2995 1858 3028 pr.
1884 2988 1921 3018 D.
1944 2990 1978 3019 de

1111 3028 1217 3069 injusto
1232 3052 1242 3067 ,
1264 3034 1367 3068 rupto,
1391 3029 1474 3060 irrito
1487 3028 1571 3068 fabio
1595 3027 1701 3067 testam.
1724 3028 1742 3058 l.
1769 3037 1789 3064 9
1824 3028 1852 3069 §.
1878 3038 1905 3060 2.
1930 3030 1978 3061 D.

1110 3074 1253 3101 detineris
1272 3069 1308 3104 &⁴
1323 3068 1463 3109 pusillium.
1488 3072 1508 3101 ἰ.
1526 3081 1553 3109 4.
1577 3070 1605 3111 ᾗ.
1623 3080 1651 3101 2.
1676 3069 1715 3099 D.
1740 3070 1773 3099 de
1797 3071 1891 3099 bonor.
1917 3076 1979 3108 pos·

1109 3111 1167 3152 [eff.
1192 3117 1265 3142 cont.
1283 3112 1374 3141 cabul.
1397 3112 1472 3149 quid
1490 3120 1593 3141 autem
1612 3111 1746 3145 certius,
1772 3119 1863 3149 quum
1887 3109 1979 3142 sniffe

1111 3160 1265 3195 nepotem
1284 3153 1313 3184 in
1333 3153 1439 3184 locum
1465 3153 1560 3193 putris
1583 3151 1624 3183 sui
1648 3158 1817 3184 venturum
1833 3173 1843 3190 ,
1866 3150 1887 3183 si
1910 3161 1982 3192 pro-

1909 3201 1981 3233 pter
