2036 3495
485 118 552 153 An
578 118 668 153 Ltn.
697 114 742 150 V.
781 113 881 150 Tir.
910 112 951 150 11.

62 213 124 254 pari
141 211 244 243 fornia
263 211 406 241 venirent
422 216 534 240 omnes
551 207 663 248 quibus
680 204 726 236 fas
743 203 806 243 est,
824 213 860 235 ea
876 212 931 236 uti.

60 262 92 285 at
109 255 198 285 aliter
215 252 358 283 obtinet:
377 250 592 289 emancipatus
608 255 717 284 certe,
736 254 770 277 ut
785 255 820 276 ea
838 255 931 286 agere

62 296 169 336 pellit,
193 295 277 334 prius
295 293 391 323 debet
408 291 579 332 agnoscere
594 289 752 320 bonorum
774 287 931 332 polit-isim

62 346 135 368 nem
160 337 220 368 litis
247 333 428 365 ordinandae
451 332 566 373 gratia:
590 339 662 361 cum
687 338 723 360 ea
751 328 804 359 suo
822 329 930 359 hei-edi

61 378 146 410 nulla
175 374 341 408 necess'aria
358 374 392 405 fit
409 374 428 404 l.
442 377 470 403 6.
490 372 518 414 §.
533 371 584 402 ult.
609 371 645 401 l).
663 372 695 401 de
713 372 807 401 bonor.
820 369 926 410 poffiff.

60 425 159 450 contra
176 419 231 448 tab.
255 416 290 450 83⁹
306 415 324 445 l.
340 419 369 445 6.
386 415 450 445 bsr.
475 412 632 453 probabili
656 412 795 448 indicio,
820 420 929 451 quei-e·

60 461 120 492 lam
134 459 230 499 magis
248 456 309 488 effe
326 456 490 486 inventum
509 453 577 484 usus
596 454 624 484 ἂ
644 452 817 492 temporis,
834 461 928 491 quam

59 510 156 532 certae
175 499 276 539 Legis.
316 496 376 527 Sed
394 497 424 527 in
442 495 548 535 primis
564 494 660 531 facit3
685 495 773 529 quod
792 494 926 531 Impera-

60 551 111 572 tor
127 543 210 581 ahpr.
227 537 295 579 anl.
308 539 364 568 [Μ.
380 538 441 573 ait,
463 536 624 576 querelam
642 535 732 567 fuisse
748 535 905 566 induCtam
919 558 928 574 ,

59 582 123 614 hoc
140 583 267 618 colore,
284 578 365 618 quali
383 588 445 609 non
463 579 541 608 lanae
559 578 673 609 mentis
691 576 796 608 fuiss‘et
817 584 924 616 pater,

59 633 131 655 cum
149 622 365 654 testamentum
386 620 557 650 ordinaret.
582 619 611 650 δε
628 619 732 655 addit,
757 619 820 648 hoc
838 618 924 655 dici3

57 674 122 696 non
140 662 220 704 quafi
242 671 316 692 vere
332 659 467 692 furiosus
484 660 538 692 fit:
563 660 613 690 sed
631 660 716 691 reste
732 659 859 697 quidem
879 658 922 689 fe-

58 706 137 737 cerit
154 703 465 739 testamentum‚non
484 710 589 733 autem
601 709 639 732 ex
657 701 765 732 officio
782 701 921 740 pietatis:

56 755 125 778 nam
142 744 162 776 si
178 754 253 775 vere
271 742 404 775 furiosus
419 742 473 781 fit,
499 744 618 774 nullum
635 742 856 774 testamentum
876 751 923 772 es-

55 786 106 826 se,
120 787 181 827 jam
200 793 272 816 ante
290 783 470 815 obtinuerat
488 794 526 815 ex
544 792 651 815 mente
669 784 771 824 Legis.
800 782 851 813 Sic
869 781 927 813 im·

56 836 201 870 perator:
221 826 250 857 ἀ
267 835 340 857 ante
361 825 541 858 Marcianus
554 827 572 856 ί.
592 835 617 856 2.
635 826 663 857 ἃ
682 824 852 856 Marcellus
872 823 926 863 l.5.

55 873 82 901 h.
99 875 119 899 t.
147 867 198 899 Est
217 877 295 899 vero
314 867 377 898 hoc
394 877 457 898 non
478 866 590 908 Legis:
614 867 704 907 (nam
724 865 788 897 Lex
806 864 926 896 diretio

52 911 98 951 jus
120 909 217 947 facit,
242 908 405 940 manifesta
432 908 544 949 Populi
570 909 751 944 voluntate,
775 915 835 937 nee
852 913 927 943 eget

55 952 186 991 colore)
209 949 260 981 sed
275 951 487 991 privatorum,
515 950 621 990 quales
639 949 707 980 sunt
721 946 926 988 jurisconsul-

56 994 95 1024 ti:
114 994 165 1032 qui
185 1000 399 1032 temperantes
419 991 512 1032 Legis
530 991 698 1028 duritiem,
717 990 818 1021 {olent
837 989 925 1034 colo-

54 1044 104 1066 res
124 1033 292 1064 adhibere:
316 1042 356 1063 ne
373 1033 519 1064 adversus
535 1042 603 1063 eam
623 1031 729 1062 facere
747 1030 926 1071 intelligati-

56 1084 115 1107 tur.
138 1073 274 1106 indicavi
292 1074 371 1105 tales
387 1074 433 1105 lib.
450 1084 477 1114 3.
494 1073 686 1112 Probabiliuin
702 1083 725 1103 c.
742 1072 793 1103 ult.

96 1116 181 1148 Paris
199 1115 296 1147 fuerit
313 1115 476 1156 elegantiae
493 1114 697 1155 investigare,
713 1123 768 1144 cur
784 1112 867 1143 aftio
886 1112 926 1143 de

56 1156 233 1189 inofficioso
250 1157 280 1188 in
299 1155 402 1196 specie
420 1156 546 1195 querela
563 1156 765 1196 indigitetur,
784 1154 814 1185 ὅ(
831 1153 926 1184 exhe-

57 1200 156 1230 redati
184 1198 273 1229 liberi
300 1199 387 1237 queri
413 1198 556 1228 dicantur
571 1199 588 1227 l.
608 1203 632 1227 1.
655 1196 693 1226 D.
708 1204 754 1235 pr.
774 1193 845 1235 Infi.
862 1195 889 1225 h.
904 1200 925 1224 t.

57 1240 87 1271 ὁὶ
113 1240 235 1279 paffim:
258 1247 330 1269 cum
354 1237 493 1278 alioquin
521 1241 623 1269 omnis
642 1236 722 1268 actio
740 1236 866 1276 querela
882 1236 924 1265 vi-

57 1282 167 1312 deatur
182 1281 201 1311 l.
217 1279 269 1311 ult.
289 1279 330 1310 D.
348 1281 381 1310 de
406 1280 436 1310 in
455 1280 507 1320 jus
523 1280 641 1310 vocanti.
666 1279 695 1309 &
714 1278 797 1308 alibi.
841 1276 925 1307 Mihi

56 1321 225 1359 succurrit,
249 1320 337 1360 quod
356 1322 515 1360 querelam
534 1319 689 1351 miseratio
709 1319 830 1350 invenit
851 1318 924 1349 libe-

55 1365 114 1395 ris:
137 1365 188 1402 qui
202 1361 311 1402 injuria
329 1362 512 1392 exheredati
531 1370 593 1392 non
614 1367 762 1400 poterant
778 1358 925 1390 adversus

54 1411 196 1446 patrem,
218 1404 248 1433 in
265 1403 350 1443 cujus
365 1411 454 1434 erant
476 1401 652 1443 potestate,
675 1411 767 1440 aequo
784 1401 870 1441 jure,
895 1400 925 1431 id

55 1445 118 1483 est,
136 1453 188 1476 aut
204 1444 328 1475 actione
345 1451 397 1475 aut
414 1443 634 1481 accusatione,
657 1442 834 1474 consistere.
859 1450 924 1481 quo

54 1486 152 1519 modo
172 1486 208 1517 ad
225 1486 386 1525 querelam
401 1485 576 1527 confugere
593 1492 754 1525 quotquot
771 1483 828 1514 iaefl
845 1493 860 1513 a
879 1483 923 1522 ju-

57 1537 91 1559 re
115 1527 342 1566 destituuntur,
367 1525 425 1558 suis
448 1527 602 1567 exemplis
627 1525 788 1566 superiore
810 1523 924 1556 Titulo

57 1567 280 1600 demonstravi.

100 1609 161 1640 Sed
179 1608 341 1647 probabile
361 1607 425 1646 est,
450 1617 515 1639 non
532 1608 595 1640 vim
611 1608 739 1681 aeqlualis
757 1607 832 1647 iuris
844 1629 852 1644 ,
875 1605 926 1637 sed

60 1649 290 1682 miserationem
304 1673 312 1687 ‚
331 1648 488 1688 effecrffeg
506 1658 538 1680 ut
555 1660 639 1681 reme
667 1659 727 1680 iiim
745 1658 809 1685 Quo
826 1647 928 1679 inoffi-

61 1690 179 1722 ciosum
199 1690 415 1722 testamentum
435 1690 519 1731 Lege
534 1691 714 1722 Duodecim
733 1689 929 1721 Tabularum

62 1733 218 1770 validum,
235 1741 273 1762 ex
289 1741 381 1771 aequo
399 1732 426 1762 ot
442 1733 529 1763 bono
547 1732 751 1770 rescinditur,
768 1732 930 1770 acceperit

62 1774 198 1813 querelae
221 1782 363 1811 nomen;
387 1773 439 1804 etsi
465 1773 614 1812 sequente
641 1774 693 1804 usu
719 1774 748 1804 in
772 1772 928 1803 actionem

61 1814 248 1846 conversum
265 1823 359 1853 atque
376 1814 468 1844 etiam
488 1814 643 1845 accusatio
660 1815 870 1854 appellatum:
887 1824 927 1844 eo

61 1857 150 1896 quod
173 1863 342 1894 querentes
368 1856 407 1885 de
430 1855 604 1887 inofficioso
631 1856 840 1893 testamento,
864 1864 927 1885 non

60 1898 161 1928 modo
175 1897 238 1927 hoc
253 1895 398 1927 accusant
415 1905 572 1937 tamquam
591 1898 741 1937 impium3
765 1896 816 1927 sed
833 1896 928 1927 etiam

61 1937 270 1969 hereditatem
287 1937 324 1968 ab
347 1938 494 1969 intestato
512 1948 633 1979 petunt.
680 1937 754 1969 Non
774 1936 874 1968 mitius
893 1938 926 1969 li-

60 1980 157 2019 quet,
175 1988 230 2009 cur
247 1979 374 2017 judices
393 1980 421 2009 in
442 1980 501 2010 hac
517 1980 643 2020 querela
669 1979 865 2011 Centumviri
887 1979 930 2010 di-

60 2019 193 2050 canturl
225 2029 268 2059 17.
286 2021 312 2049 h.
330 2026 349 2050 t.
369 2019 532 2061 ipsumque
547 2022 697 2061 judicium
711 2021 928 2052 Centumvira-

60 2061 90 2092 le
107 2061 283 2101 appelletur
300 2061 318 2091 l.
340 2070 384 2102 13.
405 2063 461 2092 eorl.
487 2061 583 2094 solitis
607 2061 703 2093 causis
729 2063 768 2092 de
786 2070 879 2101 aequo
899 2062 928 2093 ἃ.

61 2103 169 2140 bono,
185 2101 351 2142 praelertim
367 2103 565 2143 gravioribus
576 2127 585 2142 ,
600 2104 682 2143 apud
700 2102 929 2134 centumviros

62 2143 214 2174 exerceri.
242 2143 359 2174 Verum
374 2145 436 2175 hoc
454 2152 609 2177 executus
627 2145 690 2177 sum
714 2145 760 2175 lib.
783 2153 808 2176 1.
824 2143 870 2175 De
881 2145 930 2186 ju-

64 2183 171 2216 risdiet.
191 2183 227 2218 ὅ)
243 2185 339 2224 imper.
352 2195 375 2215 c.
389 2189 416 2219 8.
433 2193 527 2226 atque
544 2185 617 2217 inde
634 2186 674 2217 sic
691 2185 881 2217 restituenda
898 2196 929 2218 iti

62 2226 81 2256 Ζ.
102 2235 130 2265 7.
147 2225 165 2256 l.
180 2230 228 2259 28.
245 2225 280 2259 δ’
299 2226 316 2256 l.
334 2235 382 2266 31.
400 2225 439 2257 D.
457 2227 484 2257 h.
503 2235 524 2257 t.
547 2227 591 2258 est
608 2227 793 2268 inscriptio,
817 2227 930 2258 Paulus

62 2267 109 2297 lib.
120 2265 269 2307 singulari
285 2265 329 2297 De
347 2266 606 2300 centumviralibus
618 2269 756 2310 judiciis:
774 2275 809 2299 ut
824 2275 858 2298 ut
870 2267 931 2300 Cu-

59 2308 157 2347 jacius
172 2309 219 2338 iil).
238 2317 283 2346 14.
311 2308 430 2346 Observ.
446 2319 468 2339 c.
488 2318 533 2347 14.
556 2312 690 2341 retineat
713 2309 930 2341 Florentinam

61 2349 229 2381 lectionem
240 2373 249 2387 ,
273 2348 319 2379 De
336 2350 587 2390 Septemviralibui
604 2352 728 2391 judiciis.

100 2389 261 2422 Hactenus
289 2391 328 2420 de
351 2392 498 2428 nomine,
522 2393 627 2432 deque
650 2392 773 2423 ratione
791 2393 930 2423 inventae

60 2431 205 2470 querelae.
229 2432 379 2472 deinceps
404 2433 443 2463 de
469 2434 534 2473 ejus
559 2443 666 2464 natura
684 2434 713 2465 <St
731 2435 930 2473 proprietate

61 2472 249 2512 disputabo:
274 2473 380 2504 multis
397 2473 666 2513 existimantibus,
686 2483 807 2506 tantum
826 2476 928 2506 conti-

64 2522 138 2544 nere
160 2517 418 2552 praepuiationem
442 2517 604 2555 petitionis
629 2516 838 2548 hereditatis:
861 2517 928 2547 aliis

63 2555 253 2599 cont-ranila
269 2564 332 2586 non
345 2557 506 2597 praeparari
524 2556 708 2589 hereditatis
726 2558 928 2598 petitionem,

64 2594 115 2624 sed
137 2594 230 2634 ipsam
253 2596 317 2635 peti
342 2597 559 2630 hereditatem.
582 2600 668 2639 quod
694 2599 722 2630 ὅ(
741 2599 815 2630 mihi
832 2598 928 2630 sedet.

62 2634 167 2676 Quam
191 2636 240 2682 ob⁸
259 2638 349 2669 rem?
374 2641 445 2677 quia
460 2639 541 2672 filius
558 2650 574 2671 a
591 2649 680 2680 patre
697 2640 928 2678 exheredatus,

63 2679 138 2707 dum
154 2685 294 2722 queritur
309 2678 349 2708 de
373 2679 549 2712 inofficioso
568 2681 777 2718 testament0‚
795 2690 928 2712 conten-

66 2718 130 2755 dit,
154 2725 248 2756 patris
265 2717 473 2751 hereditatem
489 2731 527 2752 ex
543 2721 631 2762 Lege
649 2722 729 2753 suani
750 2722 811 2753 ess‘e
828 2724 866 2753 ab
886 2722 929 2753 in-

64 2757 195 2789 testato:
218 2758 385 2798 praefatus,
410 2759 440 2791 se
458 2763 642 2795 exheredari
660 2764 698 2794 ab
717 2765 772 2795 illo
795 2774 858 2794 non
876 2765 929 2794 de-

63 2798 172 2846 buisse.
196 2799 258 2845 hoc
268 2809 345 2830 vero
363 2802 438 2841 quid
456 2803 539 2842 vult,
556 2804 632 2843 quid
641 2804 756 2842 efficit,
774 2805 827 2836 nisi
844 2805 932 2846 quod

65 2841 105 2872 de
121 2839 298 2886 inofficioso
314 2840 502 2873 testamento
520 2853 654 2882 querens
666 2869 674 2883 ‚
697 2846 792 2885 patris
809 2847 931 2877 'neredi-

65 2890 163 2913 tatem
187 2889 268 2920 petit
291 2891 331 2912 ex
351 2881 454 2923 Lege:
477 2885 595 2923 adjesta
611 2886 699 2916 causa
716 2887 755 2917 de
774 2887 930 2918 inofficio-

64 2923 98 2954 so
109 2946 118 2961 ,
133 2924 162 2954 id
174 2922 236 2960 est,
252 2923 338 2961 quod
357 2925 449 2959 patris
467 2925 684 2957 testamentum
697 2937 760 2966 quo
778 2929 816 2958 ab
828 2938 863 2958 ea
879 2938 932 2959 ex-

64 2965 220 3002 cluditur,
242 2963 287 2995 est
305 2966 452 3004 impium,
476 2975 580 3006 eoque
596 2969 817 3009 negligendum
830 2992 839 3006 ‚
862 2978 931 3010 per-

65 3006 139 3037 inde
164 3015 201 3036 ae
224 3005 241 3036 si
269 3015 285 3035 a
309 3004 428 3036 furioso
453 3006 529 3037 esset
555 3007 681 3039 faCtum.
727 3009 798 3040 Nec
815 3010 855 3041 fic
873 3010 930 3040 alia

63 3047 212 3088 procedit
239 3047 305 3085 via,
331 3056 422 3086 quani
450 3047 540 3078 heres
565 3047 696 3087 scriptus
719 3050 930 3082 hereditatem

64 3088 147 3120 suam
175 3089 335 3120 vindicans
361 3089 453 3126 ideo,
479 3090 566 3128 quod
590 3099 658 3121 eam
685 3092 761 3122 adiit
783 3101 823 3122 ex
840 3092 930 3122 testa-

64 3137 174 3160 mento
203 3138 266 3170 quo
289 3128 324 3160 fit
350 3129 528 3168 institutus;
553 3139 605 3161 aut
636 3131 727 3162 lieres
752 3132 930 3172 legitimus,

64 3178 134 3201 cum
147 3170 356 3201 hereditatem
375 3171 455 3201 suam
468 3171 529 3202 effe
548 3173 629 3211 petit
646 3173 736 3211 ideo,
755 3177 842 3209 quod
862 3183 931 3206 eam

63 3209 311 3285 exfflzeng·elaltiiit²
328 3213 417 3245 nullo
427 3212 511 3245 fatto
529 3212 728 3249 testamento.
751 3213 824 3248 Tali
842 3224 938 3252 conv,

987 113 1036 148 De
1053 111 1216 159 inrfficioso
1235 112 1425 161 teftairiento.
1786 129 1850 163 123

974 202 1140 242 paratione
1162 211 1293 234 utuntur
1319 203 1446 242 Graeci,
1470 203 1583 243 Bafilic.
1610 204 1658 236 lib.
1681 215 1730 247 39.
1756 205 1800 237 tlt.
1821 215 1849 238 1.

974 250 1040 274 tom.
1059 250 1168 285 5.pag.
1186 253 1253 276 221.
1273 245 1378 287 &seq
1411 245 1531 278 subnixi
1557 246 1745 279 auctoritate
1762 249 1780 278 l.
1799 257 1847 288 34.

974 284 1007 314 C.
1028 286 1055 314 h.
1072 290 1091 315 t.
1117 286 1148 315 in
1175 294 1235 325 qua
1253 289 1382 325 querela
1400 298 1415 318 a
1432 288 1604 327 justiniano
1624 297 1758 320 vocatur
1774 290 1848 319 here-

973 326 1074 355 ditatis
1089 326 1187 364 petitio
1205 336 1240 357 ex
1257 330 1370 358 nomine
1386 331 1419 359 de
1436 328 1595 371 inofficioso.
1640 329 1711 361 Nec
1727 339 1742 360 a
1758 329 1850 370 julii·-

972 366 1069 396 niatio
1093 374 1215 397 tantum
1239 367 1280 398 sic
1304 370 1505 410 indignatur:
1532 371 1582 402 sed
1598 382 1613 402 a
1629 370 1849 413 Tryphonino

972 415 1103 452 quoquc
1123 408 1159 454 m.
1171 407 1189 437 l.
1207 418 1254 439 20.
1273 409 1312 439 J).
1332 412 1364 440 de
1380 412 1591 453 [10⁷zor.7nffiff
1610 420 1700 445 contr.
1721 415 1777 445 tab.
1804 413 1849 444 di·

971 456 1053 478 citui·
1074 454 1174 485 petitio
1198 459 1234 479 ex
1264 454 1349 491 cansa
1375 452 1520 493 inofficiosi
1549 455 1668 494 (μετείω
1693 456 1846 485 movendoe.

971 488 1089 530 Quid?
1112 491 1198 528 quod
1222 488 1376 530 Ulpianus
1401 494 1418 523 l.
1442 499 1469 528 8.
1492 494 1520 536 §.
1537 502 1565 531 8.
1581 496 1599 526 b
1629 503 1649 526 t.
1676 497 1725 527 ubi
1744 495 1848 527 sumus

971 533 1035 561 duo
1062 528 1118 560 filii
1144 530 1347 570 exheredati,
1373 534 1426 571 Si,
1451 538 1573 574 inquit,
1597 536 1782 577 z'noffiriolimt
1800 538 1846 567 di-

970 581 1053 609 cain,
1075 581 1132 602 non
1150 578 1238 602 totam
1257 573 1438 606 hereditatem
1456 578 1552 615 debeo,
1573 580 1617 611 led
1635 580 1782 609 annislz‘om
1797 585 1846 618 pe·

968 618 1034 643 tere.
1073 612 1125 643 Sic
1140 611 1310 656 Ulpianus:
1329 617 1412 646 clare
1433 618 1580 655 reflatus,
1605 628 1661 658 pei·
1681 619 1848 651 inofficioli

970 654 1130 694 quereiam
1148 656 1242 693 ipiam
1262 658 1324 694 peti
1347 657 1576 690 hereditatem:
1596 661 1718 698 inliiper
1737 661 1842 699 addit,

969 703 1125 733 quatenus
1144 704 1178 725 ea
1198 695 1355 730 hereditas
1375 708 1430 739 per
1447 701 1608 739 querelam
1627 701 1690 742 peti
1718 703 1844 732 debeat.

970 735 1070 778 Quod
1088 737 1116 766 ἃ
1134 735 1231 767 Paulo
1245 739 1407 778 negotium
1425 741 1467 771 eli
1480 744 1498 772 t.
1517 744 1598 778 19-d·
1611 749 1631 773 t.
1649 742 1753 774 Verba
1773 743 1848 773 Pau-

969 777 1000 808 ]l.
1044 776 1119 807 Filia
1131 780 1283 823 praeterita
1300 781 1329 810 td
1351 783 1501 813 vindicare
1519 785 1594 813 deber
1611 785 1686 825 quod
1709 782 1846 824 intestata

969 824 1059 850 matre
1070 820 1206 864 halrtturtt
1220 819 1292 859 affec.
1314 822 1411 863 ituque
1429 823 1579 865 tlicipottst
1590 849 1598 863 ‚
1615 835 1674 856 eum
1688 836 1749 867 quae
1765 827 1848 856 omis·

961 862 999 900 sa
1015 859 1071 905 est,
1088 858 1197 896 etiamsi
1214 866 1300 891 totum
1317 863 1499 895 hereditatem
1514 867 1549 896 ab
1567 865 1698 908 intestato
1713 873 1793 908 petiit
1810 866 1847 901 ὅ,

969 903 1093 949 ootzneat
1111 901 1237 946 ,solum
1258 903 1423 936 babituram
1448 908 1613 948 universnm
1639 908 1847 949 siccceffionem.

968 941 1111 988 ”lantum
1128 950 1222 983 igitur
1241 944 1344 982 abest,
1370 955 1404 976 ut
1430 952 1558 986 querela
1578 944 1744 981 inofficiosi
1761 958 1847 989 quae-

969 985 1039 1015 dam
1063 984 1107 1029 iit.
1124 987 1311 1027 praeparatio
1339 987 1501 1025 petitionis
1529 990 1736 1023 hereditatis:
1767 1000 1800 1022 ut
1827 1002 1846 1023 e

969 1032 1132 1056 contrario
1150 1027 1212 1064 iplu
1231 1025 1264 1056 sit
1285 1027 1470 1061 hereditatis
1490 1040 1624 1071 petitio,
1641 1032 1705 1064 five
1724 1034 1848 1065 heredi-

970 1074 1041 1098 tatis
1058 1067 1231 1097 vindicatio
1249 1077 1289 1098 ex
1306 1066 1588 1104 causa‘inofficiofi.
1629 1074 1730 1105 Mitto
1748 1084 1843 1106 caete-

969 1108 1210 1154 raznspectemus
1228 1108 1338 1153 effecta
1354 1110 1502 1143 instituite
1522 1125 1525 1129 ·
1543 1115 1665 1146 ueieite.
1704 1116 1761 1148 His
1780 1118 1845 1148 duo

969 1150 1171 1180 obtinentur:
1195 1159 1329 1190 primuni
1350 1153 1412 1188 eit,
1436 1164 1470 1184 ut
1491 1155 1711 1188 teliaiiitntuin
1732 1157 1847 1189 rescin-

968 1192 1078 1221 datur:
1100 1191 1252 1236 alt-eium,
1279 1201 1308 1222 ut
1337 1193 1494 1226 hereditas
1520 1197 1704 1230 exheredati
1724 1199 1785 1230 ess'e
1804 1209 1846 1232 ex

968 1230 1057 1272 Lege
1081 1232 1119 1262 ab
1140 1233 1288 1264 intestato
1310 1234 1482 1274 judicetur.
1517 1238 1578 1268 lioc
1599 1240 1666 1279 plus
1685 1239 1843 1280 efficitur,

970 1282 1003 1304 ut
1016 1274 1123 1318 (quod
1143 1274 1172 1304 in
1192 1276 1408 1307 vindicatione
1425 1287 1602 1311 exrremum
1617 1281 1845 1320 jur-isuifflonis

968 1316 1085 1346 dicitur
1109 1314 1128 1345 l.
1149 1316 1225 1361 unic.
1244 1315 1272 1357 §.
1295 1325 1320 1347 1.
1342 1317 1381 1348 D.
1412 1318 1446 1350 Si
1463 1321 1527 1361 quis
1538 1321 1589 1362 jus
1605 1323 1712 1353 dicenti
1727 1334 1782 1354 non
1798 1326 1845 1354 oh-

968 1358 1071 1401 temp.)
1096 1357 1253 1402 hereditas
1281 1358 1388 1390 heredi
1417 1359 1532 1401 scripto
1559 1362 1729 1397 auferatur.
1755 1366 1785 1396 id
1802 1364 1849 1397 est

968 1400 1167 1437 conloquens
1186 1400 1409 1438 luperioribus.
1433 1401 1484 1433 sed
1504 1404 1578 1444 quid
1597 1413 1704 1443 vetat,
1733 1405 1848 1439 testem

968 1440 1111 1470 adhibtri
1131 1438 1287 1485 Paulum?
1306 1442 1357 1479 qui
1376 1443 1406 1473 in
1426 1443 1444 1474 l.
1464 1453 1514 1476 21.
1531 1445 1560 1486 §.
1580 1456 1606 1476 2.
1624 1446 1652 1477 h.
1672 1453 1692 1477 t.
1711 1449 1767 1483 ait,
1789 1449 1845 1479 he-

969 1482 1134 1526 reditatem
1159 1489 1215 1521 per
1240 1481 1405 1514 inofficiosi
1428 1487 1589 1523 querelam
1614 1490 1718 1520 evinci
1744 1489 1785 1520 ab
1804 1500 1847 1521 eo

968 1531 1020 1560 qui
1045 1522 1135 1552 lieres
1154 1521 1312 1554 institutus
1337 1523 1382 1555 fit.
1430 1525 1571 1558 Evincere
1596 1529 1681 1561 enim
1709 1540 1773 1563 non
1801 1533 1847 1564 est

968 1563 1152 1602 simpliciter
1164 1564 1330 1595 evincere:
1348 1565 1399 1598 sed
1416 1568 1577 1600 vincendo
1589 1572 1675 1609 quod
1689 1572 1846 1613 intendis,

971 1604 1117 1642 auferre,
1134 1605 1537 1648 abducei·e,extorquere:
1553 1610 1696 1651 prorsus.
1714 1621 1746 1644 ut
1758 1617 1848 1654 quod

972 1647 1131 1685 ablatum,
1153 1654 1362 1679 extortumve
1388 1659 1452 1681 non
1472 1650 1526 1689 fit,
1549 1661 1610 1682 nec
1626 1654 1764 1686 evictum
1783 1654 1848 1688 esse

971 1688 1177 1719 existimetur.
1220 1688 1272 1719 Sic
1292 1690 1422 1723 verbum
1443 1692 1530 1724 sonat
1551 1693 1603 1724 sub
1621 1693 1736 1727 Titulo
1757 1696 1797 1728 I).
1814 1700 1848 1729 de

972 1729 1160 1760 et-itiiom‘lms
1185 1729 1204 1760 l.
1224 1740 1272 1770 57.
1299 1731 1319 1761 l.
1340 1741 1388 1763 21.
1411 1740 1453 1772 pr.
1473 1733 1500 1775 §.
1523 1744 1547 1766 1.
1567 1735 1603 1769 ὅ)
1620 1745 1646 1766 2.
1679 1746 1739 1770 nec
1754 1739 1847 1771 aliter

972 1778 1127 1810 accipitur
1145 1771 1173 1801 in
1194 1771 1257 1802 hoc
1276 1770 1359 1804 Livii
1379 1774 1426 1805 lib.
1443 1785 1467 1805 2.
1488 1786 1512 1806 c.
1525 1787 1552 1814 4.
1573 1776 1784 1820 Evincuntque
1801 1781 1850 1811 in-

964 1812 1071 1852 stando
1088 1817 1120 1842 ut
1137 1813 1223 1843 literae
1232 1813 1288 1850 fibi
1305 1815 1342 1844 ad
1362 1814 1530 1857 'Hirquini'os
1547 1819 1698 1851 darentur.
1732 1821 1849 1853 Simili-

973 1862 1020 1884 ter
1035 1856 1118 1893 apud
1138 1853 1348 1887 Columellam
1367 1858 1404 1887 tio
1431 1862 1460 1888 6.
1486 1858 1531 1888 De
1550 1869 1579 1889 re
1597 1858 1694 1900 rustic.
1713 1872 1737 1892 c.
1758 1873 1784 1898 ς.
1805 1863 1849 1894 Ε-

971 1896 1190 1935 ‘vincenciisunt
1205 1903 1300 1927 autem
1311 1923 1318 1933 ,
1330 1901 1464 1938 quam-vif
1480 1897 1610 1940 pestiferi
1624 1905 1728 1941 morbi,
1749 1898 1785 1938 &⁹
1799 1914 1850 1935 ex-

970 1936 1083 1978 quisitis
1100 1939 1229 1968 remediis
1252 1939 1376 1970 tollendi.
1422 1940 1511 1970 Plura
1530 1951 1593 1973 non
1612 1944 1713 1975 addo:
1738 1955 1808 1977 nam
1826 1945 1848 1978 fi

971 1979 1182 2010 exheredatus
1194 1981 1320 2019 querela
1336 1981 1475 2012 vindicat
1491 1981 1700 2018 hereditatem
1718 1996 1757 2017 ex
1775 1996 1850 2018 cau-

971 2020 998 2051 sa
1018 2019 1202 2058 inofficiofi,
1227 2029 1387 2060 tamquam
1406 2021 1495 2063 Lege
1511 2024 1549 2054 ab
1570 2025 1721 2058 intestato
1739 2030 1850 2068 adqui·

971 2060 1209 2094 sitam:s1illam
1223 2062 1331 2094 heredi
1349 2063 1466 2103 scripto
1479 2064 1583 2096 aufert
1595 2089 1603 2104 ‚
1620 2065 1701 2106 five,
1719 2077 1751 2100 ut
1770 2069 1849 2101 Pau·

973 2104 1018 2135 lus
1035 2104 1098 2141 ait,
1123 2103 1161 2133 ab
1184 2104 1239 2135 illo
1262 2105 1402 2135 evincit·
1426 2115 1491 2145 quo
1510 2107 1637 2139 tandem
1657 2119 1849 2151 argumento

972 2146 1058 2176 dices
1070 2167 1079 2182 ‚
1103 2146 1232 2184 querela
1250 2148 1415 2186 praeparari
1431 2147 1617 2180 hereditatis
1633 2153 1824 2190 petitionem
1836 2176 1848 2192 ‚

971 2196 1043 2218 cuin
1060 2194 1229 2225 appareat,
1246 2186 1296 2218 ilia
1313 2187 1459 2219 absolvi?
1476 2190 1552 2228 quid
1569 2192 1652 2223 enim
1669 2193 1789 2225 restat?
1806 2194 1851 2225 ni·

975 2228 1028 2259 hil.
1074 2232 1126 2258 bic
1154 2228 1288 2260 Paulus:
1312 2238 1375 2259 non
1395 2232 1479 2260 enim
1495 2231 1577 2262 aliud
1595 2234 1696 2264 voluit
1712 2236 1738 2265 d.
1759 2235 1777 2266 l.
1797 2245 1848 2267 21.

974 2270 1001 2311 §.
1021 2280 1048 2300 a.
1068 2270 1094 2299 h.
1116 2273 1135 2299 t.
1166 2270 1217 2300 ubi
1238 2270 1421 2309 respondit,
1444 2271 1552 2303 Evitta
1570 2273 1724 2305 hereditare
1738 2283 1787 2313 per
1803 2279 1850 2307 in-

974 2308 1088 2351 officioffi
1101 2311 1244 2350 querelam
1262 2313 1297 2342 ab
1312 2322 1341 2342 eo
1357 2313 1408 2352 qui
1425 2313 1501 2343 heres
1517 2312 1670 2353 institutus
1686 2317 1768 2356 esset,
1781 2325 1848 2358 per-

972 2354 1038 2383 inde
1065 2353 1159 2383 omnia
1182 2354 1326 2387 observari
1349 2360 1489 2393 oportere,
1514 2365 1548 2385 cic
1563 2354 1591 2393 st
1615 2352 1753 2390 hereditas
1768 2360 1850 2391 adita

973 2404 1030 2425 norz
1043 2391 1161 2437 fuiffet:
1178 2393 1214 2427 ὅ)
1230 2395 1290 2424 ideo
1310 2394 1344 2428 ὅ)
1357 2397 1523 2433 petitionem
1539 2398 1683 2439 integram
1698 2402 1785 2431 debiti
1800 2402 1849 2431 he-

973 2436 1034 2465 redi
1050 2435 1180 2475 instituto
1198 2437 1335 2473 adversus
1354 2446 1415 2466 eum
1434 2438 1485 2477 qzit'
1500 2441 1664 2477 superavit,
1681 2448 1847 2482 competere,

972 2476 1266 2517 &corripensotionem
1284 2478 1378 2506 debiti.
1395 2477 1443 2507 Ab
1462 2480 1578 2510 eodeni
1597 2480 1689 2512 fonte
1707 2482 1851 2521 Papinia-

972 2528 1030 2549 nus
1045 2518 1060 2547 l.
1086 2527 1130 2557 15.
1147 2517 1176 2559 §.
1196 2528 1222 2549 2.
1240 2519 1266 2548 h.
1285 2523 1305 2548 t.
1324 2518 1386 2555 ait,
1406 2517 1510 2549 Filium
1527 2521 1580 2561 qui
1595 2523 1628 2552 de
1642 2523 1793 2565 inrfficiofh
1814 2536 1845 2556 a.

972 2559 1062 2590 &ione
1078 2560 1214 2597 adversus
1229 2561 1339 2589 heredes
1356 2560 1422 2589 duos
1433 2583 1441 2597 ,
1459 2562 1546 2593 verbi
1565 2565 1663 2603 gratia
1674 2590 1683 2603 ,
1700 2573 1845 2606 expertus,

972 2600 1266 2639 diversnssententiar
1281 2600 1409 2638 iudicum
1425 2601 1511 2639 tulit,
1534 2603 1570 2638 ὃ)
1587 2615 1679 2636 unum
1696 2609 1786 2647 vicit,
1810 2611 1846 2639 ab

972 2642 1059 2673 ulcero
1070 2644 1227 2681 superatur
1248 2640 1305 2682 est,
1329 2641 1403 2682 poffe
1427 2643 1563 2674 debitores
1580 2649 1751 2687 convenire,
1777 2649 1813 2684 ἐξ)
1830 2660 1848 2681 α

972 2684 1157 2714 creditoribus
1177 2684 1324 2713 conveniri
1339 2691 1388 2722 pro
1400 2690 1503 2723 parte,
1529 2686 1564 2720 &³
1582 2694 1699 2729 corpora
1715 2693 1849 2722 vindica.

973 2734 1021 2759 re,
1039 2723 1075 2757 a&
1094 2725 1276 2754 hereditatem
1291 2725 1436 2755 dividere.-
1457 2726 1515 2756 hac
1532 2729 1652 2767 adjecta
1670 2731 1758 2761 causa
1778 2741 1847 2771 quse

975 2765 1019 2796 est
1036 2766 1178 2803 optima,
1200 2766 1270 2806 quia
1284 2775 1385 2796 verum
1401 2765 1459 2806 eft,
1476 2768 1599 2807 familiae
1615 2774 1784 2807 erciscumloe
1794 2773 1847 2812 ju-

975 2808 1080 2837 dicium
1104 2814 1272 2846 competere:
1293 2816 1321 2837 eo
1338 2810 1413 2848 quod
1429 2810 1585 2850 credimus,
1609 2822 1671 2843 eum
1688 2814 1847 2853 legitimum

974 2849 1097 2892 heredem
1109 2853 1161 2887 pro
1175 2854 1256 2888 parte
1272 2848 1322 2888 effe
1331 2847 1460 2889 fastum.
1484 2851 1562 2882 Sunt
1580 2853 1648 2883 haec
1664 2854 1846 2893 evidentia;

975 2898 1111 2920 maxime
1134 2891 1164 2920 in
1191 2890 1243 2921 suo
1271 2890 1405 2921 herede:
1429 2901 1499 2922 nam
1526 2895 1679 2932 eurnjure
1696 2894 1779 2925 civili
1799 2893 1847 2925 so—

975 2930 1040 2961 lum
1057 2931 1145 2969 queri
1166 2930 1205 2960 de
1222 2930 1399 2962 inofficioso
1415 2934 1566 2972 patrissui
1586 2934 1795 2970 tellamento.
1815 2933 1849 2968 id

976 2970 1038 3002 est.
1056 2974 1151 3012 patris
1169 2972 1376 3004 hereditatem
1390 2983 1474 3013 aqua
1494 2974 1602 3013 injuste
1620 2975 1762 3006 exclusus
1780 2976 1845 3015 cst,

975 3011 1057 3043 suam
1075 3013 1234 3044 vindicare
1256 3023 1295 3045 ex
1316 3014 1405 3045 causa
1429 3017 1467 3045 de
1492 3015 1688 3053 inofficioso,
1714 3017 1763 3047 vel
1783 3017 1848 3050 hoc

974 3061 1160 3094 argumento
1176 3054 1238 3087 est:
1263 3060 1350 3095 quod
1367 3057 1391 3087 is
1408 3056 1483 3086 olim
1499 3057 1572 3085 vivo
1591 3064 1679 3095 patre
1693 3059 1848 3097 quodam·

974 3095 1072 3126 modo
1096 3094 1158 3126 fuit
1181 3097 1329 3127 dominus
1347 3106 1450 3127 rerum
1468 3104 1687 3137 paternarum;
1714 3099 1742 3130 &
1763 3109 1847 3133 mor.

974 3144 1049 3174 tuo,
1065 3135 1085 3167 si
1102 3146 1165 3168 non
1183 3138 1415 3175 exheredetur,
1434 3138 1531 3175 magis
1550 3139 1666 3169 retinet
1684 3149 1774 3173 vetus
1790 3144 1848 3173 do-

973 3178 1102 3209 minium
1117 3203 1124 3215 ,
1143 3188 1238 3217 quam
1250 3188 1367 3210 novum
1385 3177 1588 3217 consequitur
1604 3180 1622 3210 l.
1646 3189 1690 3211 11.
1704 3182 1752 3213 “Ῑ).
1767 3184 1799 3213 de
1815 3184 1848 3214 li-

971 3219 1023 3251 ber.
1041 3218 1077 3254 &⁹
1093 3218 1182 3259 pesth.
1202 3230 1308 3261 eoque
1326 3220 1428 3259 potest
1447 3228 1487 3250 ex
1507 3219 1596 3253 causa
1613 3221 1779 3256 inofficiosi
1805 3224 1850 3255 su-

1084 3260 1156 3305 Qz
1796 3276 1847 3299 am
