2036 3495
484 197 695 242 iNDEX
744 190 991 234 RERUM
1041 191 1080 227 δε
1129 188 1531 231 VERBORUM.

164 303 235 334 bulo
261 298 403 330 communi
436 294 552 322 duarum
585 291 697 321 aedium.

762 278 795 317 iit
809 284 968 323 turpitudo.
1245 283 1308 312 ibid.

168 344 231 376 189.
253 340 300 377 qui
316 339 367 367 hac
379 339 489 364 utantur
503 331 623 360 actione.
637 329 700 358 ibid.
724 325 897 370 'Conduftio
919 321 983 366 vide
1001 320 1131 364 necatio.
1198 359 1203 364 -

644 367 699 403 seq.
729 361 886 400 Constituere
901 367 984 389 ettam
999 358 1128 387 dicuntur
1142 358 1214 395 JCti.
1255 365 1307 394 157

131 412 331 449 compensatio
340 409 414 439 unde
430 407 619 442 dicatur.2'78.
633 404 703 443 quid
730 401 889 431 Constituta
904 397 1031 435 pecunia.
1052 404 1115 431 243.
1139 396 1175 424 de
1192 405 1224 424 ea
1238 396 1308 424 Ρω-

168 453 207 482 sit.
225 459 287 486 297.
316 448 398 484 quale
422 446 548 486 debitum
572 452 705 480 compen-

168 490 249 518 setur.
270 487 331 516 ibid.
353 484 544 521 compensatio
571 482 601 510 fit
621 483 704 510 etiarn

172 534 234 554 ante
248 526 323 553 liretn
342 522 533 552 contestatam.
554 521 615 549 ibid,
656 528 706 556 pu-

171 572 228 592 rum
241 563 325 590 debet
347 561 400 589 esse
413 560 547 588 debitum.
569 558 631 587 ibid.
670 564 705 585 an

170 602 292 629 debitum
306 608 383 628 mere
396 599 479 627 civile
500 595 705 632 compensetur.

170 641 231 668 280.
261 645 295 666 an
318 645 395 665 mere
418 636 549 664 naturaie.
568 634 630 662 ibid.
670 641 705 659 an

170 677 252 704 etiarn
276 676 400 704 debitum
425 675 527 709 impar,
561 681 594 699 an
624 670 649 698 ἃ
671 678 706 697 ex

168 714 309 743 maleficio
324 720 427 741 ortum.
448 712 508 740 ibid.
536 718 569 737 an
587 709 611 737 ἃ
629 707 706 749 quod

168 753 198 781 in
212 760 269 780 rem
287 752 393 780 actione
408 752 465 786 peti
483 747 580 784 potest.
599 748 662 774 281.
679 752 706 771 tn

166 791 269 826 quibus
283 788 393 824 judiciis
409 787 435 815 ἃ
450 784 596 823 quomodo
605 783 670 811 olim
681 781 707 809 &

168 828 256 856 hodie
285 827 342 860 ejus
371 826 440 853 ratio
473 825 617 851 habeatur.
645 819 707 847 ibid.

169 866 305 895 Debitum
320 863 454 898 liquidum
469 861 523 889 effe
537 860 628 887 debet.
643 860 706 886 282.

168 901 402 940 compensationis
412 899 542 927 ’effeetus
558 897 620 925 ibid.
643 904 709 930 qua-

168 950 229 970 rum
242 947 332 968 rerum
353 938 400 966 fiat
414 936 616 972 compensatio.
644 933 708 961 ibid.

168 980 241 1008 inter
254 985 321 1014 quas
337 974 477 1011 personas.
488 974 549 1002 ibid.
564 973 617 1009 seq.
634 980 709 999 corn·

168 1015 338 1053 pensationis
347 1013 473 1042 effeetus.
488 1016 550 1046 283.
561 1011 615 1048 seq.
625 1018 709 1045 quan-

171 1055 209 1082 do
224 1053 307 1082 cesset
324 1051 524 1087 compensatio.
654 1050 708 1082 284

132 1093 304 1128 Cornpetens
317 1090 402 1124 judex
417 1087 501 1127 quis?
520 1095 580 1121 119.
596 1084 706 1124 &seim

171 1131 208 1159 ita
233 1128 333 1156 dicitur
352 1135 408 1155 non
433 1133 539 1156 tanturn
561 1123 707 1160 Magistra-

169 1175 214 1196 tus
228 1189 236 1201 ‚
259 1165 303 1194 sed
324 1164 449 1199 &judex
470 1165 622 1202 pedaneus.
647 1168 708 1194 119.

169 1205 269 1234 dicitur
282 1203 390 1240 &Juus.
644 1199 706 1228 ibid.

130 1242 377 1279 Compromissum.
399 1239 467 1268 vide
478 1240 595 1268 Arbiter.

132 1280 298 1316 Concubina
313 1288 374 1317 quae
388 1278 427 1307 fit.
448 1286 513 1313 4¹9·
555 1284 636 1305 unam
656 1284 710 1304 coe-

767 439 839 468 toris
860 437 997 466 Edietum.
1020 435 1083 462 ibid.
1120 435 1194 462 attio
1217 441 1250 461 ex
1270 441 1307 460 eo

771 477 828 505 'visa
843 476 881 503 est
896 474 970 512 quafi
986 481 1020 501 ex
1037 473 1137 501 delifto
1153 471 1234 501 nasci.
1244 471 1306 498 ibid.

771 515 819 551 qui
844 515 895 541 hac
922 512 1032 540 actione
1063 517 1218 539 teneantur.
1247 509 1309 537 ibid.

766 551 838 588 'quid
860 550 984 586 pecuniae
1002 550 1118 576 nomine
1139 548 1185 576 hic
1207 548 1310 575 veniat.

771 589 834 619 ibid.
855 597 917 623 244.
958 587 1105 624 quomodo
1125 586 1243 622 pecunia
1263 584 1310 612 de-

771 629 829 656 bita
845 627 898 654 elle
914 625 1025 653 debeat.
1047 625 1109 651 ibid.
1132 624 1160 651 in
1175 629 1309 659 quantum

770 674 823 701 pro
843 665 898 692 alio
914 663 1092 691 constitutum
1109 663 1139 690 sit
1159 660 1309 689 utile.ibid.
1338 665 1470 698 Difflun,
1490 661 1567 698 quid.

1374 292 1460 321 petat.
1480 284 1542 314 ibid.
1558 283 1625 321 quid
1639 283 1656 313 st
1669 293 1731 314 arca
1747 284 1819 314 clusa
1828 286 1914 315 suerit

1374 323 1507 360 deposita.
1529 326 1592 358 287·
1630 329 1728 351 contra
1745 332 1828 360 quem
1854 325 1913 353 haec

1375 361 1456 389 detur
1476 362 1558 390 aetio.
1582 361 1643 390 ibid.
1686 361 1721 389 ad
1744 362 1821 398 quid.
1850 361 1914 390 ibid.

1376 399 1442 435 quid
1453 400 1479 427 in
1495 399 1566 427 hanc
1580 399 1718 427 actionem
1733 400 1835 428 veniat.
1850 403 1914 430 288.

1374 446 1419 465 res
1435 437 1520 465 statim
1535 436 1573 465 est
1588 435 1766 465 restituenda.
1786 439 1849 466 ibid.
1860 437 1915 473 seq.

1376 475 1458 503 dolus
1472 475 1638 511 praeltandus
1656 474 1703 503 esi.
1726 478 1788 508 289.
1810 484 1871 512 que:
1884 484 1913 502 aa

1378 513 1412 540 lia
1430 512 1456 540 in
1477 515 1548 541 hanc
1563 513 1700 541 actionem
1718 515 1840 541 veniant.
1849 512 1914 541 ibid.

1377 550 1503 583 specialia
1534 551 1560 578 in
1598 549 1724 587 deposito
1756 551 1916 579 miserabili.

1376 588 1438 616 ibid.
1463 588 1519 624 seq.
1541 587 1659 624 depositi
1679 589 1751 617 attio
1766 589 1916 617 contraria.

1859 634 1916 659 290

1861 667 1917 698 356

772 711 806 730 an
831 701 905 728 aliud
924 709 976 737 pro
993 700 1049 727 alio
1070 698 1202 728 constitui
1219 698 1310 734 posfit.
1340 703 1409 731 Dies
1432 703 1505 737 quis.
1529 708 1574 735 50.
1604 700 1663 730 dies
1686 702 1829 731 seffionum
1857 703 1918 737 qui.

772 740 835 768 ibid.
874 746 910 766 ex
936 746 991 773 qua
1013 737 1092 765 causa
1111 737 1235 764 debiturn
1258 735 1312 764 effe

774 778 885 805 debeat.
907 775 969 803 ibid.
1000 783 1057 810 quo
1070 775 1143 809 jure.
1162 774 1223 802 ibid.
1246 782 1312 802 con-

774 815 887 843 stituere
903 812 971 849 quid
985 819 1076 842 notet.
1095 811 1157 840 ibid.
1182 820 1244 847 245.
1266 819 1314 839 nu-

775 853 814 880 do
827 852 907 888 paEto
921 851 959 879 fit.
981 850 1044 878 ibid.
1078 859 1112 879 an
1131 850 1237 886 absque
1257 848 1314 877 diei

776 889 940 924 adjectione.
954 889 1017 917 ibid.
1039 897 1073 916 an
1088 887 1218 916 constitui
1233 886 1314 923 poffit

774 927 893 964 pecunia
930 927 977 954 sub
1009 926 1176 954 conditione
1210 926 1313 953 debita.

774 966 837 994 ibid.
858 968 919 998 246.
945 964 1015 991 astio
1032 963 1236 992 constitutoria.
1252 962 1315 990 ibid.

774 1003 892 1039 requirit
913 1010 1019 1030 moram
1035 1002 1085 1030 rei.
1102 1000 1164 1029 ibid.
1186 1009 1244 1028 non
1262 1002 1317 1028 tol-

775 1041 805 1069 lit
821 1040 956 1067 aetionem
972 1040 1162 1075 principalem.
1180 1039 1241 1066 ibid.
1281 1038 1315 1066 ad

1343 928 1517 958 Divortium.
1538 931 1609 970 408.
1625 927 1709 965 quid,
1731 927 1845 965 simplex
1870 928 1919 956 est.

1850 740 1916 768 ibid.

1341 777 1452 807 Dilatio
1475 784 1544 812 quaa.
1565 784 1612 811 49.
1648 777 1693 804 cui
1715 786 1728 805 a
1744 777 1836 811 judice
1852 785 1919 805 con-

1381 818 1503 843 cedatur.
1530 822 1574 848 50.
1614 821 1753 850 quatenus
1777 815 1804 842 in
1827 815 1919 843 diver-

1379 853 1412 881 fis
1438 851 1534 881 caufis.
1562 852 1623 880 ibid.
1671 860 1764 881 earum
1795 851 1919 882 effeetus.

1857 891 1923 919 ibid.

1381 966 1443 995 ibid.
1466 965 1564 994 modus
1585 975 1654 1001 ejus.
1670 965 1733 993 ibid.
1750 965 1804 1002 seq.
1831 974 1846 992 a
1861 966 1922 1002 qui-

1381 1005 1431 1032 bus
1446 1004 1580 1033 mittatur.
1597 1012 1663 1038 409·
1699 1003 1789 1039 injusti
1806 1003 1923 1032 divortii

1380 1050 1479 1078 poenae.
1785 1041 1846 1069 ibid.
1866 1041 1923 1078 seq.

775 1077 842 1115 quid
855 1076 1011 1105 deturhaec
1025 1077 1104 1105 afflo-
1126 1084 1189 1111 247·
1220 1075 1259 1104 est
1275 1076 1316 1104 rei
1343 1079 1516 1108 Divifionem
1549 1088 1662 1109 omnem
1694 1079 1826 1116 respuunt
1853 1080 1924 1114 jura.

775 1115 972 1153 persecutoria.
1252 1114 1313 1142 ibid.

737 1153 839 1183 Consul
873 1153 958 1189 quis5
1001 1152 1117 1190 ejusque
1149 1152 1316 1187 J'urisdistio.

1280 1198 1314 1225 32

738 1232 785 1260 Lis
805 1228 966 1258 Contestata
980 1227 1094 1266 quando
1110 1227 1224 1262 dicitur,
1247 1229 1316 1263 ejus-

775 1277 831 1305 que
854 1267 982 1295 effectus.
1265 1274 1316 1300 115

175 1319 224 1348 libi
241 1318 344 1346 habere
361 1318 436 1345 iicet.
456 1316 518 1344 ima.
552 1324 585 1343 ea
601 1314 710 1342 infamis
740 1305 923 1335 Continentia
944 1303 1029 1333 causae
1048 1303 1115 1332 facit
1129 1304 1222 1332 forum
1243 1312 1318 1332 com-

173 1364 232 1386 non
248 1355 296 1383 esi.
317 1355 381 1384 ibid.
421 1353 555 1389 finguiare
574 1353 618 1387 jus
641 1352 667 1379 in
684 1351 712 1378 li-

170 1396 253 1423 betta
268 1394 378 1429 patroni
395 1392 562 1419 concubina.
574 1389 637 1418 ibid.
658 1389 714 1424 seq.
743 1381 909 1410 ΟΟΠίῐὸξῒΗδ
923 1380 1001 1409 lOCUS
1016 1379 1083 1408 facit
1097 1379 1190 1408 forum
1206 1387 1318 1416 compe·
1346 1383 1530 1413 Domicilium
1546 1382 1701 1419 quotuplex
1715 1383 1729 1410 ?

171 1432 280 1461 clericis
305 1429 479 1459 interdicitur
501 1428 712 1456 concubinatus.

174 1479 239 1506 4²0·
269 1477 315 1496 uni
337 1478 353 1504 p

174 1518 224 1538 nas
238 1515 295 1534 non
309 1506 383 1533 licet.
400 1503 463 1532 ibid.
504 1502 577 1538 quasi
593 1501 712 1530 affinitas

175 1546 299 1584 quaedam
314 1542 484 1572 attendenda
499 1541 554 1572 est,
576 1548 611 1567 ne
628 1539 715 1574 turpis
746 1532 839 1561 corona
866 1531 1010 1559 vistoriam
1046 1531 1204 1560 certaminis
1232 1540 1249 1560 n

156 1579 160 1580 ⁷
177 1585 277 1614 evadat
292 1577 574 1608 concubinatus.ibid.
591 1583 655 1605 aetas
670 1577 716 1603 de-

177 1668 244 1690 natu
261 1659 362 1686 babere
380 1656 445 1683 licet
461 1655 487 1681 in
507 1661 575 1689 quas
597 1653 718 1690 liuprurn

177 1708 233 1728 non
251 1695 412 1724 admittitur.
435 1692 460 1719 ἃ
476 1700 536 1729 quae
551 1690 612 1718 issae.

665 1697 721 1724 420
750 1680 869 1711 Creditae
891 1691 944 1710 res.

139 1734 332 1769 Condiffionis
344 1732 426 1767 origo
440 1729 468 1758 &
483 1727 722 1766 progreffus,214,
752 1719 942 1748 Criminaliter
959 1728 1042 1756 agere
1059 1720 1135 1756 quid.

779 1350 889 1380 petens.

782 1426 853 1448 tens.

357 1468 427 1495 mres
455 1466 557 1493 habere
580 1463 713 1492 concubi.
744 1456 891 1485 Contraria
906 1455 978 1484 :titio
1000 1463 1141 1497 nunqnam
1158 1455 1267 1493 speciali
1285 1456 1321 1483 E-

781 1493 854 1521 dieto
873 1493 925 1521 fuit
938 1493 1090 1530 propofita.

1868 1119 1923 1147 186

1344 1157 1481 1186 Dividere
1503 1164 1560 1185 non
1583 1156 1622 1184 est
1644 1153 1786 1189 scindere,
1814 1154 1870 1183 hoc
1895 1165 1923 1183 e-

1383 1197 1440 1224 nirn
1458 1195 1497 1223 eit
1513 1193 1644 1229 perdere.
1870 1195 1923 1222 188

1344 1233 1436 1262 Dolus
1467 1233 1614 1268 quomodo
1646 1230 1819 1260 emendetur.
1858 1230 1926 1259 vide

1383 1269 1532 1308 Restitutio.

1348 1310 1440 1339 Dolus
1455 1309 1535 1336 unius
1552 1316 1585 1336 an
1601 1307 1681 1336 alteri
1698 1313 1819 1343 noceat3
1837 1312 1868 1335 ut
1888 1305 1925 1334 de

1266 1350 1315 1370 121
1385 1355 1420 1375 eo
1442 1351 1578 1373 teneatur.
1870 1346 1927 1379 442

1264 1425 1318 1446 120
1347 1421 1513 1451 Dominiurn
1549 1420 1626 1456 quid.
1664 1427 1707 1454 31.
1755 1390 1926 1456 quotupllezlg

1385 1459 1448 1487 ibid.
1471 1457 1547 1485 modi
1570 1457 1627 1490 ejus
1650 1457 1821 1494 acquirendi.
1861 1456 1924 1484 ibid.

1267 1499 1320 1529 453
1348 1496 1466 1525 Domini
1480 1494 1601 1531 potestas
1618 1494 1645 1522 in
1660 1494 1777 1522 servum.
1892 1496 1926 1523 13

1254 1536 1321 1558 otat.
1350 1534 1463 1562 Domus
1485 1531 1587 1560 relatio
1600 1530 1633 1558 ad
1649 1539 1751 1559 areant.

1875 1538 1929 1565 307

1270 1576 1324 1603 344
1351 1570 1480 1600 Donatio
1496 1569 1580 1605 quid,
1610 1567 1636 1595 ἃ
1658 1567 1827 1605 quotuplex.
1865 1576 1931 1602 400.

178 1624 263 1652 finita.
282 1619 344 1648 ibid.
366 1618 423 1647 illas
447 1616 516 1645 solas
538 1617 564 1643 in
586 1613 717 1642 concubi·
745 1608 907 1644 Corporum
936 1615 1039 1644 genera
1063 1607 1148 1635 varia.
1182 1608 1245 1641 318·
1267 1606 1324 1641 seq.

1269 1646 1324 1678 366
1357 1645 1484 1675 Donatio
1499 1645 1572 1673 inter
1585 1643 1673 1672 virum
1692 1644 1717 1672 &
1732 1645 1936 1677 uxorem.398.

1180 1690 1252 1717 212,
1275 1689 1328 1716 215

1278 1727 1330 1754 115

665 1765 721 1801 seq,
753 1757 885 1788 Criminis
910 1758 989 1786 locus
1016 1757 1083 1787 facit
1105 1758 1198 1788 forum
1219 1766 1333 1794 compe-

142 1812 290 1844 Condit‘tio
304 1808 359 1837 sine
379 1806 466 1835 causa.
672 1809 725 1837 235

790 1803 862 1823 tens.
1277 1803 1327 1824 121

144 1850 293 1882 Con'cliffio
310 1846 390 1882 causa
412 1845 494 1879 data,
515 1842 593 1871 causa
609 1848 667 1870 non
685 1841 724 1868 se·
756 1834 924 1861 Curatorum
947 1833 1037 1869 01180-
1059 1840 1124 1869 433·
1140 1833 1195 1871 seq·
1238 1840 1253 1862 ἃ
1275 1834 1336 1876 (1οΪ-

180 1894 276 1926 quuta.
299 1887 362 1915 228.
383 1882 503 1911 nascitur
518 1880 592 1917 quasi
610 1887 644 1907 ex
658 1886 724 1907 con-

181 1926 278 1957 trastu.
296 1923 360 1952 ibid.
382 1919 449 1958 quid
462 1918 493 1948 sit
509 1920 546 1947 ob
561 1917 668 1946 causam
679 1914 725 1945 da·

183 1966 215 1995 ti.
231 1971 295 1998 229.
331 1957 478 1998 quomodo
495 1965 539 1986 res
554 1964 612 1985 non
636 1954 724 1991 sequi-

182 2011 238 2034 tur.
567 1993 630 2022 ibid.
648 1992 723 2029 seqq.

145 2039 347 2073 Condie'tiones
361 2042 395 2064 ex
409 2033 485 2062 causa
495 2031 590 2067 injusta
606 2030 651 2059 vel
667 2030 725 2059 fine

186 2077 265 2108 causa
285 2078 454 2105 concurrunt
475 2079 537 2099 curn
558 2070 618 2098 aliis
641 2068 726 2097 aetio-

183 2118 276 2147 nibus.
671 2108 724 2141 185

149 2153 299 2186 Condittio
317 2148 418 2178 furtiva
432 2155 488 2176 non
504 2146 542 2174 est
557 2153 591 2174 ex
607 2143 726 2178 delinito,

189 2192 235 2223 sed
264 2199 299 2218 ex
328 2190 407 2216 bono
441 2185 465 2214 δι
494 2192 584 2221 aequO.
614 2189 677 2217 235.
698 2188 728 2210 ut

187 2233 329 2266 competat
344 2226 447 2253 furturn
463 2223 546 2252 debet
557 2221 609 2248 css‘e
620 2220 726 2248 fastum.

188 2268 249 2297 ibid.
278 2271 375 2292 contra
394 2271 477 2299 quem
500 2259 644 2294 competit.
665 2257 727 2284 ibid.

192 2308 218 2334 in
235 2303 349 2332 solidum
371 2308 469 2329 contra
485 2297 617 2327 heredem
636 2295 726 2322 datur.

193 2343 254 2373 ibid.
275 2350 308 2369 an
325 2339 349 2367 ἃ
364 2345 462 2366 contra
478 2345 540 2366 eum
556 2334 603 2371 qui
625 2341 680 2370 ope
701 2332 727 2360 ἀ

192 2378 307 2411 consilio
321 2378 400 2412 juvit.
417 2379 480 2410 236.
509 2380 606 2402 contra
623 2379 706 2407 quem
718 2390 727 2405 ‚

195 2420 213 2447 st
228 2415 317 2446 filiusf.
339 2415 440 2443 furtum
458 2413 530 2441 fecit.
547 2410 604 2439 ibid.
622 2410 665 2436 cui
682 2407 730 2436 de-

192 2463 246 2485 tur.
266 2453 325 2482 ibid.
349 2452 383 2480 ad
402 2450 469 2489 quid
490 2450 578 2477 detur.
596 2447 656 2475 ibid.
671 2445 728 2481 seq.

194 2492 262 2530 quid
284 2491 303 2518 si
324 2490 367 2518 fur
394 2495 492 2525 purget
516 2487 587 2515 suam
611 2493 727 2526 morarn.

194 2538 258 2566 237.
286 2536 319 2555 an
343 2527 490 2555 necessaria
512 2525 570 2553 haec
590 2524 620 2552 fit
647 2522 728 2549 affitio.

195 2568 259 2599 ibid.
305 2564 450 2593 Condiftio
473 2562 572 2591 incerti
594 2560 731 2595 competit

198 2609 226 2636 ei
246 2603 322 2637 cujus
345 2610 401 2629 non
421 2601 575 2629 dominium
596 2598 666 2632 fuit,
686 2596 731 2624 sed

197 2640 335 2682 possessio.
668 2634 730 2662 ibid.

762 2589 905 2657 Debere
924 2591 1063 2621 interdum
1078 2600 1136 2621 non
1156 2590 1340 2626 neceffitatis‚

791 1872 844 1899 bus
864 1875 1004 1907 petantur.
1026 1880 1090 1908 437.
1129 1871 1268 1909 poffintne
1286 1879 1337 1900 mi<

792 1916 877 1937 nores
904 1908 960 1936 fine
981 1911 1154 1938 curatoribus
1179 1910 1242 1939 effe.
1272 1910 1336 1938 ibid.

794 1949 840 1980 89.
878 1947 1029 1976 curationis
1051 1947 1129 1976 causa
1159 1956 1218 1976 non
1242 1948 1336 1976 tutelae

770 1989 771 1992 ’
792 1983 839 2012 sed
874 1986 1055 2020 negotiorum
1087 1985 1228 2022 gestorum
1266 1986 1337 2014 aetio

791 2022 882 2051 datur.
903 2031 968 2057 451.
1010 2024 1137 2061 quamvis
1162 2023 1275 2052 abusive
1297 2025 1337 2051 in-

792 2059 903 2088 terdum
940 2061 1033 2090 tutelze
1054 2062 1171 2090 dicatur.
1197 2061 1259 2090 ibid.
1301 2069 1336 2089 an

793 2104 905 2125 curator
921 2098 1042 2128 alienare
1058 2105 1151 2137 queat.
1194 2100 1260 2128 vide
1280 2099 1338 2127 Mi-

793 2144 883 2163 norum
898 2138 968 2165 bona.
1000 2138 1151 2166 Curatores
1169 2135 1338 2166 furiosorum

795 2173 821 2201 ὅ(
840 2174 1031 2209 prodigorum.
1052 2179 1118 2210 462.
1139 2183 1238 2203 eorum
1252 2176 1334 2212 origo

796 2211 869 2248 apud
884 2213 1038 2242 Romanos.
1048 2213 1110 2241 ibid.
1131 2213 1262 2250 quamdiu
1277 2221 1336 2241 mu-

794 2258 846 2277 nus
861 2249 935 2278 suum
953 2250 1076 2287 respee‘tu
1093 2259 1192 2279 eorum
1214 2251 1336 2279 servent.

793 2290 857 2322 463.
869 2287 968 2324 quibus
977 2296 1062 2324 porro
1072 2289 1172 2318 dentur
1180 2295 1334 2318 curatores.

793 2325 858 2353 ibid.
891 2326 939 2361 qui
967 2334 1111 2356 curatores
1140 2326 1198 2355 dari
1224 2326 1334 2363 poffint.

796 2363 859 2391 ibid.
877 2364 933 2399 seq.
957 2364 1118 2394 Curationis
1133 2364 1258 2393 effeetus.
1272 2367 1336 2399 464.

796 2402 870 2430 Vide
887 2403 1047 2430 communia
1066 2410 1154 2439 porro
1169 2404 1197 2431 in
1213 2401 1299 2431 Dicor.

1022 2498 1062 2526 D.

873 2630 919 2657 sed
940 2631 1079 2658 facultatis
1095 2631 1143 2660 est.
1286 2638 1339 2663 144

161 2679 310 2714 eondietio
328 2674 452 2704 indebiti.
469 2683 531 2709 ‘23²-
552 2673 629 2702 simili
645 2672 733 2700 inodo
762 2667 900 2696 Defensor
917 2669 988 2704 quis.
1303 2670 1340 2700 64

200 2718 318 2749 nascitur
333 2723 363 2741 ac
378 2721 412 2740 ex
428 2719 533 2740 mutuo.
556 2711 617 2740 ibid.
639 2710 733 2738 estre·
762 2707 804 2734 De
828 2706 867 2733 bis
891 2708 933 2741 qui
957 2703 1096 2741 effuderint
1115 2706 1157 2733 vei
1178 2705 1338 2741 Dejecerint.

200 2765 268 2787 vera
288 2759 379 2782 tamen
399 2749 473 2785 quasi
493 2757 596 2777 tanturn
615 2757 649 2776 ex
669 2756 735 2775 con-

202 2795 295 2825 traffir.
318 2787 377 2818 ibid.
401 2787 483 2815 debet
499 2787 601 2821 aliquid
618 2785 672 2814 esse
695 2785 736 2812 so-

202 2835 310 2863 lutum,
329 2833 413 2862 atque
423 2823 552 2858 hocquid
566 2830 653 2852 notet.
674 2822 737 2851 ibid.

203 2877 291 2908 porro
307 2873 357 2902 per
379 2870 503 2891 errorem
523 2859 605 2888 debet
625 2861 677 2888 eise
699 2862 739 2888 so-

204 2911 302 2939 lutum.
317 2901 381 2932 ibid.
417 2898 484 2937 quid
505 2898 523 2926 fi
543 2905 592 2933 per
617 2905 738 2926 errorem

205 2946 272 2983 juris
288 2942 371 2971 fuerit
384 2939 514 2967 solutum.
533 2933 594 2963 ibid.
622 2941 739 2967 quomo-

207 2985 244 3012 do
259 2979 412 3009 indebitum
427 2973 617 3010 accipiendum
628 2970 666 2998 fit.
678 2979 738 3005 233.

804 2746 866 2777 178.
888 2747 1000 2778 quaudo
1017 2744 1087 2771 aftio
1111 2744 1157 2770 illa
1175 2743 1266 2770 locum
1294 2741 1342 2768 ha-

804 2782 877 2809 beat.
908 2781 969 2809 ibid.
1010 2780 1044 2808 acl
1067 2780 1135 2817 quid
1157 2780 1247 2808 detur.
1278 2778 1339 2807 ibid.

805 2819 851 2846 cui
874 2818 964 2846 detur.
985 2819 1049 2846 ibid.
1091 2818 1220 2846 adversus
1250 2826 1343 2854 quem.

804 2857 866 2884 ibid.
889 2857 943 2891 seq.
984 2856 1051 2893 quid
1073 2856 1091 2884 fi
1106 2857 1193 2884 homo
1214 2856 1285 2883 liber
1297 2863 1345 2890 pe-

806 2895 893 2923 rierit.
917 2902 978 2928 179.
1018 2893 1086 2930 quid
1110 2894 1129 2922 fi
1154 2893 1268 2930 corpori
1287 2893 1345 2926 ejus

805 2932 836 2961 sit
860 2939 994 2960 nocitum.
1021 2931 1082 2960 ibid.
1123 2930 1190 2968 quid
1214 2930 1233 2959 fi
1251 2931 1345 2959 servus

806 2970 946 3004 dejecerit.
1284 2967 1347 2996 ibid.

207 3022 251 3050 cui
266 3020 346 3046 detur
362 3015 422 3042 haec
437 3006 656 3040 condietio.ibid.
679 3017 743 3036 con·
769 3008 909 3036 Delictum
925 3007 963 3036 est
978 3007 1065 3035 malus
1082 3007 1248 3036 contrasttts.
1291 3012 1344 3039 215

208 3066 249 3087 tra
263 3063 354 3093 quem.
365 3059 429 3086 234.
450 3050 483 3078 ad
498 3048 574 3085 quid.
588 3047 650 3075 ibid.
661 3054 745 3090 quan·
772 3045 945 3081 Depositum.
973 3048 1036 3080 284.

619 3084 746 3158 ...figi

174 3167 323 3202 Condittio
338 3164 476 3193 tritictaria
494 3172 553 3198 quie
572 3162 655 3190 fuerit
671 3162 749 3196 igno-

213 3215 307 3238 ratur,
323 3212 374 3231 nec
389 3203 544 3239 dum-enim
562 3201 600 3229 est
616 3201 689 3228 reste
703 3207 749 3226 ex-

179 3282 326 3315 Condiflio
353 3279 390 3305 ob
420 3284 528 3312 turpem
552 3276 596 3304 vel
628 3238 752 3309 injuiia3ii31

216 3320 328 3350 enisam.
348 3323 410 3349 231.
434 3314 655 3351 distinguendum
677 3312 755 3346 cujus

206 3097 245 3124 do
264 3092 354 3121 cessat.

172 3131 320 3165 Condiciio
337 3137 370 3156 ex
388 3127 458 3163 lege.

214 3245 311 3283 posita.

1084 3046 1211 3074 Edictum
1239 3043 1273 3071 de
1299 3052 1344 3070 eo.

813 3083 872 3110 ibid.
894 3084 1048 3119 depositum
1062 3084 1136 3111 unde
1152 3084 1268 3111 dicatur.
1285 3080 1346 3110 ibid.

813 3121 880 3154 quid
897 3121 935 3148 sit.
957 3122 1019 3149 ibid.
1061 3122 1095 3149 ab
1124 3129 1160 3149 eo
1180 3120 1350 3156 sequestrum

815 3165 872 3184 non
902 3158 1047 3193 separatur.
1075 3161 1139 3193 285.
1184 3158 1352 3193 sequestrum

816 3193 882 3230 quid
906 3194 951 3227 sit,
973 3196 999 3223 ἃ.
1017 3197 1185 3232 quotuplex.
1213 3195 1274 3223 ibid.
1316 3195 1354 3222 se-

818 3231 950 3267 questrari
971 3239 1065 3267 queat.
1086 3233 1146 3262 ibid.
1194 3234 1256 3271 quis
1278 3232 1356 3269 poili-

820 3269 884 3297 deat
903 3277 960 3296 rein
988 3269 1190 3305 sequestratam.
1216 3271 1277 3299 ibid.
1302 3269 1357 3306 seq.

821 3307 939 3345 depofiti
949 3306 1050 3337 diretta
1063 3310 1142 3338 attio.
1154 3311 1209 3339 286
1230 3309 1275 3339 cui
1284 3316 1359 3338 con-

1874 1606 1932 1641 seq.

1395 1683 1520 1712 moribus
1536 1681 1684 1718 prohibitae
1702 1682 1773 1711 sunt.
1785 1682 1848 1711 ibid.
1870 1689 1938 1708 con-

1396 1722 1508 1750 firmatae
1528 1719 1624 1757 postea
1640 1719 1770 1749 oratione
1793 1719 1891 1749 Severi
1912 1718 1940 1745 ἃ,

1398 1759 1548 1788 Antonini.
1573 1757 1634 1785 ibid.
1682 1765 1800 1795 eamque
1823 1758 1942 1793 sequuto

1401 1798 1488 1826 SCtO.
1516 1795 1578 1825 ibid.
1620 1795 1698 1824 causa
1729 1794 1942 1832 prohibitionis.

1403 1835 1465 1864 ibid.
1485 1843 1543 1863 non
1560 1833 1644 1862 habet
1660 1832 1753 1863 locum
1776 1834 1848 1861 inter
1863 1831 1943 1867 spon-

1403 1875 1455 1902 sos.
1475 1873 1538 1901 ibid.
1561 1880 1594 1900 an
1609 1871 1657 1899 ubi
1677 1869 1945 1903 matrimoniumjud

1401 1912 1470 1940 stum
1492 1918 1549 1939 non
1571 1909 1619 1938 est.
1638 1916 1702 1944 399.
1735 1918 1770 1938 an
1788 1908 1860 1936 inter
1876 1915 1944 1935 con-

1403 1949 1532 1978 cubinos.
1547 1948 1609 1977 ibid.
1649 1946 1807 1976 Prohibitio
1826 1946 1884 1974 haec
1897 1953 1944 1973 ex-

1405 1988 1478 2015 tensa
1499 1986 1536 2014 est
1558 1985 1591 2014 ad
1608 1993 1674 2019 eos,
1696 1986 1745 2021 qui
1763 1985 1791 2013 in
1817 1982 1944 2018 ejusdem

1405 2024 1544 2062 potestate
1564 2023 1633 2052 sunt.
1661 2024 1722 2051 ibid.
1781 2020 1944 2051 Prohibitio

1403 2063 1449 2091 illa
1480 2062 1558 2090 durat
1582 2067 1689 2090 tantum
1710 2058 1854 2089 constante
1887 2065 1946 2087 ma-

1404 2099 1549 2130 trimonio.
1570 2099 1631 2127 ibid.
1655 2100 1710 2135 seq.
1742 2098 1866 2134 ideoque
1884 2103 1945 2124 non

1403 2138 1527 2176 pertinet
1540 2137 1574 2165 ad
1590 2137 1759 2166 donationes
1772 2135 1870 2164 mortis
1880 2142 1946 2162 cau-

1407 2177 1441 2206 sa.
1466 2184 1536 2211 400.
1576 2181 1624 2202 aut
1648 2183 1709 2211 quae
1735 2172 1850 2202 divortii
1865 2171 1944 2200 causa

1404 2215 1482 2243 fiunt.
1502 2213 1564 2241 ibid.
1607 2218 1655 2242 aut
1676 2213 1752 2241 exilii
1771 2210 1857 2240 causa.
1878 2209 1943 2240 ibid.

1402 2253 1582 2281 Donationes
1598 2250 1793 2286 probibentur.
1808 2249 1870 2277 ibid.
1886 2248 1943 2283 seq.

1401 2290 1501 2326 quibus
1516 2289 1585 2317 alter
1593 2287 1854 2323 ditior,pauperior
1872 2286 1942 2314 alter

1402 2328 1440 2356 fit.
1457 2335 1520 2362 401.
1542 2327 1596 2362 seq.
1619 2326 1683 2353 hinc
1697 2322 1838 2353 usurarum
1857 2323 1943 2352 dona-

1402 2366 1444 2393 tio
1461 2364 1500 2393 est
1516 2365 1599 2393 licita.
1616 2371 1680 2398 402.
1703 2368 1734 2391 ut
1754 2362 1780 2390 δί
1795 2362 1942 2390 fruetuum.

1403 2402 1465 2431 ibid.
1501 2401 1702 2430 industrialium
1726 2400 1780 2429 scil.
1803 2399 1865 2427 ibid.
1904 2405 1941 2424 an

1401 2441 1483 2469 etiarn
1497 2439 1646 2475 pauperior
1668 2439 1697 2467 fit
1711 2438 1758 2475 qui
1773 2445 1829 2463 non
1844 2434 1943 2470 adqui-

1403 2479 1447 2508 rit.
1463 2479 1526 2507 ibid.
1543 2478 1596 2513 seq.
1618 2485 1678 2513 quae
1692 2474 1786 2502 omnia
1801 2474 1941 2509 benigne,

1404 2525 1463 2545 non
1478 2523 1570 2544 amare
1586 2514 1644 2543 sunt
1658 2510 1944 2548 perpendenda.403.

1404 2554 1533 2583 Donatio
1554 2557 1652 2580 contra
1683 2549 1852 2578 Orationem
1874 2548 1945 2576 facta

1408 2592 1465 2628 ipso
1482 2592 1544 2625 jure
1566 2588 1604 2617 est
1624 2586 1708 2615 nulla.
1734 2586 1796 2614 ibid.
1814 2586 1868 2621 seq.
1910 2593 1946 2613 an

1404 2628 1531 2664 poffeffio
1559 2625 1675 2655 transeat
1701 2624 1728 2652 in
1758 2623 1945 2652 donatarium.
1999 2651 2003 2658 ,

1403 2665 1466 2694 ibid.
1507 2663 1605 2692 Postea
1628 2662 1726 2690 Oratio
1745 2662 1882 2690 Antonini
1907 2662 1947 2688 in-

1405 2702 1504 2736 duxit,
1524 2707 1554 2729 ut
1577 2701 1619 2728 hae
1642 2698 1771 2728 dationes
1800 2699 1947 2727 donatoris

1405 2740 1515 2769 silentio
1530 2738 1778 2771 confirmarentur,
1799 2737 1817 2765 fi
1834 2737 1855 2764 is
1871 2737 1949 2773 prior

1408 2779 1466 2806 vita
1493 2776 1647 2805 decesserit.
1669 2782 1735 2809 405.
1778 2776 1820 2804 An
1837 2773 1863 2802 δι
1884 2783 1949 2810 pro-

1410 2814 1500 2844 miffio
1522 2815 1557 2842 de
1585 2812 1717 2841 donando
1738 2813 1840 2840 eodem
1860 2811 1949 2840 modo

1408 2853 1599 2881 confirmetur.
1620 2850 1683 2878 ibid.
1721 2851 1841 2878 Donans
1871 2849 1950 2885 prior

1410 2890 1505 2919 debuit
1519 2888 1667 2918 deceffiffe.
1688 2887 1749 2915 ibid.
1777 2887 1951 2916 naturaliter.

1410 2928 1471 2957 ibid.
1510 2928 1578 2965 quid
1601 2927 1617 2955 fi
1640 2926 1770 2954 civiliter.
1800 2925 1863 2953 ibid.
1892 2925 1949 2961 seq.

1413 2975 1465 2995 nec
1488 2965 1640 2995 donantem
1666 2963 1821 3000 poenituiss'e
1844 2963 1952 2991 debuit.-

1414 3004 1475 3033 ibid.
1514 3003 1681 3041 poenitentia
1708 3009 1768 3029 non
1798 3002 1879 3030 facile
1909 3000 1949 3028 est

1412 3041 1608 3080 praesumenda.
1629 3039 1692 3069 ibid.
1712 3038 1781 3075 quid
1803 3039 1822 3067 si
1844 3039 1952 3067 donans

1414 3089 1457 3108 res
1488 3080 1603 3109 donatas
1636 3077 1747 3114 pignori
1775 3075 1954 3113 obligaverit.

1415 3118 1478 3147 ibid.
1501 3116 1684 3146 Confirmatio
1701 3114 1886 3143 donationum
1895 3121 1958 3149 per*-

1417 3157 1489 3185 tinet
1509 3155 1544 3183 ad
1564 3162 1662 3182 omnes
1685 3152 1815 3189 personas
1835 3159 1896 3187 quae
1917 3152 1955 3180 ob

1420 3192 1629 3224 matrimonium
1652 3191 1759 3219 donare
1779 3190 1957 3218 vetabantur.

1421 3231 1483 3260 ibid.
1501 3231 1555 3267 seq.
1596 3228 1743 3260 Donatio,
1765 3235 1826 3263 quae
1841 3227 1877 3256 ita
1893 3235 1959 3255 con-

1423 3268 1553 3302 valescit,
1573 3267 1593 3296 fi
1615 3275 1677 3300 500.
1694 3264 1798 3293 solidos
1824 3265 1957 3297 excedat,

1424 3313 1472 3336 aut
1494 3305 1558 3335 aetis
1573 3304 1705 3334 infinuata
1718 3303 1772 3332 ess‘e
1786 3302 1892 3336 debet,
1914 3307 1963 3366 {ut

1885 3348 1912 3368 tc
1937 3349 1964 3369 a·

2010 1922 2020 1991 i
2033 1939 2036 1967 l
