2036 3495
124 87 192 122 162

125 183 168 206 eo
184 173 356 214 quaeritur3
378 169 398 201 si
418 167 479 199 emi
500 173 623 201 aream,
647 162 678 208 ’ζῆ
696 168 797 199 eaque
820 157 947 206 insulam
963 168 1002 189 ae·

127 213 257 247 dificavi
295 222 332 244 an
352 210 437 242 recte
456 215 524 238 utar
541 203 750 237 Publiciana?
767 209 838 231 nam
854 210 918 232 emi
938 209 1004 231 are-

129 266 182 288 am
219 237 283 286 nor⁵1
303 252 363 284 emi
380 248 528 284 insulam3
545 246 574 276 &
590 244 672 275 hanc
688 242 832 284 possideo
850 242 913 273 fine
931 250 1003 272 cau-

128 297 168 328 sa.
192 280 357 336 quaigitur
366 290 476 322 fronte
486 296 555 318 eam
566 284 726 317 vindicem
736 283 919 315 Publiciana
935 292 1006 323 quae

129 347 195 370 non
214 335 258 367 est
275 339 428 366 contenta
445 327 653 370 poffeffione,
670 324 727 357 nisi
746 325 857 356 tradita
874 334 914 356 ex
927 324 1006 365 justa

131 377 230 409 causa.
253 374 315 407 Sed
332 373 515 409 videamus3
534 379 573 401 ne
595 366 745 412 sufficiat,
763 374 903 406 emptam
920 375 937 398 a
953 375 1006 397 me

130 419 194 451 esse
221 424 345 453 aream,
365 414 501 453 *ejusque
528 417 652 451 partem
672 408 742 441 fieri
767 407 964 448 superficiem
989 416 1006 438 a

131 469 185 492 me
211 455 406 497 impositam,
426 453 487 484 etsi
504 462 519 482 a
541 461 592 483 me
609 457 717 491 empta
732 458 797 480 non
816 448 871 488 fit3
895 458 956 481 nee
974 448 1011 480 sit

135 511 153 532 a
168 500 291 531 ratione
309 495 445 528 alienum
457 518 466 533 ,
484 495 515 525 in
529 500 621 534 parte
638 492 789 523 obtinere
807 491 896 531 quod
912 491 943 522 in
960 497 1009 521 to-

133 551 169 573 to
183 542 231 581 jus
247 539 293 571 sit.
317 539 413 579 igitur
427 536 505 568 sicut
518 534 639 574 possum
658 535 790 564 domurn
809 541 910 564 meam
928 532 1011 563 dice·

133 593 188 621 re,
212 590 306 622 quam
325 578 411 620 posui
429 581 459 609 in
479 576 581 607 fundo
599 574 677 607 mihi
694 583 710 605 a
727 574 860 605 domino
882 583 922 604 ex
940 581 1013 604 cau-

134 624 164 655 sa
181 622 355 663 emptionis
374 620 513 651 tradito:
530 617 693 657 intelligor
705 615 789 655 quasi
804 616 952 646 dominus
969 615 1014 645 in·

133 665 205 697 sulae
222 674 239 696 a
255 673 306 696 me
324 661 432 703 positae
444 661 474 692 in
491 668 563 690 area
580 667 674 699 quam
690 667 707 688 a
724 667 789 688 non
808 656 942 687 domino
959 655 1015 686 bo-

133 717 175 739 na
200 705 265 738 fide
291 703 402 744 accepi
425 711 467 733 ex
492 700 580 731 causa
598 699 772 738 emptionis
791 699 819 729 d.
838 698 855 728 l.
878 706 921 729 11.
941 696 969 739 §.
986 705 1015 733 9.

135 748 252 788 plane,
270 746 358 787 quod
370 753 427 785 per
444 742 639 774 alluvionem
657 739 759 772 fundo
774 738 918 777 accessit,
939 738 1016 770 iimi-

136 791 168 822 le
185 789 220 820 fit
237 791 265 820 ei
286 788 335 819 cui
363 785 505 817 aceedit:
531 784 559 814 ἃ
584 782 659 813 ideo
684 791 748 812 non
769 789 897 822 petetur
913 779 1017 811 Publi-

137 830 245 867 ciana,
268 829 289 861 fi
308 828 372 868 ipse
387 826 505 858 fundus
529 833 594 855 non
610 822 716 863 potest
732 832 769 854 ea
786 821 870 863 peti:
894 822 980 862 quod
996 819 1018 852 si

136 870 245 913 potest
263 873 350 910 peri3
374 869 468 899 etiam
489 874 617 907 petetur
635 874 705 906 pars
725 873 796 906 quae
814 874 870 905 per
887 863 1018 895 alluvio·

137 922 214 945 nem
232 912 359 943 accessit
377 911 404 940 d.
421 909 440 940 l.
463 917 507 940 11.
524 907 557 949 §.s
570 917 598 947 7.
865 938 866 945 ἵ

179 954 328 994 Sequitur
346 975 354 989 ‚
380 949 528 982 adversus
547 958 643 990 quem
660 948 753 980 detur
771 946 963 978 Publiciana.
990 945 1020 977 δε

139 1003 290 1037 apparet,
314 1003 332 1025 a
349 993 490 1024 Praetore
515 989 676 1031 promittti
700 987 848 1020 adversus
868 987 1018 1029 possesso-

140 1047 219 1070 rem.
244 1036 347 1068 recte:
371 1043 443 1066 nam
468 1042 541 1064 cum
559 1032 673 1063 fundat
692 1040 760 1063 eam
775 1030 892 1075 jurein
911 1040 964 1068 re,
988 1029 1020 1060 id

140 1079 203 1115 est,
228 1077 313 1117 quasi
338 1074 510 1114 dominio;
533 1084 572 1105 ne
593 1072 763 1111 miremur,
787 1073 851 1102 dari
873 1069 1021 1102 adversus

141 1119 368 1160 poffessbrem,
389 1116 560 1157 praesertim
578 1115 665 1146 maire
682 1114 775 1146 fidei:
797 1113 884 1152 cujus
901 1112 1021 1144 nullum

140 1163 188 1203 jus
205 1161 260 1193 est.
293 1161 334 1192 de
348 1160 442 1191 bonae
462 1155 723 1195 fldeiposs'essbre
739 1157 835 1195 quaeri
855 1154 943 1185 solet.
967 1163 1023 1194 po-

141 1213 200 1235 ne:
223 1203 337 1243 aliquis
355 1211 422 1233 rem
439 1200 524 1231 bona
539 1197 602 1230 fide
619 1197 745 1237 accepit
763 1206 801 1227 ex
818 1195 896 1236 justa
914 1194 1020 1228 causa:

144 1245 176 1276 &
194 1254 264 1276 eam
286 1242 357 1275 casu
374 1241 473 1274 amisit
498 1248 571 1272 ante
594 1240 756 1275 impletam
785 1237 1021 1277 usucapionem.

143 1295 222 1318 num
249 1285 348 1316 habet
370 1281 613 1316 Publicianam?
636 1280 776 1320 Julianus
794 1280 895 1319 (apud
915 1277 1022 1317 Ulpia-

143 1337 220 1359 num
240 1327 259 1358 l.
277 1336 305 1363 9.
320 1325 350 1367 §.
370 1336 398 1364 4.
422 1326 448 1355 h.
473 1324 515 1364 ι.)
540 1322 718 1363 distinguit,
743 1329 847 1351 utrum
873 1321 937 1351 duo
955 1329 1021 1351 rem

146 1369 285 1400 emerint
312 1369 350 1398 ab
375 1367 492 1398 eodem
517 1374 580 1396 non
609 1364 742 1395 domino
760 1386 768 1401 ‚
794 1371 831 1392 an
856 1371 872 1393 a
895 1361 1023 1392 diversis

144 1420 211 1442 non
241 1409 388 1441 dominis.
423 1408 452 1438 &
483 1406 502 1437 si
529 1406 658 1446 quidem
685 1404 724 1435 ab
750 1404 864 1434 eodem
889 1404 1024 1434 emerint

144 1461 212 1483 non
239 1451 400 1482 domino:
429 1455 521 1489 putat
538 1470 547 1485 ‚
582 1447 742 1486 potiorem
769 1444 831 1476 esse
855 1443 905 1475 cui
926 1444 1025 1485 priori

144 1502 195 1525 res
224 1493 259 1524 sit
282 1492 411 1522 tradita:
439 1489 517 1520 sieut
539 1488 724 1525 obtineret,
755 1495 789 1517 re
805 1486 930 1517 duobus
950 1495 1024 1517 ven-

145 1536 209 1565 dita
227 1543 242 1563 a
262 1542 340 1563 vero
362 1531 495 1562 domino
519 1529 538 1559 l.
558 1538 602 1569 ¹5·
620 1529 652 1559 C.
677 1529 710 1558 de
723 1529 763 1558 rei
777 1528 887 1559 vindic.
906 1527 926 1558 si
944 1536 1022 1558 vero

144 1576 282 1607 emerint
305 1582 321 1603 a
345 1571 474 1603 diversis
498 1580 561 1602 non
586 1569 745 1608 dominis3
769 1570 935 1601 meliorem
960 1567 1023 1599 effe

144 1615 267 1647 causam
286 1623 370 1646 nune
388 1612 593 1653 possidentis,
611 1620 704 1652 quam
715 1612 780 1651 ejus
797 1610 943 1650 quinune
959 1610 1023 1651 agit

143 1656 347 1693 Publiciana;
375 1655 452 1687 licet
468 1653 497 1684 ei
515 1653 611 1693 priori
631 1663 678 1684 res
697 1653 733 1684 sit
754 1652 875 1688 tradita.
907 1651 958 1683 Sic
975 1653 1022 1691 Ju-

143 1700 256 1732 lianus.
283 1705 395 1728 contra
408 1695 559 1727 Neratius
576 1695 594 1725 I.
609 1701 658 1735 31.
677 1694 704 1735 §.
722 1703 748 1725 2.
767 1693 807 1725 D.
823 1695 855 1724 de
870 1693 924 1725 αὲἶ.
942 1699 1025 1734 empt.

143 1740 237 1778 Sive,
260 1739 385 1780 inquit,
402 1737 441 1768 ab
457 1736 574 1767 eodem
592 1735 745 1773 emimus„
762 1734 825 1766 sive
844 1735 882 1765 ab
899 1735 961 1766 alio
981 1741 1024 1765 at-

146 1790 211 1822 que
230 1781 308 1811 alio:
333 1781 358 1810 is
375 1789 415 1810 ex
433 1779 526 1810 nobis
545 1777 682 1809 tuendus
700 1776 749 1808 est.
762 1777 815 1816 qui
832 1776 979 1816 priorjus
997 1785 1026 1806 e-

144 1824 194 1864 jus
210 1819 441 1862 apprehendit,
461 1819 525 1851 hoc
542 1818 605 1857 est,
624 1819 675 1849 cui
693 1818 829 1858 primum
846 1816 956 1848 tradita
974 1816 1029 1848 est.

146 1864 201 1896 Sic
221 1863 382 1895 Neratius.
413 1861 476 1893 Sed
494 1860 619 1901 praestat
636 1859 747 1900 Juliani
766 1859 939 1891 sententia:
956 1868 1030 1890 cum

147 1904 320 1946 pra-:sertim
332 1905 360 1936 ei
372 1903 503 1935 accedat
520 1901 674 1941 Ulpianus
692 1903 717 1932 d.
735 1900 762 1942 §.
778 1911 806 1940 4.
824 1901 842 1932 l.
853 1910 880 1937 9.
897 1901 1028 1939 dicens,

150 1956 260 1979 veram
278 1946 349 1977 esse.
365 1945 537 1982 videlicet,
559 1944 614 1974 ubi
633 1943 718 1975 suum
737 1945 870 1983 quisque
887 1943 1032 1974 vendito·

151 1998 220 2021 rem
239 1988 354 2023 habet,
381 1996 434 2027 par
453 1986 496 2017 est
517 1987 682 2024 utriusque
699 1984 852 2024 emptoris
870 1983 977 2022 causag
1002 1983 1032 2014 ἃ

150 2030 340 2069 intelligitur
358 2030 388 2060 in
401 2028 450 2059 sua
468 2026 600 2068 quisque
617 2025 784 2065 emptione
796 2026 824 2056 δε
843 2025 1032 2066 poffeffione

154 2071 218 2103 esse
235 2073 340 2110 prior,
364 2079 428 2101 non
453 2068 620 2100 inveniens
642 2068 755 2105 alium,
781 2066 835 2107 qui
857 2067 896 2097 ab
915 2068 1032 2098 eodem

153 2114 270 2145 emerit
287 2113 374 2152 prior
392 2120 441 2142 aut
465 2111 631 2151 posterior.
656 2109 707 2140 sed
727 2108 811 2140 aliud
830 2108 894 2146 est,
912 2107 932 2139 si
951 2117 1033 2140 uter-

154 2164 217 2195 que
235 2152 398 2194 separatim
411 2153 523 2183 emerit
542 2152 571 2183 ἃ
589 2152 750 2190 acceperit
762 2151 800 2181 ab
812 2150 945 2181 eodem:
961 2150 1034 2190 quia

152 2196 184 2227 in
212 2205 248 2227 ea
277 2205 311 2226 re
338 2195 471 2225 emenda
494 2193 744 2232 accipiendaque
766 2192 846 2222 alter
865 2190 909 2222 est
933 2192 1034 2222 altero

151 2236 250 2278 prior.
299 2236 352 2268 Sic
370 2237 497 2277 egregie
519 2234 692 2274 Ulpianus:
717 2234 746 2264 δι
765 2233 809 2264 est
826 2232 931 2265 similis
949 2233 1035 2265 Pauli

154 2278 339 2311 observatio
356 2279 386 2309 in
406 2277 532 2308 duobus
550 2274 778 2306 creditoribus:
795 2276 908 2315 quibus
923 2275 1035 2306 eadem

154 2331 204 2352 res
222 2319 256 2351 sit
276 2321 438 2360 pignerata
455 2319 474 2349 l.
495 2328 540 2357 ¹4·
557 2317 596 2347 D.
614 2316 678 2361 Qui
690 2323 746 2356 pot.
763 2318 793 2347 in
805 2317 890 2357 pigri.

200 2360 361 2392 Promittit
378 2361 473 2400 igitur
498 2359 620 2391 Praetor
637 2358 796 2389 antonem
823 2356 1040 2390 Publicianam

155 2402 304 2434 adversus
330 2400 553 2442 possessorem:
577 2400 628 2430 sed
656 2399 744 2430 causa
770 2400 921 2440 cognita:
946 2406 980 2429 ut
996 2408 1038 2429 ex

156 2444 232 2483 [57.
253 2444 296 2474 D.
319 2443 462 2474 Manciam·
476 2444 506 2473 in
524 2441 643 2473 Edicto
663 2440 761 2481 posui.
780 2440 826 2471 Ita
845 2450 910 2471 non
929 2440 1036 2480 passim

157 2483 263 2528 dabit,
283 2494 341 2515 nec
361 2485 499 2525 semper:
517 2483 569 2515 sed
587 2492 659 2513 eum
677 2491 802 2522 aequum
820 2482 896 2514 erit:
915 2491 975 2513 nec
992 2480 1038 2512 est

158 2526 308 2566 dubium,
326 2526 401 2566 quin
412 2525 561 2557 adversus
572 2524 736 2557 dominum
747 2533 816 2555 eam
827 2525 957 2556 daturus
973 2532 1038 2554 non

827 2593 1175 2628 Trrurus

300 81 470 119 Graiam
496 76 631 112 Noom·
657 72 776 108 CoixM.
816 70 874 105 An
899 69 976 105 Lm.
1004 67 1068 105 VI.
1098 68 1183 104 T1r.
1210 66 1271 103 111.
1306 68 1341 104 Si
1361 77 1439 114 ager
1455 67 1635 114 aeftigalis,
1662 65 1732 109 &c.

1045 157 1092 190 sit.
1113 157 1252 198 scilicet,
1279 159 1352 200 quia
1371 156 1495 199 semper
1510 156 1625 190 melior
1641 156 1686 189 est
1702 157 1848 192 conditio
1862 160 1922 193 do·-

1046 199 1144 238 mini,
1169 210 1262 241 quam
1281 200 1419 240 cujusvis
1440 200 1533 231 bonae
1550 199 1625 230 fidei
1646 197 1843 240 possessoris,
1867 202 1922 243 qui

1048 249 1113 273 non
1130 241 1166 273 sit
1182 243 1348 273 dominus:
1366 242 1442 274 licet
1457 250 1530 272 eum
1543 241 1689 279 interim,
1706 248 1779 272 cum
1789 250 1854 273 non
1870 252 1925 284 ap-

1048 291 1137 324 paret
1154 284 1322 322 dominus,
1346 282 1491 315 adversus
1507 280 1585 314 alios
1602 290 1660 321 pro
1680 282 1812 314 domino
1828 281 1925 315 habe-

1049 325 1092 362 ri,
1111 333 1175 355 non
1189 325 1331 366 iniquum
1352 324 1397 356 sit.
1425 325 1488 356 Sed
1500 324 1629 355 rationis
1640 323 1723 360 fuit,
1739 323 1925 365 dominum,

1048 374 1065 397 a
1082 366 1175 398 bonae
1191 365 1265 398 fidei
1282 365 1453 406 possessore
1463 373 1663 397 conventum
1679 364 1805 396 actione
1823 365 1925 397 Publi-

1052 408 1162 446 ciana,
1185 407 1323 448 adjuvari
1341 408 1556 448 exceptione,
1578 406 1609 438 Si
1630 416 1667 438 ea
1684 416 1733 438 res
1749 405 1926 446 possessoris

1054 457 1120 480 non
1138 447 1174 479 fit
1188 449 1206 479 l.
1225 452 1271 480 16.
1290 450 1307 481 l.
1326 450 1380 480 ult.
1401 450 1447 480 D.
1464 450 1491 480 h.
1507 454 1528 479 t.
1546 457 1676 487 verum,
1699 455 1734 479 ut
1749 447 1834 487 dixi,
1857 457 1929 480 cau·

1055 489 1083 521 sa
1100 492 1248 530 cognita:
1263 490 1379 531 n'empe
1392 514 1401 529 ,
1415 500 1454 522 ne
1466 491 1619 531 exceptio
1635 488 1783 521 adversus
1801 491 1930 529 aequita-

1057 538 1123 562 tem
1140 530 1337 562 manifestam
1354 535 1383 563 ei
1400 539 1533 573 negetur
1545 542 1551 562 :
1563 532 1628 562 imo
1642 540 1702 562 nec
1719 531 1813 562 detur
1830 538 1931 562 teme-

1057 582 1100 604 re.
1122 570 1159 603 fit
1182 571 1246 602 hoc
1270 574 1452 613 exemplum
1473 583 1513 604 ex
1530 571 1671 614 Ulpiano
1687 573 1705 604 l.
1723 582 1752 611 4.
1770 571 1797 614 §.
1817 582 1867 613 32.
1885 572 1932 603 D.

1057 615 1091 644 de
1108 619 1215 654 except.
1232 612 1289 643 doli
1303 614 1380 645 mali.
1418 613 1527 646 Titius
1551 614 1699 645 vendidit
1724 614 1782 645 tibi
1799 612 1934 646 fundum

1059 656 1112 696 qui
1135 662 1202 686 erat
1227 653 1416 694 Sempronii.
1440 665 1473 687 tu
1498 665 1570 687 eum
1593 655 1697 687 soluto
1714 656 1818 696 pretio
1837 655 1933 686 tradi-

1059 704 1127 728 tum
1153 696 1302 735 accepisti
1329 696 1414 728 bona
1440 696 1515 729 fide.
1559 696 1666 729 Titius
1691 697 1808 728 deinde
1832 695 1935 727 faetus

1059 737 1239 778 Sempronii
1257 736 1369 775 heres,
1394 738 1482 770 simul
1498 737 1587 769 fundi
1606 739 1772 776 dominus,
1796 747 1869 769 eum
1886 737 1940 768 ali-

1060 788 1126 820 quo
1152 786 1320 818 receptum
1345 778 1417 810 casu
1444 779 1590 810 vendidit
1606 781 1635 810 &
1654 780 1785 811 tradidit
1801 779 1938 811 Maevio.

1062 820 1195 861 quaestio
1213 819 1275 858 est,
1300 828 1404 851 utrum
1427 820 1508 851 tueri
1525 821 1640 852 debeat
1658 821 1796 859 Praetor,
1822 828 1874 859 te,
1897 828 1938 851 an

1061 861 1244 894 Maevium‘?
1269 870 1340 892 nam
1366 870 1399 893 tu
1420 861 1556 893 fundum
1576 863 1659 893 bona
1677 861 1740 894 fide
1758 862 1876 899 emisti,
1903 861 1935 892 δι

1060 904 1211 935 traditum
1232 902 1382 943 accepisti
1401 912 1417 933 a
1440 901 1554 941 Titio,
1578 912 1650 935 cum
1668 913 1733 935 non
1751 903 1828 934 esset
1843 902 1940 934 fundi

1066 946 1229 977 dominus:
1251 944 1411 984 competit
1427 954 1504 986 ergo
1521 944 1578 975 tibi
1591 943 1782 976 Publiciana.
1801 944 1940 974 Maevius

1063 996 1135 1018 eum
1159 993 1272 1017 contra
1296 986 1424 1026 accepit
1448 995 1464 1017 a
1487 984 1580 1016 Titio
1597 1009 1606 1024 ‚
1639 985 1804 1026 postquam
1831 985 1942 1016 extitit

1064 1027 1256 1067 Sempronio
1282 1026 1374 1058 heres
1394 1037 1404 1066 ς
1427 1036 1529 1067 eaque
1553 1026 1746 1059 succeffione
1768 1026 1871 1058 faetus
1895 1025 1942 1099 e}

1063 1069 1153 1101 fundi
1170 1068 1330 1100 dominus.
1354 1069 1459 1109 agenti
1475 1076 1581 1100 autem
1594 1069 1778 1100 Publiciana
1794 1066 1923 1099 adversa

1065 1111 1231 1142 dominum
1248 1109 1353 1141 obstat
1370 1111 1542 1151 exceptio,
1562 1109 1626 1141 Nisi
1645 1109 1762 1142 fundus
1773 1109 1808 1141 fit
1824 1108 1943 1150 posses-

1065 1152 1154 1197 soriS.
1182 1152 1286 1192 Atque
1302 1152 1346 1182 ita
1364 1152 1394 1183 in
1414 1151 1580 1192 proposito
1596 1150 1701 1191 foret,
1716 1151 1734 1182 si
1753 1151 1874 1183 Praetor
1885 1151 1942 1181 du-

1064 1203 1152 1226 mino
1169 1194 1365 1233 exceptione
1376 1194 1507 1225 dominii
1527 1192 1649 1233 semper
1666 1193 1693 1223 ἀ
1711 1191 1774 1224 fine
1792 1191 1942 1223 discrimi-

1065 1245 1105 1267 ne
1122 1234 1328 1266 succurreret.
1346 1234 1396 1266 sed
1416 1236 1480 1266 hoc
1497 1235 1542 1266 illi
1562 1244 1626 1266 non
1645 1233 1706 1265 fuit
1726 1233 1943 1275 propositum:

1065 1286 1136 1308 nam
1154 1276 1236 1307 hanc
1260 1276 1490 1315 exceptionem
1516 1277 1543 1307 ei
1570 1285 1635 1307 non
1660 1275 1845 1313 simpliciter
1869 1284 1944 1316 pro·

1066 1318 1187 1356 mittit,
1203 1317 1254 1348 sed
1272 1317 1361 1348 causa
1379 1319 1524 1358 cognita:
1549 1318 1581 1349 id
1595 1316 1638 1348 est
1650 1342 1657 1353 ,
1677 1316 1730 1348 nisi
1745 1317 1876 1357 :equitas
1893 1325 1946 1347 re-

1067 1360 1194 1391 clamet.
1236 1358 1323 1399 Ergo
1349 1359 1388 1389 ab
1413 1359 1472 1390 hac
1496 1359 1586 1390 causa
1612 1357 1767 1398 Ulpianus
1784 1358 1946 1398 julianum

1067 1400 1236 1441 sequutus,
1264 1402 1325 1438 ait,
1349 1402 1469 1440 aequius
1496 1399 1577 1439 esse,
1597 1399 1769 1431 Praetorem
1790 1408 1821 1430 te
1846 1401 1945 1430 tueri:

1068 1443 1098 1474 ἃ
1116 1442 1277 1480 causatur,
1301 1443 1389 1481 quod
1408 1442 1437 1472 ἂ
1451 1441 1559 1474 Titius
1577 1441 1662 1482 ipse,
1684 1441 1705 1473 si
1722 1440 1857 1472 fundum
1874 1449 1891 1471 a
1910 1449 1944 1471 te

1067 1491 1216 1524 peteret,
1240 1483 1436 1523 exceptione
1463 1484 1496 1515 in
1520 1483 1639 1515 faitum
1664 1490 1868 1523 comparata,
1892 1481 1945 1512 vel

1067 1525 1133 1557 doli
1157 1525 1230 1555 mali
1255 1523 1526 1556 summoveretur:
1551 1525 1579 1555 ἃ
1596 1524 1616 1555 si
1640 1523 1704 1564 ipse
1724 1533 1796 1555 eum
1814 1522 1948 1563 poffide-

1066 1575 1134 1604 ret,
1159 1574 1194 1597 tu
1216 1575 1296 1596 vero
1314 1564 1496 1597 Publiciana
1514 1575 1640 1606 ageres3
1665 1565 1812 1597 adversus
1826 1564 1948 1603 exeipi-

1067 1615 1195 1645 entem‚
1221 1606 1251 1637 Si
1270 1616 1334 1638 non
1353 1607 1421 1638 suus
1446 1606 1542 1645 esset,
1566 1607 1775 1647 replicatione
1791 1605 1943 1643 utereris3

1068 1659 1106 1680 ae
1120 1658 1175 1689 per
1192 1648 1257 1679 hoc
1273 1648 1468 1688 intelligeret
1481 1649 1623 1687 Praetor,
1645 1656 1717 1678 eum
1728 1646 1863 1679 fundum
1882 1655 1948 1677 rur-

1070 1691 1119 1722 sus
1140 1689 1334 1727 vendidisse,
1358 1699 1451 1729 quem
1471 1690 1501 1721 in
1520 1689 1613 1721 bonis
1630 1698 1694 1721 non
1715 1689 1857 1720 haberet.
1893 1686 1948 1718 Sic

1071 1742 1111 1763 ex
1129 1731 1253 1771 Juliano
1268 1729 1423 1771 Ulpianus
1440 1732 1467 1762 d.
1484 1731 1502 1762 l.
1519 1740 1548 1770 4.
1562 1730 1590 1772 §.
1613 1740 1661 1770 32.
1694 1730 1723 1762 &
1741 1730 1779 1762 ad
1797 1729 1948 1762 eumdem

1071 1774 1166 1816 plane
1187 1774 1317 1804 modum
1336 1772 1353 1803 l.
1373 1781 1423 1812 72.
1444 1773 1490 1803 D.
1505 1774 1538 1803 de
1553 1774 1593 1803 rei
1609 1773 1716 1803 vindic.

1113 1813 1283 1854 Superest,
1308 1821 1342 1845 ut
1360 1814 1399 1846 de
1415 1813 1525 1845 officio
1541 1813 1658 1854 Judicis
1677 1811 1885 1854 dispiciamus,
1907 1810 1951 1843 ait

1074 1856 1214 1889 Praetor:
1239 1855 1310 1893 Nzfi
1323 1856 1442 1886 arbitrio
1459 1855 1577 1896 Judz'cz‘s
1593 1853 1781 1895 restituatur,
1802 1854 1951 1896 judicium

1074 1900 1153 1929 dabo.
1177 1898 1300 1929 Praetor
1316 1896 1469 1938 significat
1480 1921 1489 1936 ,
1501 1897 1619 1937 duplex
1637 1895 1699 1928 esse
1715 1895 1835 1936 Judicis
1851 1895 1953 1927 offici-

1074 1949 1150 1971 um:
1168 1940 1303 1979 primum
1319 1938 1491 1979 inspicere,
1511 1948 1548 1970 an
1566 1939 1653 1969 aC‘tor
1669 1937 1812 1978 potuerit
1830 1937 1952 1975 dicere,

1075 1982 1105 2012 se
1119 1981 1150 2012 id
1170 1981 1257 2021 quod
1275 1980 1374 2020 petit,
1391 1979 1474 2020 quasi
1490 1978 1681 2019 usucepisse‚
1698 1977 1808 2017 idest,
1824 1987 1861 2009 an
1881 1986 1955 2017 pro-

1074 2023 1216 2059 baverit,
1241 2021 1271 2053 se
1288 2031 1354 2053 rem
1378 2022 1510 2060 petitam
1533 2031 1573 2052 ex
1589 2019 1667 2061 justa
1695 2019 1784 2051 causa
1802 2019 1952 2051 traditam

1074 2074 1140 2096 non
1159 2073 1175 2094 a
1193 2064 1326 2095 domino
1337 2064 1420 2094 bona
1438 2062 1502 2094 fide
1519 2061 1692 2102 accepisse,
1710 2061 1823 2093 &ante
1838 2061 1953 2101 imple·

1077 2115 1139 2136 tam
1165 2105 1389 2143 usucapionem
1415 2103 1553 2136 amisisse.
1576 2104 1731 2142 alterum,
1755 2111 1794 2134 an
1811 2103 1836 2133 is
1853 2111 1869 2132 a
1886 2110 1952 2142 quo

1077 2147 1198 2188 petitur
1216 2170 1225 2185 ‚
1249 2156 1318 2178 eam
1348 2145 1512 2186 poffideat.
1534 2153 1706 2185 utrumque
1730 2143 1752 2175 fi
1776 2143 1954 2184 cognovit:

1078 2189 1239 2226 declarat,
1260 2187 1433 2228 petitorem
1450 2187 1531 2228 quasi
1549 2185 1722 2227 usucepisse
1741 2186 1829 2226 quod
1841 2194 1904 2216 non
1921 2193 1956 2215 u-

1079 2230 1221 2270 sucepit3
1247 2230 1277 2261 id
1304 2229 1367 2267 est,
1390 2238 1463 2260 eum
1479 2228 1540 2260 effe
1558 2227 1641 2268 quasi
1658 2227 1843 2265 dominum;
1866 2225 1957 2258 simul

1076 2273 1189 2312 jubet,
1213 2270 1413 2311 possessorem
1440 2271 1570 2311 petitori
1596 2271 1627 2301 id
1646 2269 1733 2310 quod
1756 2267 1893 2309 petitum
1910 2266 1957 2298 est

1081 2323 1153 2345 cum
1178 2313 1265 2344 omni
1292 2311 1382 2344 causa
1408 2311 1584 2343 restituere.
1617 2310 1692 2342 huic
1716 2318 1814 2349 porro
1827 2309 1917 2349 jussui
1934 2307 1956 2340 fi

1081 2363 1246 2396 pareatur,
1269 2354 1352 2385 bene
1377 2353 1437 2385 est:
1461 2352 1502 2385 sin
1526 2353 1629 2385 minus
1656 2350 1859 2392 possessorem
1880 2358 1958 2381 con-

1082 2399 1212 2428 demnat
1230 2396 1291 2431 ita,
1309 2404 1343 2427 ut
1361 2396 1390 2427 in
1410 2394 1454 2426 rei
1473 2395 1691 2426 vindicatione
1709 2392 1839 2423 dictum.
1856 2392 1956 2431 idque

1082 2438 1144 2474 est,
1171 2439 1257 2477 quod
1276 2437 1429 2477 Ulpianus
1444 2436 1500 2477 l.7.
1519 2435 1621 2478 §.8.h.
1637 2441 1657 2466 t.
1677 2434 1736 2464 ait:
1755 2432 1790 2463 ln
1808 2433 1955 2463 Publicia-

1080 2489 1120 2510 na
1136 2479 1248 2510 actione
1265 2480 1360 2510 omnia
1368 2479 1464 2510 eadem
1479 2482 1585 2518 erunt,
1601 2475 1749 2518 quoe&in
1766 2474 1806 2506 rei
1819 2474 1955 2506 vindica-

1082 2523 1158 2553 tione
1175 2522 1311 2552 diximus.

1233 2589 1304 2623 111.

598 2663 638 2698 Si
655 2673 733 2709 ager
749 2660 926 2707 eefftigalis,
952 2660 984 2694 id
996 2659 1059 2707 eft,
1085 2658 1374 2706 emphyteuticarius
1390 2664 1528 2703 petatur.

218 2737 260 2770 ub
277 2737 342 2770 hoe
357 2735 472 2768 Titulo
496 2737 600 2768 adime
619 2736 809 2767 tradendum
835 2735 960 2775 putavit
978 2734 1036 2766 Im-

233 2787 360 2821 perator
376 2778 556 2817 exemplum
571 2779 727 2809 Praetoriae
746 2779 776 2808 in
796 2787 862 2808 rem
882 2775 1033 2808 astionis:

157 2833 229 2864 quae
256 2822 287 2853 in
314 2820 451 2851 Rubrica
467 2828 599 2849 vocatur
617 2819 647 2849 Si
671 2829 744 2859 ager
768 2818 931 2859 vestigalis
948 2826 1033 2857 peta-

160 2874 230 2903 tur,
244 2863 363 2899 credo,
376 2869 393 2892 a
410 2861 518 2900 primis
537 2859 635 2890 Edielzi
653 2860 767 2891 verbis.
786 2861 914 2900 quinam
931 2867 1037 2890 autem

158 2907 218 2938 sint
237 2905 315 2936 tales
327 2903 411 2943 agri,
424 2900 560 2933 Paulusl
586 2910 610 2944 .¹·
627 2900 662 2934 &⁵
679 2911 706 2941 3.
724 2901 764 2931 D.
780 2901 806 2931 h.
824 2907 842 2931 ι.
867 2901 909 2932 ita
926 2901 1038 2933 tradit:

160 2948 224 2988 agri
249 2946 416 2976 civitatum
433 2943 482 2973 alii
511 2941 678 2981 vestigales
695 2950 869 2980 vocantur,
893 2942 944 2973 alii
962 2952 1037 2973 non.

158 2988 332 3028 veffigaloe
346 2992 521 3021 vocantur,
545 2983 644 3026 quiin
662 2990 852 3021 perpetuum
872 2984 1037 3016 locantur:

160 3030 193 3061 id
211 3029 274 3066 est,
297 3028 356 3058 hac
368 3027 458 3066 lege,
474 3024 640 3055 uttamdiu
657 3032 717 3062 pro
735 3024 795 3054 illis
811 3025 944 3065 vestigas
963 3034 1039 3065 pen.

161 3072 269 3105 datur,
286 3069 436 3109 quamdiu
447 3075 551 3106 neque
568 3064 636 3104 ipsis
650 3087 658 3100 ‚
669 3065 721 3109 qui
733 3065 966 3104 conduxerint,
985 3076 1038 3097 ne-

162 3121 226 3152 que
244 3111 290 3141 liis
310 3111 406 3149 quiin
426 3109 533 3140 locum
551 3114 663 3137 eorum
681 3104 1037 3143 luccefferunt,aufe1·ri

162 3163 219 3184 eos
237 3152 340 3182 liceat.
374 3149 450 3181 Non
472 3148 645 3189 veffigales
665 3147 752 3183 sunt,
778 3146 830 3185 qui
849 3148 891 3176 ita
908 3149 1035 3179 colendi

162 3197 295 3231 dantur,
319 3199 353 3222 ut
371 3192 516 3231 privatim
535 3198 627 3229 agros
645 3186 769 3219 nostros
786 3187 944 3217 colendos
962 3189 1036 3220 dare

160 3236 309 3268 salernus.
326 3233 415 3265 idem
427 3234 487 3272 est,
504 3234 530 3263 ὰ
545 3232 564 3263 ii
581 3230 620 3262 ad
632 3237 757 3270 tempus
775 3227 942 3261 habuerint
959 3237 1033 3262 con-

1079 2733 1227 2772 ductum,
1251 2741 1312 2764 nec
1329 2740 1455 2773 tempus
1473 2729 1696 2763 conductionis
1715 2729 1838 2762 finitum
1854 2729 1902 2763 fit.
1933 2731 1960 2761 I—

1078 2776 1161 2816 gitur
1176 2774 1197 2806 fi
1215 2775 1266 2805 cui
1283 2774 1352 2805 talis
1379 2784 1453 2815 ager
1469 2783 1484 2804 a
1503 2772 1717 2813 municipibus
1741 2774 1832 2804 datus
1850 2771 1886 2804 fit
1903 2771 1958 2803 suo

1081 2817 1213 2848 arbitrio
1230 2814 1383 2847 fruendus
1400 2815 1698 2855 meliorandusque,
1718 2813 1893 2845 constituto
1908 2822 1960 2844 an-

1082 2868 1147 2890 nuo
1165 2857 1331 2898 vectigali,
1348 2857 1391 2895 is,
1409 2859 1555 2897 quamvis
1576 2866 1641 2888 non
1660 2855 1817 2887 efficiatur
1832 2856 1900 2895 jure
1916 2855 1959 2885 ci-

1080 2900 1136 2931 vili
1153 2900 1301 2930 dominus
1325 2897 1416 2929 fundi
1439 2897 1621 2940 vectigalis,
1645 2902 1750 2928 tamen
1778 2897 1850 2937 quia
1869 2897 1900 2927 in
1916 2904 1958 2927 eo

1080 2941 1232 2981 habetjus
1241 2940 1371 2980 aliquod
1383 2940 1528 2971 dominio
1539 2939 1720 2979 proximum
1733 2938 1869 2978 :placuit
1878 2937 1961 2969 Prae-

1084 2984 1167 3021 tori,
1190 2984 1218 3013 ei
1247 2983 1493 3013 accommodare
1517 2981 1628 3013 utilem
1653 2981 1686 3012 in
1711 2989 1777 3011 rem
1801 2978 1959 3009 astionem

1083 3022 1230 3055 adversus
1248 3024 1392 3064 quemvis
1410 3021 1635 3063 possessorem3
1656 3022 1722 3053 imo
1738 3021 1832 3051 etiam
1848 3020 1959 3050 adver-

1083 3065 1131 3097 sus
1147 3064 1230 3105 ipsos
1246 3065 1422 3105 municipes
1440 3065 1468 3094 d.
1484 3064 1502 3094 l.
1524 3073 1547 3095 1.
1565 3062 1592 3105 ἕ.
1612 3073 1637 3095 1.
1662 3063 1706 3094 ita
1722 3069 1845 3097 tamen,
1868 3059 1888 3090 si
1907 3069 1959 3090 ve-

1085 3107 1174 3148 stiga}
1193 3106 1293 3138 solvat
1312 3106 1328 3137 l.
1347 3116 1375 3137 2.
1391 3106 1418 3137 h.
1436 3111 1457 3136 t.
1489 3104 1567 3137 Hoc
1593 3113 1677 3136 nunc
1700 3102 1859 3134 breviter:
1884 3110 1959 3132 nam

1081 3149 1122 3180 de
1135 3149 1203 3188 jure
1221 3147 1467 3189 emphyteutico
1493 3147 1569 3177 alias
1587 3154 1677 3186 agam
1694 3153 1734 3175 ex
1749 3141 1892 3184 professo
1907 3142 1956 3173 lib.

1083 3198 1129 3228 19.
1145 3191 1190 3222 tit.
1208 3199 1235 3223 2.
1260 3190 1315 3231 qui
1332 3188 1378 3222 est
1394 3187 1498 3221 Locazz·
1516 3186 1658 3220 conduffl.

1795 3263 1954 3297 LIBER
