2052 3487
374 85 1522 128 DaFonnonnnTUsunrs.Luam.
1781 88 1865 139 '215‘

64 178 122 216 lite
142 164 245 223 igitur
259 179 436 213 contestata
458 179 558 212 usurae
572 179 732 210 'curi-unt:
756 176 789 208 id
815 177 861 210 est
875 197 885 217 ‚
914 176 937 211 fi
975 165 1053 219 post
1073 178 1281 220 sententiam,
1305 179 1326 212 fi
1343 189 1409 213 non
1426 180 1568 214 solvatur
1583 186 1634 214 res
1655 179 1795 222 judicata
1810 183 1859 214 in-

65 232 140 255 ante
160 223 377 261 cucurrerint,
403 221 509 263 postea
535 229 599 252 non
615 218 936 264 definuntlcurreree,
976 226 1030 266 tra
1052 227 1198 261 tempus,
1222 222 1310 261 quod
1327 223 1549 255 condemnatis
1567 224 1770 265 indulgetur,
1793 225 1859 265 pla-

65 266 120 297 ied
143 265 163 297 fi
186 274 260 297 ante
277 274 344 296 non
359 264 581 300 cucurrerint,
606 269 741 301 propter
755 261 845 293 litem
861 264 937 293 con'-
977 269 1048 292 curt
1065 284 1074 299 ‚
1102 264 1170 302 ejus
1200 263 1308 295 usuras
1338 265 1457 296 deinde
1485 265 1629 305 incipere
1653 273 1788 297 currere
1814 270 1856 297 ex

70 306 213 343 testatam
235 329 246 346 ,
281 315 347 338 non
381 305 537 346 incipiunt
575 311 711 335 currere.
743 310 936 344 quamquam
979 303 1069 334 causa
1081 304 1213 343 judicati
1237 305 1256 337 l.
1276 316 1304 337 2.
1322 305 1358 341 δέ
1372 317 1402 347 3.
1427 306 1460 338 C.
1485 307 1518 338 de
1537 308 1632 348 usuris
1646 308 1689 338 rei
1696 306 1852 349 judicata.

766 412 978 448 CAPUT
1028 413 1142 449 XIII.

66 505 112 541 'In
139 502 315 539 izi-binariis
333 502 461 549 judiciis
485 499 591 547 usuras
616 494 714 543 officio
739 499 867 545 Judicis
885 512 1051 546 numquam
1076 502 1177 537 deberi
1198 500 1284 548 qnasi
1304 499 1412 548 usuras
1429 529 1438 546 ‚
1461 500 1524 548 sed
1552 500 1637 549 quast
1658 503 1690 537 id
1712 503 1792 550 quod
1804 505 1854 541 iit*

167 552 256 598 teresi
277 551 437 597 aliquando
453 550 562 585 deberi.
592 545 633 588 &⁹
647 548 726 582 cur?
756 549 910 595 Ulpianus
935 551 954 583 l.
976 562 1030 594 29.
1059 549 1086 598 ᾗ.
1109 561 1139 588 z.
1167 552 1210 588 D.
1228 553 1264 586 de
1283 553 1428 598 Aedilitio
1448 553 1557 587 Editio
1583 553 1754 598 explicitus.

126 641 267 682 ostquam
284 639 365 676 dixi,
389 639 457 679 quis
475 637 634 670 usurarum
656 636 726 669 usus
746 637 783 669 fit
806 638 836 670 in
856 638 937 679 judi-

67 644 115 718 Ρ
137 683 193 714 ciis
215 683 307 713 bonae
329 679 402 712 fidei
427 680 456 712 ὅ(
483 679 574 711 striffi
596 679 700 719 juris;
734 680 802 711 vult
830 680 933 719 ordo,

67 726 97 755 ἃ
113 725 345 755 arbitrariorum
362 722 516 753 rationem
529 722 636 761 paucis
649 722 829 752 examinari.
853 721 933 752 Pen-

68 766 192 797 demea
212 764 327 804 judicia
348 764 461 803 (quod
479 764 507 794 ἃ
532 771 650 793 nomen
674 762 820 802 indicat)
844 772 858 793 a
881 762 932 802 Ju-

68 807 145 838 dicis
161 805 288 837 arbitrio
311 804 338 845 §.
359 814 408 845 31.
434 802 506 844 Insb.
525 805 558 835 cle
574 803 740 835 eletionibus.
766 804 830 835 Sed
843 803 933 836 Con-

67 848 188 880 stitutio
212 856 281 886 quae
306 844 408 876 usuras
435 846 545 877 officio
576 844 696 884 Judicis
728 845 933 884 introduxit,

69 898 188 926 tantum
207 889 268 919 fuit
286 889 325 918 de
348 888 440 918 bonae
464 886 536 919 fidei
554 886 698 926 judiciis,
722 887 828 927 deque
853 887 933 927 lega-

68 932 106 962 tis
123 954 132 969 ‚
161 939 199 961 ac
220 927 463 960 fideicommiiiis
479 952 489 967 ,
522 929 629 960 locuta
648 938 655 959 :
688 928 728 959 de
751 929 932 960 actionibus

68 981 171 1004 autem
194 971 360 1002 arbitrariis
386 971 493 1001 locuta
519 979 582 1001 non
602 968 691 1007 fuit,
722 979 786 1001 non
813 970 931 1011 magis,

69 1023 163 1054 quam
181 1015 219 1044 de
238 1012 361 1053 judiciis
379 1011 472 1043 strifi‘ti
487 1011 572 1052 juris.
597 1020 663 1041 non
682 1011 778 1051 igitur
800 1011 831 1042 in
852 1012 932 1042 arbi-

70 1056 168 1087 trariis
184 1053 278 1086 usurae
296 1053 403 1085 officio
417 1053 534 1094 Judicis
550 1052 725 1084 debentur:
749 1053 822 1093 quia
835 1055 867 1084 in
886 1053 933 1085 his

68 1105 173 1135 neque
194 1104 266 1127 ante
282 1104 350 1127 eam
370 1094 643 1126 Constitutionem
667 1094 856 1134 obtinuere,
880 1104 932 1125 ne-

71 1146 133 1177 que
150 1147 205 1177 per
227 1146 315 1175 eam,
339 1145 392 1168 aut
414 1137 523 1175 aliam,
546 1134 617 1176 post
639 1136 830 1167 introduerae
852 1135 931 1167 sunt.

70 1177 189 1210 Poffint
212 1187 313 1209 tamen
338 1178 368 1209 in
393 1177 439 1208 liis
465 1177 633 1218 aliquando
656 1177 843 1217 adjudicari3
868 1186 933 1208 non

71 1219 154 1260 quali
173 1219 284 1257 usurae,
305 1218 360 1250 sed
379 1218 458 1259 quast
481 1219 512 1250 id
528 1219 615 1259 quod
639 1219 788 1250 interest:
810 1218 882 1250 fere
899 1219 934 1249 fi-

71 1262 136 1292 mili
160 1263 281 1292 ratione
304 1269 364 1300 qua
392 1260 492 1291 usuras
515 1260 546 1291 in
578 1260 674 1291 bona:
699 1259 773 1293 fidei
803 1261 932 1300 judiciis

71 1311 143 1334 ante
164 1312 230 1333 earn
251 1301 519 1333 Constitutionem
542 1310 585 1333 ex
610 1301 772 1333 Labeonis
796 1302 931 1333 auetori-

71 1351 134 1375 tate
156 1342 293 1374 admissas
316 1342 405 1374 fuiffe
421 1366 431 1382 ‚
462 1344 494 1374 in
517 1343 712 1375 anteceffum
742 1342 867 1375 ostendi
892 1353 933 1375 ex

67 1385 87 1416 l.
101 1388 143 1416 60
177 1384 217 1415 D.
240 1384 302 1414 Pro
316 1385 404 1423 socio.

103 1424 157 1457 Ne
177 1435 226 1457 res
251 1425 401 1465 exemplo
426 1434 561 1467 egeret,
593 1424 721 1467 Ulpiani
751 1426 848 1458 verba
879 1426 932 1458 ad—

66 1465 168 1507 scripsi
182 1476 224 1498 ex
246 1467 263 1497 l.
282 1476 330 1504 29-
352 1467 382 1508 ς.
404 1477 433 1498 2.
461 1469 501 1499 D.
520 1469 554 1498 tle
571 1467 709 1499 AEtlilitz'o
731 1467 844 1500 Edicto.
876 1466 932 1500 Ul·

65 1508 150 1550 piani
167 1508 278 1547 verba,
302 1508 505 1540 condemnatio
521 1515 619 1540 autern
628 1509 686 1549 fit,
703 1510 811 1550 quanti
830 1518 866 1540 ea
883 1518 933 1542 res

66 1550 137 1581 erit.
180 1549 258 1591 Ergo
282 1552 394 1580 excedet
417 1552 560 1591 pretinm,
583 1560 622 1581 an
645 1561 702 1581 non
718 1574 727 1589 ‚
750 1550 932 1582 videamus?

65 1589 109 1622 Et
123 1592 233 1632 quidem
253 1592 379 1622 continet
401 1593 596 1622 condemnatio
610 1593 737 1632 pretium
754 1590 931 1631 acceffiones-

63 1641 129 1672 que.
170 1632 221 1663 An
239 1631 274 1666 &⁹
297 1633 400 1670 usuras
417 1634 504 1673 pretii
524 1633 730 1674 consequatur,
754 1632 836 1675 quast
856 1635 932 1674 quod

57 1673 119 1715 sua
142 1672 252 1712 interfit
271 1674 372 1706 debeat
395 1676 544 1716 accipere.-
574 1677 700 1706 maxz'me
724 1685 790 1707 cnm
807 1674 932 1716 fruitus

978 648 1088 680 qnoque
1102 640 1158 681 ipfi
1175 638 1336 682 restituat?
1357 639 1400 672 Et
1411 641 1506 682 placet
1525 642 1754 681 consecuturum.
1797 636 1856 675 Ul-

979 681 1062 721 piani
1086 681 1187 714 sermo
1211 681 1257 714 est
1279 683 1319 714 de
1348 682 1548 715 restitutione
1579 683 1727 724 pecuniae
1758 690 1855 724 quam

979 723 1129 754 venditor
1147 724 1310 763 emptori,
1332 732 1366 755 re
1383 725 1541 756 redhibita
1556 747 1566 763 ,
1589 723 1699 756 facere
1722 725 1853 757 debeat.

978 773 1014 794 ea
1040 772 1147 796 autem
1172 765 1308 806 pecunia
1330 766 1450 805 petitur
1473 766 1600 798 achone
1625 765 1725 806 empti
1753 766 1773 797 l.
1802 774 1853 798 11.

976 805 1004 845 §.
1025 815 1054 846 3.
1079 804 1120 836 D.
1138 807 1170 836 de
1193 805 1353 837 ustionibus
1376 808 1463 847 empti
1485 807 1522 841 ὅ)
1548 808 1680 846 venditi,
1711 816 1782 848 quae
1807 806 1855 840 est

978 850 1072 877 bonae
1088 846 1185 880 fidei:
1208 849 1304 879 etiam
1323 847 1467 879 AEdilitia
1485 850 1516 880 in
1532 848 1671 887 factum,
1695 857 1789 887 quam
1808 857 1854 880 ar-

976 887 1137 919 bitrariam
1155 888 1236 925 effe,
1259 898 1391 929 apparet
1407 899 1449 921 ex
1464 891 1492 920 d.
1503 890 1528 921 l.
1549 897 1651 930 29.pr.
1664 889 1803 931 &§.ult.
1814 888 1852 926 ἐξ

975 928 1053 969 l.31.
1072 928 1101 970 §.
1118 939 1147 966 9.
1166 927 1202 964 ὃ)
1217 928 1246 971 §.
1261 939 1306 971 ¹3-
1325 930 1366 961 D.
1384 931 1417 961 de
1434 929 1568 962 AEdilitio
1579 929 1693 964 Edifi‘o.
1717 930 1853 972 utraque

975 972 1015 1001 ad
1037 971 1068 1001 id
1086 971 1175 1011 quod
1198 971 1326 1003 interest
1347 973 1518 1011 competit.
1562 972 1624 1005 Sed
1642 971 1684 1004 Ul
1712 973 1800 1004 ianus
1822 973 1851 1004 d.

974 1011 994 1042 l.
1011 1020 1060 1048 29.
1082 1012 1111 1052 §.
1130 1022 1159 1044 2.
1184 1013 1248 1053 agit
1268 1013 1307 1044 de
1323 1014 1448 1045 actione
1464 1014 1608 1046 AEdilitia
1622 1015 1654 1045 in
1688 1014 1792 1046 actum
1809 1023 1855 1046 ar-

975 1052 1114 1084 bitraria.
1131 1054 1161 1084 in
1180 1063 1216 1084 ea
1232 1054 1358 1085 actione
1377 1054 1473 1086 usura:
1489 1056 1621 1096 proprie
1639 1065 1704 1087 non
1717 1055 1852 1087 veniunt

976 1093 1086 1126 officio
1108 1094 1253 1134 Judicis:
1278 1097 1349 1135 quia
1372 1095 1404 1127 id
1429 1097 1513 1128 nulla
1542 1098 1664 1138 placuit
1689 1094 1853 1129 Constitu·

976 1137 1074 1167 tione.
1093 1144 1184 1174 putat
1200 1144 1305 1168 tamen
1317 1135 1488 1177 Ulpianus,
1500 1146 1680 1179 emptorem
1698 1148 1734 1170 ea
1751 1139 1852 1170 actio·

976 1186 1016 1208 ne
1039 1177 1128 1218 posse
1152 1176 1304 1218 consequi
1330 1179 1435 1210 usuras
1452 1180 1569 1220 pretii,
1593 1189 1656 1211 non
1677 1179 1761 1221 quafi
1785 1179 1857 1211 usu-

976 1228 1043 1258 ras,
1068 1219 1120 1251 sed
1137 1218 1221 1259 quasi
1243 1220 1276 1251 id
1294 1220 1383 1260 quod
1407 1219 1457 1251 sua
1479 1220 1628 1252 interest:
1653 1221 1783 1261 ejusque
1806 1221 1853 1253 rei

978 1260 1059 1291 hanc
1082 1261 1238 1292 rationem
1264 1260 1344 1298 esse,
1369 1263 1457 1303 quod
1479 1262 1512 1293 in
1539 1262 1703 1294 arbitraria
1725 1262 1854 1295 afflone

974 1301 1096 1342 Judicis
1118 1302 1285 1334 aestimatio
1302 1302 1366 1342 est,
1391 1304 1663 1344 quemadmodum
1687 1304 1786 1335 aCtori
1808 1303 1854 1336 sa·

976 1343 1086 1374 tisfieri
1109 1352 1279 1384 oporteat:
1309 1344 1359 1383 ἀ,
1383 1353 1457 1376 cum
1480 1353 1609 1386 emptor
1633 1346 1796 1377 venditori
1820 1347 1854 1378 in

975 1385 1191 1417 redhibitione
1209 1395 1274 1417 non
1291 1387 1392 1418 modo
1409 1395 1495 1425 rem,
1510 1387 1563 1418 sed
1583 1387 1611 1418 &
1629 1385 1750 1419 fruetus
1766 1387 1855 1428 ejus,

978 1425 1123 1458 restituat
1139 1450 1149 1465 ,
1182 1427 1314 1459 viciffim
1339 1437 1434 1468 aequo
1458 1428 1487 1460 δι
1505 1428 1595 1460 bono
1613 1429 1791 1460 convenire
1808 1430 1854 1460 vie

975 1468 1086 1506 detur,
1111 1476 1145 1499 ut
1165 1469 1316 1500 venditor
1332 1470 1474 1510 emptori
1491 1479 1558 1501 non
1574 1470 1675 1503 modo
1692 1469 1854 1510 pretium,

975 1508 1029 1540 sed
1054 1510 1159 1540 usuras
1179 1518 1330 1550 quoque,
1356 1510 1441 1551 quali
1469 1511 1501 1542 id
1517 1512 1604 1551 quod
1622 1511 1688 1551 ejus
1705 1510 1826 1543 interfit
1840 1535 1852 1551 ‚

974 1550 1128 1582 restituat.
1145 1551 1337 1591 ptaesertirn,
1360 1561 1434 1583 cum
1453 1550 1552 1583 usurae
1569 1551 1728 1584 fruetuum
1747 1552 1854 1585 vicem

974 1591 1147 1633 praestcnt:
1177 1602 1237 1624 nec
1262 1593 1395 1634 aequitas
1412 1594 1571 1634 patiatur,
1596 1594 1801 1625 venditorem
1817 1593 1853 1625 fi-

974 1634 1041 1665 mul
1064 1634 1093 1665 &
1116 1634 1180 1672 rei,
1205 1634 1234 1665 ὅτ
1258 1636 1404 1676 pecuniae
1430 1634 1552 1667 fruetus
1578 1633 1698 1667 habere
1716 1643 1791 1667 cum
1806 1634 1852 1667 in-

973 1675 1053 1716 juria
1075 1675 1243 1717 emptoris,
1855 1681 1858 1685 ’

764 1785 977 1821 CAPUT
1034 1785 1149 1822 XIV.

69 1878 189 1926 Usuras
212 1880 277 1915 tolli
295 1907 304 1922 ‚
329 1879 416 1926 sorte
442 1878 503 1926 ipso
520 1881 596 1927 jure
610 1880 740 1927 sublata
756 1908 767 1923 ,
798 1890 832 1917 ut
841 1882 1023 1927 solatione:
1047 1881 1109 1929 sed
1121 1882 1257 1930 futuras
1272 1907 1283 1925 ,
1318 1895 1377 1918 non
1401 1886 1603 1929 praeteritas:
1637 1885 1772 1919 inaximo
1788 1910 1797 1926 ,
1817 1881 1853 1930 fi

138 1931 333 1964 conventione
351 1930 523 1964 debeantur.

574 1931 678 1979 Quid,
697 1929 730 1975 fi
746 1933 872 1965 veniant
890 1929 987 1976 (fficio
1010 1932 1137 1977 Judicis
1149 1933 1165 1966 ἰ)
1197 1929 1316 1977 Usuras
1337 1933 1434 1967 etiam
1450 1935 1570 1968 caeteris
1587 1934 1652 1968 tolli
1678 1934 1773 1969 modis
1786 1935 1853 1979 qui-

136 1979 193 2012 bus
209 1979 355 2024 obligatio
375 1975 435 2023 ipso
443 1979 516 2024 jure
531 1980 763 2027 exstinguitur:
789 1988 822 2014 ut
840 1979 1078 2026 compensatione
1094 1979 1135 2020 &f
1150 1981 1326 2016 novatione.

124 2073 266 2113 uperest,
291 2080 326 2104 ut
350 2074 514 2105 videamus
531 2097 541 2111 ,
565 2074 677 2114 quibus
704 2074 808 2106 modis
832 2073 931 2105 usurae

137 2115 245 2146 deberi
265 2114 423 2146 desinant:
446 2114 515 2146 sunt
533 2124 639 2147 autem
667 2115 782 2155 plures.
807 2125 848 2146 ex
864 2115 932 2155 qui-

64 2155 121 2187 bus
145 2158 281 2196 primum
306 2165 423 2196 ponam
452 2156 644 2189 solutionem
671 2156 773 2188 sortis.
798 2166 869 2188 narn
894 2166 930 2188 ea

62 2197 214 2228 liberatur
229 2197 360 2229 debitor
383 2198 580 2238 obligatione
605 2208 647 2230 ex
675 2207 737 2237 qua
755 2197 858 2229 usuras
876 2199 928 2229 de-

62 2238 139 2270 bet:
162 2237 285 2269 sublato
303 2248 408 2271 autem
433 2240 600 2279 principali
624 2239 759 2279 debito,
783 2249 847 2271 non
872 2248 931 2279 po-

64 2279 125 2310 test
148 2278 263 2316 usuris,
289 2280 319 2312 id
340 2279 403 2319 est,
426 2280 594 2312 acceffioni
611 2305 620 2318 ‚
642 2281 735 2313 locus
751 2280 930 2321 effel.178.

63 2319 108 2352 1).
127 2321 159 2350 de
177 2321 283 2361 regulis
300 2322 392 2362 juris.
416 2322 445 2353 δι
474 2321 538 2353 hoc
563 2322 639 2354 nulli
665 2322 796 2354 dubium
822 2322 886 2360 est,
910 2322 932 2354 fi

64 2362 193 2402 quidem
210 2369 317 2402 agatur
336 2364 376 2394 de
397 2362 513 2394 futuris
530 2363 636 2395 usuris.
660 2373 751 2402 nam,
776 2373 848 2395 curn
872 2373 931 2402 pro

62 2403 118 2434 usu
136 2401 227 2433 sortis
245 2404 420 2435 debeantur
432 2428 441 2443 ‚
465 2413 531 2435 non
546 2404 672 2444 poffunt
690 2405 843 2446 intelligi,
864 2404 933 2436 sub·

64 2445 131 2476 lato
154 2443 206 2475 usu
229 2453 287 2486 pro
311 2454 375 2485 quo
400 2446 568 2478 debentur.
610 2446 656 2478 lta
686 2445 811 2478 causam
835 2446 932 2478 habet

65 2485 201 2523 danista,
225 2487 307 2526 apud
325 2486 483 2519 Plautum.
506 2496 580 2518 cum
597 2497 691 2529 negat
715 2487 833 2518 sortem
850 2488 932 2518 acci·

65 2535 159 2598 germ
185 2526 239 2598 gisi
261 2529 344 2567 prius
369 2528 474 2561 soluto
490 2528 638 2568 soenore,
661 2527 843 2570 llioflellaria
860 2538 930 2569 3.1.

90 2577 114 2598 is
131 2578 184 2598 ver
209 2578 245 2598 is.

108 2607 171 2638 ΤΚ.
185 2610 304 2678 Ζδ’ωἰεηι
326 2611 430 2652 accipe.
455 2610 531 2643 DA.
553 2612 608 2643 imo
617 2612 732 2652 foenzts.
757 2612 787 2643 id
803 2612 933 2653 primum

146 2658 182 2678 ‘UO
195 2660 218 2680 0.

71 2685 195 2735 Eodem
216 2692 340 2732 respicit
362 2693 438 2725 illud
463 2692 658 2726 Artemidori
681 2694 731 2726 lib.
748 2704 778 2733 4.
810 2694 933 2725 Oneiro-

72 2734 163 2760 ιἪῑῑε-
187 2740 210 2760 c.
227 2735 276 2764 82.
320 2733 449 2777 Quidam
469 2733 543 2773 filius
555 2734 611 2773 fibi
627 2737 709 2775 nasci
726 2738 862 2776 cupiens,
885 2737 932 2766 vi-

64 2769 121 2809 sus
142 2767 244 2808 estfibi
258 2782 402 2806 occurrere
420 2776 555 2814 debitori,
579 2775 616 2811 &³
637 2778 763 2808 debitum
785 2777 931 2817 act-ifflre,

73 2809 111 2844 ὅθ’
133 2811 249 2857 debitori
263 2815 400 2854 epochen,
424 2815 460 2850 ὅ)
476 2823 589 2856 recepta
604 2819 701 2849 debitae
712 2820 841 2859 pecunia
858 2815 931 2858 testi-

72 2861 201 2882 monium
223 2854 289 2883 aare
304 2877 313 2892 ,
343 2863 428 2896 atque
448 2857 586 2891 somnium
606 2861 720 2900 quidem
737 2858 781 2897 fic
803 2860 931 2890 habehat.

73 2892 199 2923 Narrat⁴
219 2899 315 2926 autem
334 2898 406 2936 quod
430 2907 494 2928 cum
508 2902 687 2937 somniorum
710 2902 877 2941 interpretes
900 2902 931 2930 in

71 2934 254 2965 Alexandria
277 2936 370 2976 ipsum
387 2938 520 2978 judicare
536 2950 593 2971 non
604 2940 731 2981 paffent,
757 2943 861 2972 dubius
883 2942 932 2972 ho-

70 2985 114 3005 mo
133 2998 143 3013 ,
174 2977 311 3016 quidnam
328 2980 471 3016 somnium
493 2978 671 3022 significaret
689 3006 698 3021 ‚
720 2983 932 3024 supplicaverit

71 3015 220 3056 Serapilli.
244 3024 277 3048 ut
299 3018 352 3058 ipsi
367 3019 487 3059 aetzigma
511 3023 758 3062 interpretaretur.
803 3023 843 3054 Et
860 3024 933 3062 sane

70 3060 151 3093 visus
174 3055 214 3098 est
229 3057 287 3095 fibi
302 3083 310 3097 ‚
343 3060 465 3100 Serapin
485 3060 537 3100 ipsi
561 3065 669 3101 dicere,
691 3074 749 3096 non
771 3071 860 3095 erunt
880 3065 933 3095 tibi

974 2082 1033 2107 tur.
1079 2074 1132 2107 De
1158 2076 1329 2116 praeteritis
1359 2084 1467 2110 autem
1491 2076 1588 2110 usuris
1613 2077 1635 2110 fi
1662 2085 1823 2119 quaeratur
1839 2102 1850 2119 ‚

973 2115 1230 2158 distinguendum
1256 2117 1302 2149 est
1317 2141 1328 2157 ‚
1351 2126 1457 2150 utrum
1481 2128 1522 2151 ex
1546 2121 1770 2152 conventione
1795 2121 1851 2152 de⁶

973 2159 1133 2191 beantur:
1165 2169 1202 2190 an
1227 2159 1329 2191 aliter.
1360 2169 1433 2191 nam
1449 2183 1459 2198 ‚
1489 2160 1510 2192 fi
1534 2159 1723 2202 stipulatio,
1758 2162 1850 2194 verbi

974 2200 1073 2241 gratia
1090 2223 1098 2238 ‚
1122 2201 1359 2239 intervenerit,
1383 2210 1574 2242 quamquam
1600 2201 1719 2234 sublata
1743 2202 1851 2242 sorte,

976 2248 1080 2272 tamen
1108 2241 1206 2273 usurae
1235 2243 1406 2275 debentur.
1438 2243 1557 2284 quippe
1587 2253 1660 2276 cum
1691 2245 1763 2276 duae
1791 2244 1852 2277 sint

975 2283 1207 2323 obligationes,
1232 2293 1292 2314 una
1317 2285 1426 2322 sortis,
1457 2284 1554 2316 altera
1574 2285 1734 2317 usurarum
1758 2286 1778 2317 l.
1797 2295 1847 2327 75.

974 2323 1002 2366 §.
1016 2331 1083 2365 pen.
1107 2324 1149 2356 D.
1168 2326 1201 2355 rie
1223 2327 1373 2357 verborum
1391 2325 1611 2368 obligationibus
1624 2349 1634 2364 ,
1656 2326 1676 2357 l.
1697 2332 1725 2361 8.
1749 2326 1792 2359 D.
1815 2329 1850 2358 de

974 2375 1003 2396 eo
1019 2366 1094 2406 quod
1110 2372 1183 2397 certo
1201 2366 1276 2398 loco:
1300 2376 1340 2398 ex
1357 2367 1473 2407 quibus
1490 2366 1561 2405 illa,
1584 2376 1656 2407 quae
1674 2367 1766 2399 sortis
1783 2368 1850 2409 est,

975 2405 1122 2445 sublata,
1153 2407 1196 2439 nil
1221 2416 1308 2439 vetat
1324 2431 1333 2446 ‚
1364 2409 1444 2439 nanc
1461 2431 1472 2446 ,
1502 2417 1573 2448 quae
1600 2408 1759 2440 usurarum
1784 2410 1849 2448 est,

975 2447 1129 2484 existere3
1154 2449 1228 2488 quia
1243 2450 1274 2480 in
1291 2459 1328 2479 ea
1348 2448 1445 2480 usurae
1468 2456 1533 2480 non
1558 2457 1593 2480 ut
1608 2450 1744 2482 acceffio
1762 2453 1849 2491 prin-

975 2489 1084 2528 cipalis
1101 2490 1306 2532 obligationis
1325 2490 1502 2529 habentur3
1525 2488 1578 2522 sed
1603 2499 1638 2522 ut
1664 2492 1783 2524 debitae
1807 2502 1850 2525 ex

974 2539 1059 2561 nova
1076 2530 1183 2568 causa,
1208 2532 1239 2562 id
1256 2530 1320 2569 est,
1344 2541 1384 2562 ex
1409 2541 1493 2563 nova
1517 2531 1718 2574 obligatione
1740 2533 1760 2564 l.
1780 2543 1849 2567 121.

974 2570 1018 2602 D.
1039 2572 1073 2602 de
1087 2573 1238 2603 verborum
1252 2570 1477 2613 fignificatz'one,
1518 2572 1590 2613 Sic,
1612 2573 1634 2606 fi
1648 2583 1689 2606 ex
1704 2584 1850 2608 conveu-

976 2613 1066 2644 tione
1091 2613 1221 2644 veniant
1245 2613 1352 2645 usurae.
1375 2621 1408 2645 at
1434 2614 1455 2646 fi
1485 2614 1577 2647 aliter
1605 2615 1784 2649 debeantur
1806 2627 1850 2651 ex

975 2662 1083 2692 mora,
1107 2661 1219 2686 contra
1241 2655 1412 2687 dicendum
1436 2655 1504 2688 est:
1534 2657 1608 2697 quia
1630 2665 1697 2690 turn
1716 2667 1782 2691 non
1805 2668 1849 2692 ex

976 2696 1177 2736 obligatione
1208 2695 1455 2737 proficiscuntur
1472 2721 1481 2736 ,
1511 2696 1564 2729 sed
1588 2697 1700 2731 officio
1723 2700 1846 2740 Judicis

974 2737 1175 2776 applicantur
1199 2737 1218 2768 l.
1241 2747 1292 2778 51l-
1317 2737 1360 2769 D.
1386 2739 1493 2770 Locati
1514 2740 1675 2773 conducti:
1707 2743 1847 2783 denique

974 2787 1040 2809 non
1059 2780 1128 2809 duae
1148 2777 1217 2810 sunt
1238 2779 1469 2820 obligationes:
1492 2780 1589 2815 altera
1611 2781 1788 2822 usurarum,
1812 2791 1848 2814 ut

974 2818 1005 2850 in
1025 2817 1186 2858 superiore
1205 2819 1292 2851 casu:
1316 2820 1369 2853 sed
1390 2831 1451 2853 una
1469 2822 1626 2863 obligatio
1651 2823 1762 2863 sortis3
1786 2833 1848 2863 qua

974 2868 1032 2901 per
1057 2860 1249 2894 solutionem
1274 2861 1480 2903 consumpta,
1505 2873 1566 2896 nec
1583 2864 1685 2904 aCtio,
1710 2874 1769 2896 nec
1790 2864 1844 2904 Ju-

975 2902 1055 2932 dicis
1079 2900 1219 2934 officium
1236 2926 1246 2943 ‚
1278 2913 1339 2935 nec
1362 2904 1522 2937 usurarum
1553 2906 1670 2946 petitio
1696 2904 1845 2946 superest.

974 2942 1082 2982 Atque
1102 2942 1166 2975 hoc
1189 2943 1466 2987 Hermogenianus
1489 2947 1636 2987 indigitat
1659 2947 1678 2977 l.
1692 2956 1741 2985 49.
1766 2945 1795 2989 §.
1815 2955 1845 2978 1.

974 2983 1017 3014 D.
1038 2985 1071 3015 de
1095 2984 1252 3017 ustionibus
1273 2989 1361 3027 empti
1384 2987 1421 3023 &⁹
1446 2989 1577 3019 venditi:
1602 2996 1676 3019 cum
1698 2987 1739 3018 fic
1764 2986 1844 3019 defi-

975 3025 1040 3064 nit,
1066 3024 1164 3057 Preziz·
1180 3026 1262 3066 sorte
1276 3051 1287 3068 ,
1311 3028 1375 3060 licet
1395 3028 1457 3070 post
1478 3039 1587 3060 moram
1604 3028 1725 3068 soluta,
1748 3029 1846 3069 usura

972 3068 1032 3106 peti
1053 3076 1110 3098 non
1129 3068 1266 3109 poffunt,
1288 3080 1354 3101 cum
1378 3071 1419 3102 hae
1440 3079 1498 3102 non
1516 3069 1579 3108 sint
1602 3069 1634 3099 in
1656 3069 1845 3111 obligatione,

65 3097 140 3145 filii:
163 3101 213 3140 qui
234 3102 310 3130 enim
333 3103 456 3142 apocherz
480 3104 627 3142 exhibuit,
650 3107 769 3144 usuram
784 3116 841 3141 non
857 3107 933 3137 acci·
965 3107 1021 3148 sed
1042 3107 1132 3149 officio
1155 3110 1273 3150 Judicis
1298 3110 1481 3152 praestentar.
1526 3110 1677 3150 idemque
1705 3110 1774 3142 est:
1805 3110 1846 3151 fi,

66 3147 121 3180 ρει.
146 3140 304 3181 appellatur
330 3150 425 3174 autem
449 3142 558 3174 Graecis
581 3148 670 3177 omnis
691 3153 797 3186 partus
822 3157 855 3177 ac
890 3157 934 3179 ro-

66 3187 177 3222 gnatus
188 3181 272 3223 filius
290 3184 394 3224 vineo,
418 3193 477 3226 qua
493 3193 560 3217 voce
581 3189 668 3219 etiam
682 3188 772 3229 usura
785 3154 933 3230 figmssca-

976 3158 1047 3180 cum
1071 3149 1169 3182 usurae
1186 3152 1296 3184 officio
1311 3152 1429 3192 Judicis
1449 3151 1625 3183 debeantur
1648 3151 1679 3183 in
1696 3152 1791 3184 bonae
1809 3153 1846 3185 fi-

974 3189 1026 3224 dei
1047 3191 1195 3233 judiciis,
1219 3193 1322 3234 Judex
1339 3203 1390 3225 eas
1410 3195 1441 3225 iu
1466 3192 1739 3227 condemnatione
1749 3196 1862 3267 soniti-¹
