2036 3495
491 115 563 150 Dn
601 115 795 150 Paci-rs
838 123 898 147 ET
941 114 1485 153 TRANsacrroNrnns.

89 213 128 235 ve
146 211 303 245 perpetuo
315 227 325 244 ,
341 205 404 237 sive
421 214 520 244 usque
534 204 572 236 ad
590 211 696 235 certos
714 211 833 247 annos:
850 202 878 233 6:
895 202 956 249 sixje

87 246 119 276 in
139 245 275 288 singulos
294 246 414 278 menses
427 271 435 285 ,
460 246 521 278 sive
542 247 571 277 in
590 245 725 285 singulos
740 246 808 275 dies
821 269 829 283 ‚
849 244 955 276 sivein

87 285 221 328 singulos
237 297 347 319 annos.
379 288 480 319 solent
505 289 588 318 enim
609 288 754 318 alimenta
775 285 956 332 fietempo·

88 330 174 360 ribus
192 328 432 366 &pensionibus
450 329 564 360 dividi:
580 336 676 368 atque
693 328 722 358 in
741 327 889 358 omnibus
908 328 955 359 his

88 370 207 402 casibus
233 369 347 401 Oratio
370 370 477 402 locuni
505 369 599 401 habet
623 371 649 414 tl
666 368 685 398 l.
708 373 735 402 8.
752 368 780 409 §-
797 378 832 408 3:
858 371 954 414 inodo

88 412 165 451 quid
182 412 403 443 alimentorum
426 410 513 442 causa
532 411 567 442 sit
583 409 736 442 reerlum.
770 419 840 440 nam
860 410 879 440 si
897 410 953 440 lio-

88 453 163 485 mini
184 452 370 484 honestioris
383 453 443 484 loci
462 452 565 483 resista
577 452 606 482 in
619 460 717 482 annos
734 451 868 491 singulos
885 450 954 481 fue-

86 495 128 526 rit
154 503 239 526 certa
264 494 440 535 quantitas:
465 493 584 533 poterit
610 492 776 538 transactio
795 492 856 523 sine
875 491 953 522 Prae·

87 543 159 567 tore
178 535 255 566 fieri.
288 535 341 566 etsi
362 536 444 566 enim
461 535 609 565 alimenta
626 533 695 565 fere
712 534 769 565 sint
788 542 884 564 onera
901 542 952 564 an-

85 586 166 615 nua,
191 577 240 607 vel
265 575 438 613 menstrua,
463 576 513 606 vei
539 576 648 606 diurna
672 575 690 605 i.
711 580 738 609 8.
765 575 835 614 inf.
858 574 896 605 l).
921 577 954 605 cle

86 618 228 649 alimentis
244 618 360 658 legatis,
374 625 476 649 tamen
490 626 553 648 non
572 626 668 648 omne
685 617 771 656 quod
788 615 831 647 est
849 616 878 662 in
897 615 952 647 sin·

83 660 176 700 gulos
203 668 303 690 annos
330 666 382 689 aut
407 657 526 690 menses
544 658 700 699 legatum,
724 658 862 689 alimenti
881 666 951 687 cau-

84 701 146 731 sam
172 700 284 730 habet:
309 708 380 730 cum
407 700 485 740 i'aepe
504 700 632 731 lionoris
649 698 737 745 eausa
759 699 952 738 relinquatur

84 742 182 772 veluti
208 740 346 772 salarium
371 750 526 779 annuum,
551 742 600 772 vel
629 740 816 771 ususfructus
839 743 865 769 ιί.
885 740 902 769 l.
923 743 951 784 8.

82 781 111 825 §.
129 792 177 814 2³.
200 781 246 813 Sit
262 791 497 822 argumentum:
522 782 608 822 quod
632 781 662 812 in
683 780 818 822 Digestis
836 779 880 811 cst
899 781 952 811 ali-

85 834 120 854 us
136 823 141 829 '
164 823 262 855 'iturus
279 823 323 854 Dr
334 828 441 855 anniiz‘s
455 824 575 865 legerim
592 823 668 853 alius
687 822 732 853 De
746 822 890 853 alimentis
905 821 952 852 vel

82 865 215 895 cibariis:
230 865 325 903 item,
343 866 428 904 quod
445 866 550 896 cautio
562 888 570 902 ‚
585 865 617 895 Si
629 864 678 894 cui
697 865 765 909 plus
783 871 950 907 quamper

82 904 203 946 Legem
229 905 417 945 Falcidiam,
440 907 643 937 alimentariis
668 909 797 945 quidem
816 912 949 949 remitti·

83 955 150 978 tur:
175 947 224 977 sed
250 957 314 978 non
339 947 376 978 iis
403 956 533 987 quoque
556 948 669 988 quibus
689 948 824 986 legatum
841 944 949 975 furtin

83 997 182 1020 annos
206 987 341 1028 singulos
358 990 376 1019 l.
396 999 424 1030 3.
442 989 469 1030 ᾗ.
485 999 514 1027 4.
534 988 574 1019 D.
606 988 638 1019 Si
660 989 707 1018 ciii
720 987 784 1027 pitis
800 993 951 1031 quani—per

83 1029 191 1069 Legem
207 1026 363 1060 Ericinium
378 1031 395 1060 l.
410 1039 433 1061 1.
452 1030 541 1072 §.16.
561 1029 600 1060 D.
620 1028 671 1060 Ad
688 1027 950 1072 legeiitizlct'dzaiiz.

82 1069 216 1102 Interest
232 1071 326 1111 igitur
345 1073 426 1102 inter
442 1080 542 1102 annua
556 1070 805 1111 legata&annua
823 1068 952 1114 alimen-

85 1120 116 1142 ta
134 1113 244 1152 legata.
271 1113 311 1144 dc
326 1114 371 1142 liis
393 1122 487 1144 nemo
504 1111 612 1152 potest
628 1110 814 1150 transigei·e;
838 1109 950 1148 qualis-

83 1162 222 1193 cumque
245 1151 279 1184 sit
297 1177 306 1190 ‚
341 1154 522 1191 libertinus,
547 1162 584 1183 an
608 1152 780 1197 ingenuus3
805 1151 948 1197 locuples

81 1193 172 1232 satis,
195 1204 232 1225 an
258 1203 376 1234 pauper
398 1196 426 1225 ci.
450 1195 469 1225 l.
494 1199 522 1228 8.
548 1193 576 1235 §.
603 1202 639 1238 74:
661 1195 693 1224 i'n
708 1193 770 1237 illis
788 1190 947 1237 distingui3

83 1245 181 1273 mus;
206 1243 307 1266 utrum
334 1234 370 1266 sit
394 1236 523 1266 lionoris
548 1236 634 1264 causa
658 1233 801 1264 relietum
826 1232 949 1278 homini

83 1275 255 1307 honestiori
279 1276 365 1315 quod
392 1275 427 1307 sit
451 1285 508 1315 pro
533 1275 687 1315 dignitate
713 1275 798 1318 ej·us;
821 1282 859 1303 an
877 1273 948 1303 reli-

79 1317 165 1348 ssum
191 1316 226 1348 sit
252 1319 299 1347 cui
326 1317 412 1356 inopi
432 1315 651 1347 misericordiae
667 1315 775 1353 causa,
797 1323 949 1353 quantum

82 1359 111 1388 ci
133 1356 261 1389 sufficiat
276 1359 314 1389 ad
331 1359 477 1389 alimenta
495 1358 514 1388 l.
533 1361 561 1388 6.
575 1356 615 1388 D.
627 1359 659 1387 de
670 1355 783 1397 ceffione
799 1357 951 1386 bonorum.-

81 1399 182 1430 altero
199 1398 268 1429 casu
288 1399 428 1430 relit'tum
455 1399 596 1429 alimenti
615 1398 717 1428 vicem
736 1397 884 1428 babebit:
907 1398 950 1427 al-

81 1447 152 1471 tero
170 1440 305 1479 legatum
329 1441 488 1471 videbitur
512 1448 672 1479 tamquam
691 1439 829 1470 salai-ium
848 1446 902 1468 aut
919 1447 950 1483 u-

81 1480 251 1512 susfruttus
267 1483 285 1512 ci
312 1481 330 1511 i.
351 1486 381 1515 8.
400 1481 428 1522 §.
448 1491 497 1521 23.
539 1481 611 1519 Sic3
635 1480 655 1512 si
680 1480 774 1511 divisa
800 1488 951 1520 tempori-

80 1521 139 1553 bus
154 1529 206 1553 aut
223 1522 424 1562 pensionibus
442 1521 499 1553 sint
518 1524 679 1553 alimenta.
830 1563 835 1569 .

124 1564 192 1594 imo
212 1564 310 1604 inquit
330 1562 484 1602 Ulpianus
503 1565 530 1594 sl.
547 1563 566 1596 l.
586 1567 613 1597 8.
634 1563 662 1604 §.
679 1573 719 1601 4,
743 1562 772 1593 ὰ
790 1560 811 1593 si
828 1569 950 1609 integra

82 1606 238 1645 quantitas
254 1605 346 1636 alicui
363 1605 459 1636 fuerit
479 1605 598 1645 legata,
614 1613 648 1635 ut
663 1614 703 1635 ex
721 1602 817 1634 usuris
834 1613 899 1644 ejus
919 1603 949 1634 se

82 1647 142 1678 alat
158 1669 167 1685 ‚
191 1647 220 1678 ἃ
243 1645 358 1678 s‘ortern
385 1646 496 1677 mortis
522 1654 667 1685 tempore
690 1645 852 1684 restituat3
876 1645 951 1676 licet

82 1696 147 1719 non
163 1689 193 1718 in
211 1697 310 1718 annos
331 1687 466 1727 singulos
483 1685 520 1717 sit
537 1686 663 1724 reliela,
681 1693 784 1718 tamen
803 1695 868 1717 non
884 1695 950 1717 ces·

80 1727 159 1759 sabit
183 1727 312 1759 Oratio:
337 1729 410 1768 quia
437 1727 568 1765 sufficit,
593 1727 732 1759 relictam
755 1726 837 1765 esse,
864 1735 898 1758 ut
918 1726 950 1758 se

79 1770 143 1801 ‚alat
160 1779 202 1801 ex
219 1769 314 1800 usuris
336 1770 421 1809 ejus:
446 1768 475 1799 δε
493 1767 606 1799 Oratio
623 1769 770 1800 omnibus
787 1767 950 1808 prospexit

82 1811 186 1843 modis
213 1810 325 1849 quibus
349 1810 386 1841 fit
411 1810 603 1850 periculum,
629 1819 669 1841 ne
687 1809 772 1841 fame
791 1818 949 1850 prematur

82 1852 313 1883 alimentarias:
335 1852 386 1882 cui
404 1851 435 1883 in
450 1851 683 1892 longitudinem
699 1850 878 1882 consultum
895 1860 951 1883 vo-

83 1893 140 1926 luit
158 1893 298 1924 testator.

125 1932 178 1965 De
195 1944 234 1965 eo
253 1934 383 1973 dubito,
406 1943 443 1964 an
461 1932 576 1965 Oratio
597 1934 706 1965 locuta
732 1933 902 1974 praesertim
918 1933 954 1965 sit

84 1974 124 2005 de
140 1975 275 2015 pecunia
291 1975 328 2006 ad
346 1976 495 2006 alimenta
513 1974 629 2006 relicta.
648 1975 677 2006 ὃς
696 1984 801 2007 tamen
818 1985 882 2007 non
899 1976 952 2007 du-

81 2015 170 2054 bito,
194 2015 214 2047 fi
244 2018 293 2048 cui
318 2025 382 2047 non
411 2026 555 2047 nummus
571 2016 668 2047 fuerit
684 2018 722 2047 ad
738 2018 887 2048 alimenta
903 2026 950 2047 re-

82 2056 190 2093 littus,
215 2056 266 2088 sed
282 2056 499 2096 frumentum,
522 2066 619 2097 atque
639 2058 766 2096 oleum,
789 2058 819 2089 ἀ
836 2066 951 2089 caetera

83 2101 123 2128 ad
139 2098 254 2129 vietum
272 2098 457 2129 necessaria:
474 2099 549 2139 quin
569 2099 647 2129 velit
665 2100 765 2137 ratio,
782 2108 816 2129 ut
833 2108 894 2130 nec
911 2099 950 2129 de

82 2139 129 2170 his
151 2139 317 2180 transigere
347 2140 438 2179 poffit
458 2163 466 2178 ‚
497 2139 678 2170 inconsulto
703 2139 863 2178 Praetore3
887 2139 950 2171 five

83 2188 201 2216 annua,
218 2180 280 2211 five
296 2180 452 2212 menstrua
468 2181 495 2211 ei
515 2181 732 2221 relinquantur
748 2183 776 2211 d.
789 2181 844 2215 l.8.
858 2181 885 2223 §.
897 2192 946 2221 24.

124 2221 209 2252 Idem
226 2222 394 2253 dicendum
412 2221 468 2257 est.
492 2221 512 2253 si
531 2221 664 2253 fundum
678 2223 718 2253 ad
735 2223 883 2254 alimenta
901 2233 947 2253 re-

83 2261 189 2293 lietum
201 2285 210 2299 ‚
235 2262 423 2299 distrahere,
437 2271 490 2294 aut
505 2264 544 2294 de
562 2273 601 2293 eo
619 2262 784 2304 transigere
804 2265 881 2295 velit
897 2264 948 2295 ali-

82 2303 255 2334 mentarias
271 2305 298 2333 cl.
318 2304 337 2334 i.
360 2308 387 2338 8.
404 2303 431 2345 §.
455 2313 509 2342 15:
533 2303 588 2335 etsi
612 2306 693 2335 enim
721 2306 760 2336 de
779 2306 840 2335 boc
859 2305 948 2336 silent

84 2343 246 2375 Orationis
261 2345 375 2383 verba,
393 2354 496 2376 tamen
515 2344 667 2376 sententia
685 2344 847 2377 Orationis
862 2355 948 2378 com-

81 2385 310 2423 prehenditur:
335 2396 373 2417 ne
397 2387 662 2417 circumveniatur
689 2387 835 2419 voluntas
860 2387 948 2418 testa-

83 2427 178 2464 toris,
203 2428 266 2457 hoc
288 2427 408 2467 agentis
426 2426 528 2458 fundo
543 2428 581 2459 ad
599 2430 745 2458 alimenta
762 2429 889 2469 legat03
914 2436 948 2459 ut

83 2466 292 2498 alimentarius
320 2468 450 2499 haberet
470 2478 534 2499 non
557 2477 678 2499 tantum
698 2469 787 2500 fundi
805 2469 949 2507 fructus,

86 2505 138 2537 sed
154 2509 246 2539 etiam
265 2511 492 2548 proprietatem
511 2510 531 2540 l.
550 2519 577 2548 4.
597 2509 639 2540 D.
663 2512 695 2540 cie
714 2511 856 2541 alimentis
873 2512 948 2552 lega-

87 2547 134 2576 tis.
158 2548 199 2578 ita
217 2558 281 2580 non
298 2551 436 2581 debebat
453 2551 627 2591 benignitas
646 2551 727 2582 datae
744 2553 948 2591 proprietatis

87 2586 149 2617 ess‘e
170 2590 200 2619 in
226 2589 330 2628 causa,
353 2600 387 2621 ut
406 2592 571 2630 legatarius
589 2601 629 2622 eo
647 2594 762 2633 magis,
786 2593 838 2624 sed
856 2602 889 2623 ut
907 2603 947 2623 co

85 2628 189 2658 minus
212 2628 341 2661 haberet
361 2632 409 2671 ius
432 2633 471 2663 de
496 2642 533 2663 ea
550 2632 753 2674 transigendi:
775 2643 815 2664 ne
831 2635 948 2673 periret

85 2669 186 2706 pietas
204 2668 356 2702 testatoris
372 2672 420 2710 ei,
444 2681 535 2712 quam
560 2681 665 2712 potuit
684 2675 885 2713 amplissime,
907 2678 947 2705 de

86 2710 242 2740 alimentis
259 2712 453 2749 providentis
462 2736 471 2750 ,
482 2715 576 2745 etiam
587 2715 733 2746 concess'a
743 2719 948 2756 proprietate.

125 2749 230 2789 AEque
247 2751 383 2790 placuit,
407 2762 446 2784 ne
463 2763 661 2794 quacumque
679 2757 737 2787 alia
754 2758 877 2788 ratione
894 2756 949 2787 fiat

86 2792 226 2821 deterior
243 2791 332 2821 causa
349 2793 578 2825 alimentorum.
603 2796 704 2837 finge:
727 2797 842 2829 fundus
860 2797 948 2828 testa-

85 2840 197 2863 mento
214 2831 258 2862 est
269 2832 424 2873 obligatus
442 2834 472 2865 in
491 2836 686 2868 securitatem
702 2839 947 2870 alimentorum:

87 2873 193 2912 (quod
214 2873 292 2903 iulet
309 2871 375 2903 fieri
392 2874 411 2904 l.
432 2883 478 2906 12.
497 2875 538 2906 I).
560 2877 591 2905 cie
609 2879 713 2908 annuis
729 2880 841 2920 legatis.
859 2879 878 2909 l.
899 2883 947 2910 26.

84 2914 127 2945 D.
146 2916 179 2945 tle
192 2915 379 2954 pigner-antia
397 2914 522 2955 aarum)
546 2926 609 2947 non
638 2919 742 2957 potest
757 2921 947 2951 alimentari-

85 2965 121 2986 us
147 2955 294 2993 efficere,
320 2963 354 2986 ut
377 2956 401 2986 is
418 2955 532 2988 fundus
549 2958 716 2997 liberetur,
742 2961 796 2992 nisi
814 2963 950 2991 interve·

85 2997 195 3027 niente
220 2996 358 3027 Praetore
377 2997 403 3026 d.
422 2996 440 3026 l.
460 3001 488 3030 8.
505 2996 534 3038 §.
555 3006 606 3036 15:
630 3002 702 3038 quia
727 3000 788 3031 hoc
804 3002 884 3041 agit,
908 3011 948 3032 ne

84 3036 138 3068 fibi
165 3046 250 3068 certa
274 3036 331 3068 sint
353 3038 501 3068 alimenta
525 3046 593 3078 quae
620 3039 750 3071 testator
765 3043 792 3072 ei
810 3043 950 3082 pignoris

85 3079 227 3109 remedio
245 3087 330 3108 certa
347 3078 408 3109 esic
427 3079 539 3109 voluit.

128 3117 253 3150 Deinde
270 3120 311 3148 ait
323 3119 435 3150 Oratio
447 3143 455 3158 ,
470 3120 520 3150 Ne
535 3121 688 3152 transactio
705 3122 902 3154 ‹illinenioruiiz
918 3135 949 3156 a·

86 3159 148 3190 liter
166 3166 231 3190 rata
245 3160 324 3200 efflet,
349 3171 436 3201 qnam
451 3162 578 3191 auctore
598 3162 840 3203 l’raetoi·efa&a.
873 3165 950 3197 Vult

82 3201 178 3241 igitur
192 3208 288 3242 qua-'ri
299 3203 381 3242 apud
397 3202 566 3234 Praetorem
577 3225 585 3242 ,
597 3213 633 3236 an
650 3205 679 3236 &
694 3214 763 3246 quae
779 3207 947 3239 transactio

1801 133 1872 166 439

999 202 1066 234 fieri
1084 203 1209 236 debeat.
1233 214 1294 237 nec
1310 206 1544 247 peffunfflnie,
1568 207 1619 239 scd
1637 208 1823 251 diiigenter,
1841 210 1871 242 <Sc

1000 254 1034 275 ut
1057 244 1210 283 Ulpianus
1226 248 1253 278 d.
1268 249 1286 278 l.
1305 253 1334 282 8.
1351 248 1380 290 ἓ.
1399 252 1426 281 8.
1451 249 1512 287 ait,
1537 251 1577 281 de
1601 250 1681 281 istis:
1705 261 1734 282 in
1760 252 1870 292 primis

999 287 1039 316 de
1057 287 1144 317 causa
1162 288 1398 322 mansuetionis:
1423 290 1494 321 dein
1512 292 1551 321 de
1566 292 1690 324 modo?
1715 301 1811 324 tertio
1829 295 1869 324 de

999 327 1131 366 persona
1148 329 1394 370 transigendum.
1442 330 1473 362 ln
1498 332 1587 363 causa
1608 333 1671 364 boc
1688 337 1749 365 erit
1765 335 1868 375 requi-

998 369 1148 408 rendum,
1173 379 1243 409 qua:
1261 371 1348 402 caula
1371 372 1405 404 sit
1423 373 1629 414 transigendi:
1651 374 1714 407 sine
1732 375 1820 407 causa
1837 385 1868 407 e-

997 418 1061 440 nim
1081 411 1240 442 neminem
1259 413 1481 454 transigentem
1500 419 1606 446 audiet
1626 416 1758 447 Praetor.
1784 417 1865 450 Cau-

999 449 1035 480 sae
1052 449 1121 482 fere
1139 451 1316 491 hujusmodi
1342 455 1443 486 solent
1459 456 1603 496 allegari:
1626 456 1646 488 si
1670 458 1744 489 alibi
1766 459 1867 490 domi-

997 491 1103 523 cilium
1121 492 1213 523 heres
1225 517 1233 532 ‚
1249 495 1320 526 alibi
1333 497 1545 528 alimentarias
1562 498 1691 530 babeat:
1709 508 1762 530 aut
1778 500 1799 531 si
1815 502 1869 531 de-

996 532 1090 563 stinet
1116 534 1312 567 domicilium
1333 536 1502 569 transferre
1527 539 1606 569 alter
1622 549 1750 571 corum:
1773 549 1827 571 aut
1843 539 1864 572 si

997 574 1085 604 causa
1112 577 1213 615 aliqua
1239 587 1348 617 urgeat
1372 578 1530 619 prmsentis
1548 581 1707 620 pecuniae:
1733 591 1785 612 aut
1809 582 1828 613 si
1847 592 1865 612 a

996 615 1138 655 pluribus
1156 626 1182 647 ei
1201 618 1349 650 alimenta
1366 620 1471 651 reliCta
1488 620 1562 659 sint,
1575 622 1603 652 (it
1615 623 1791 658 minutatim
1809 623 1866 654 sin-

995 657 1088 699 gulos
1114 661 1289 690 convenire
1311 662 1339 692 ei
1368 661 1497 694 difficile
1522 662 1576 693 sit:
1600 672 1651 693 aut
1677 664 1696 694 si
1720 673 1781 704 qua
1804 664 1863 695 alia

995 700 1082 728 caula
1100 697 1179 737 fuit,
1204 709 1238 730 ut
1258 701 1362 740 piures
1380 703 1483 734 soient
1499 703 1639 735 incidere
1656 714 1726 744 quae
1743 705 1863 736 i‘raeto-

995 739 1019 769 ri
1036 738 1202 778 suadeant,
1227 744 1471 776 transactionem
1497 746 1676 776 admittere.
1702 748 1729 776 d.
1748 747 1767 776 l.
1786 747 1812 779 Β.
1833 746 1862 787 §.

994 788 1023 815 9.
1049 779 1169 811 Modus
1182 791 1312 823 quoque
1327 787 1470 824 pecunias
1487 795 1558 826 quae
1573 787 1603 818 in
1620 787 1863 820 transafflonem

995 820 1101 864 venit,
1126 820 1324 855 aestimandus
1348 827 1409 857 est:
1434 835 1544 867 utputa
1567 828 1726 867 quantitas
1745 837 1862 860 transa-

992 860 1125 893 ctionis:
1150 871 1221 894 nam
1243 865 1340 896 etiam
1366 877 1406 898 ex
1430 871 1529 899 modo
1546 869 1625 900 fides
1643 870 1862 901 transactionis

996 900 1207 934 aestimabitur.
1251 908 1364 936 modus
1388 917 1495 940 autem
1523 919 1580 949 pro
1607 919 1699 942 aetate
1721 911 1785 951 ejus
1809 912 1863 951 qui

996 942 1150 982 transigit,
1175 945 1372 977 arbitrandus
1389 949 1451 985 cst,
1469 951 1497 980 ἃ
1517 952 1717 984 valetudine:
1742 962 1814 983 nam
1831 964 1864 984 a·

994 983 1048 1014 lias
1066 993 1137 1015 cum
1158 994 1275 1024 puer0,
1300 988 1373 1018 alias
1390 998 1462 1020 cum
1479 991 1615 1030 juvene,
1639 994 1712 1025 alias
1728 1003 1800 1024 cum
1820 993 1863 1025 se-

993 1034 1034 1056 ne
1057 1026 1198 1067 transigi,
1223 1028 1324 1068 palam
1348 1029 1409 1060 est:
1434 1031 1557 1063 constat
1581 1034 1665 1066 enim
1681 1058 1690 1073 ‚
1714 1036 1864 1067 alimenta

992 1073 1066 1097 cum
1085 1067 1148 1097 vita
1165 1067 1245 1099 finiri
1263 1071 1290 1099 d.
1307 1069 1326 1099 l.
1349 1074 1377 1104 8.
1396 1070 1423 1111 §v
1448 1081 1493 1103 io.
1539 1074 1598 1106 Sed
1616 1076 1643 1106 ἂ
1661 1075 1864 1116 personarum

992 1109 1227 1148 contemplatio
1253 1110 1397 1142 habenda
1421 1112 1483 1144 est:
1510 1114 1573 1145 hoc
1597 1116 1659 1154 est,
1683 1118 1771 1157 cujus
1790 1119 1863 1149 vitae

992 1148 1049 1179 sint
1076 1148 1105 1179 hi
1132 1149 1245 1191 quibus
1264 1151 1410 1183 alimenta
1425 1154 1533 1185 rencia
1550 1155 1636 1189 sunt:
1660 1166 1764 1190 utrum
1781 1158 1865 1199 frugi

992 1191 1068 1220 vitae
1084 1193 1135 1230 qui
1165 1191 1239 1221 alias
1257 1192 1399 1224 sufficere
1419 1194 1471 1225 sibi
1497 1197 1633 1235 possint,
1657 1207 1694 1228 an
1711 1198 1863 1239 sequioris

993 1231 1096 1270 quide
1114 1232 1272 1264 alimentis
1285 1235 1453 1274 pendeant.
1478 1235 1511 1267 In
1531 1237 1664 1277 persona
1682 1239 1747 1279 ejus
1762 1249 1778 1271 a
1796 1249 1862 1280 quo

992 1272 1141 1303 alimenta
1165 1274 1272 1305 relicta
1296 1274 1382 1314 sunt,
1408 1276 1477 1307 haec
1501 1287 1595 1310 erunt
1620 1279 1807 1319 specienda:
1831 1283 1862 1313 in

992 1313 1107 1353 quibus
1128 1313 1196 1345 sunt
1219 1315 1442 1356 facultatibus,
1466 1319 1553 1358 cujus
1578 1321 1751 1360 propositi,
1775 1323 1863 1362 cujus

992 1355 1174 1394 opinionis:
1198 1364 1274 1388 tunc
1299 1360 1384 1390 enim
1409 1361 1601 1400 apparebit,
1626 1363 1780 1402 numquid
1803 1365 1863 1395 cir-

993 1398 1179 1428 cumvenire
1190 1399 1265 1429 velit
1276 1408 1432 1432 eumcum
1443 1410 1507 1441 quo
1519 1403 1722 1444 tranfigurat.
1735 1404 1798 1446 8.§.
1817 1415 1862 1437 11.

1033 1436 1110 1468 Vult
1129 1438 1224 1479 igitur
1238 1438 1373 1479 Oratio,
1391 1451 1431 1472 ne
1453 1442 1676 1477 alimentorum
1695 1447 1863 1478 transactio

991 1477 1046 1509 fiat
1062 1479 1171 1519 aliter,
1195 1490 1287 1520 quam
1303 1481 1393 1513 causa
1407 1492 1424 1513 a
1442 1482 1582 1515 Praetore
1600 1489 1740 1526 cognita.
1766 1488 1862 1527 quid,

991 1519 1013 1551 fi
1037 1519 1159 1552 Praetor
1185 1522 1303 1561 aditus,
1327 1522 1502 1562 permiserit
1528 1526 1652 1567 transigi
1671 1528 1748 1558 citra
1765 1528 1863 1558 causae

992 1562 1214 1601 cognitionem
1232 1563 1249 1594 ἱ)
1279 1565 1393 1596 nullius
1418 1567 1573 1597 momenti
1599 1575 1660 1598 erit
1680 1568 1863 1601 transactio.

992 1601 1038 1634 est
1055 1604 1139 1634 enim
1153 1613 1190 1634 ea
1209 1613 1257 1637 res
1274 1604 1404 1637 Praetori
1421 1608 1589 1647 quaerenda
1607 1608 1863 1648 commiffa,non

993 1645 1203 1685 negligenda,
1227 1655 1287 1677 nec
1310 1647 1468 1679 donanda.
1500 1648 1553 1680 s'ed
1571 1649 1600 1680 δε
1618 1648 1641 1680 fi
1656 1659 1723 1681 non
1739 1651 1779 1682 de
1796 1660 1864 1684 om-

993 1685 1084 1718 nibus
1107 1685 1280 1727 inquisierit
1304 1696 1373 1728 quae
1398 1687 1514 1721 Oratio
1539 1691 1684 1731 mandat;
1709 1691 1772 1723 hoc
1798 1691 1863 1732 est,

992 1728 1032 1759 de
1050 1727 1157 1766 causa,
1181 1729 1222 1759 de
1239 1730 1338 1761 modo
1350 1753 1360 1768 ,
1384 1730 1424 1762 de
1449 1730 1591 1771 personis
1609 1732 1865 1774 transigentium:

993 1769 1162 1800 dicendum
1177 1769 1241 1809 est,
1263 1771 1408 1811 quamvis
1424 1772 1464 1804 de
1481 1773 1671 1813 quibusdam
1687 1774 1863 1816 quaefierit‚

992 1810 1112 1841 irritam
1130 1810 1193 1842 esse
1210 1812 1454 1845 transactionem
1470 1815 1498 1844 d.
1516 1814 1536 1846 l.
1556 1819 1584 1849 8.
1603 1814 1631 1856 §.
1653 1824 1699 1853 17.

1032 1849 1112 1882 Vult
1128 1852 1223 1892 igitur
1233 1851 1601 1893 Oratio,alimentorum
1619 1857 1865 1891 transaffionem

993 1891 1081 1931 fieri,
1105 1892 1247 1924 Praetore
1272 1895 1418 1927 auftore:
1441 1897 1579 1928 maxime
1602 1898 1634 1929 in
1661 1897 1760 1931 Urbe.
1792 1909 1865 1932 nam

995 1934 1026 1964 in
1050 1934 1215 1974 provincia
1242 1935 1383 1969 Praesidis
1402 1937 1446 1968 est
1463 1939 1608 1978 cognitio
1627 1940 1654 1971 cl.
1670 1940 1690 1970 l.
1709 1945 1738 1974 8.
1755 1940 1784 1982 §.
1808 1945 1863 1976 18:

996 1983 1061 2006 non
1079 1976 1166 2015 quod
1183 1976 1248 2016 ejus
1266 1979 1410 2009 meminit
1427 1977 1560 2018 Oratio;
1584 1980 1636 2011 sed
1654 1983 1741 2021 quod
1758 1983 1866 2013 omnia

995 2017 1202 2055 provincialia
1226 2018 1376 2050 desideria
1402 2028 1470 2059 quse
1489 2019 1599 2052 Romae
1622 2023 1725 2053 varios
1745 2022 1865 2054 habent

992 2056 1138 2097 judices,
1155 2059 1193 2089 ad
1211 2059 1351 2090 officium
1372 2060 1537 2092 Praefiaum
1553 2063 1713 2103 pertinent
1729 2063 1748 2094 l.
1765 2073 1808 2095 10.
1825 2063 1863 2099 ἐπ’)
1885 2096 1888 2101 ,

997 2106 1042 2130 ii.
1062 2098 1103 2129 D.
1123 2102 1156 2129 cie
1167 2098 1256 2139 officio
1275 2100 1442 2138 Prctficium.
1468 2101 1566 2145 Quod
1583 2103 1604 2134 si
1621 2113 1636 2134 a
1656 2104 1733 2135 fisco
1753 2113 1865 2144 petan-

993 2148 1044 2170 tur
1061 2140 1228 2179 alimenta;
1246 2142 1338 2173 etiam
1352 2143 1435 2182 apud
1450 2143 1693 2176 Procuratorem
1711 2145 1777 2177 fici-i
1790 2156 1864 2187 pos-

992 2181 1021 2211 se
1040 2181 1281 2213 transactionem
1300 2206 1309 2221 ‚
1339 2181 1493 2224 Ulpianus
1511 2185 1617 2216 scribit
1634 2189 1659 2216 ct.
1677 2186 1697 2217 l.
1717 2192 1745 2221 8.
1763 2187 1791 2228 §.
1814 2197 1861 2224 ¹9·

991 2222 1162 2304 seelundigm
1187 2231 1257 2262 qua:
1285 2226 1314 2255 ἃ
1336 2227 1418 2266 apud
1443 2225 1617 2260 Praefectos
1640 2227 1754 2260 AErarii
1773 2230 1862 2270 pofi'e

990 2265 1018 2294 d.
1048 2268 1097 2297 .8.
1140 2288 1144 2291 .
1166 2272 1210 2299 19.

1034 2303 1077 2334 Ut
1097 2305 1191 2344 igitur
1210 2306 1311 2337 valeat
1327 2308 1497 2339 transactio
1514 2308 1555 2340 de
1574 2310 1748 2349 alimentis,
1764 2311 1860 2343 intet-

993 2346 1100 2376 venire
1126 2346 1223 2377 debet
1246 2347 1393 2380 Praetoris
1416 2351 1520 2381 notio.
1553 2348 1605 2381 sed
1625 2360 1729 2382 utrum
1746 2351 1860 2391 ipsius,

991 2396 1028 2416 an
1047 2386 1076 2417 &
1095 2389 1303 2420 mandatarii?
1326 2389 1378 2421 scd
1405 2398 1504 2430 puto,
1527 2391 1630 2430 ipsius.
1663 2402 1734 2423 nani
1754 2402 1788 2424 ut
1803 2392 1861 2425 Ul-

991 2428 1101 2466 pianus
1118 2428 1160 2458 ait
1176 2430 1204 2460 d.
1220 2429 1240 2461 l.
1251 2435 1278 2464 8.
1295 2431 1324 2471 §.
1347 2435 1383 2464 18
1394 2454 1403 2469 ,
1420 2440 1480 2462 nec
1496 2433 1644 2463 mandare
1659 2442 1699 2464 ex
1717 2434 1777 2465 hac
1790 2444 1862 2466 cau-

991 2468 1019 2498 sa
1032 2469 1280 2508 iurisdietionem
1299 2472 1347 2503 vel
1359 2471 1472 2503 Praeses
1489 2474 1662 2512 provinciae
1679 2475 1728 2506 vel
1739 2475 1862 2508 Praetor

991 2511 1121 2549 poterit.
1155 2511 1293 2550 seilicet,
1318 2513 1390 2552 quia
1411 2523 1447 2543 ea
1470 2513 1601 2545 Praetori
1621 2518 1778 2556 competit
1794 2528 1860 2549 non

991 2554 1020 2581 vi
1047 2552 1168 2592 imperii
1192 2562 1246 2583 aut
1271 2554 1338 2591 iure
1363 2553 1566 2594 Magistratus
1584 2555 1644 2588 sui:
1669 2557 1720 2590 ieci
1735 2556 1861 2596 speciali

991 2591 1034 2623 D.
1046 2593 1148 2623 Marci
1166 2595 1379 2625 concesiione.
1396 2604 1604 2637 quaecurnque
1620 2607 1726 2630 autem
1744 2598 1861 2639 specia-

990 2633 1060 2664 liter
1075 2632 1177 2674 Lege,
1195 2635 1245 2665 vel
1263 2635 1543 2669 Senatusconsulto
1555 2661 1564 2676 ,
1582 2640 1633 2670 vel
1652 2639 1860 2672 Coristituti‹⁴

991 2684 1032 2705 ne
1059 2675 1255 2713 tribuuntur,
1279 2678 1425 2708 mandata
1446 2678 1663 2718 jurisdictione
1679 2690 1743 2713 non
1761 2691 1858 2715 trans-

990 2714 1136 2746 feruntur
1152 2717 1171 2745 l,
1195 2725 1219 2747 1.
1238 2716 1279 2747 D.
1297 2719 1330 2748 de
1341 2716 1429 2758 officio
1443 2720 1505 2760 ejus
1519 2722 1575 2752 cui.

1034 2756 1134 2787 Porro
1150 2757 1191 2787 ait
1210 2756 1341 2796 Oratio,
1365 2758 1414 2790 Ne
1439 2761 1595 2793 transat'tz'o
1613 2763 1814 2795 alimentorum
1830 2775 1858 2794 a·

990 2796 1054 2827 liter
1078 2803 1144 2828 rata
1166 2798 1248 2837 esset,
1271 2809 1358 2840 quam
1378 2800 1493 2833 auctore
1518 2802 1640 2835 Praetori?
1660 2804 1750 2842 fasta.
1797 2805 1856 2836 His

992 2838 1095 2869 verbis
1113 2840 1296 2871 continetur
1315 2840 1444 2874 effeetus
1457 2845 1676 2877 transactionis
1692 2847 1857 2878 alimento·

991 2888 1060 2909 rum
1078 2879 1140 2910 sine
1161 2880 1297 2913 Praetore
1314 2882 1415 2914 fattae.
1440 2885 1465 2916 is
1480 2884 1612 2917 effectus
1632 2888 1693 2916 liuc
1711 2887 1797 2923 exit,
1824 2893 1857 2916 ut

991 2921 1123 2959 perinde
1147 2920 1297 2956 habeatur
1320 2933 1356 2954 ea
1379 2926 1567 2965 transactio,
1592 2936 1629 2957 ac
1658 2926 1677 2957 si
1695 2926 1774 2956 fasta
1791 2935 1855 2958 non

991 2960 1077 2992 esset.
1100 2962 1166 2993 hoc
1181 2961 1265 2995 sensu
1281 2964 1323 2996 ait
1341 2963 1525 3006 Ulpianusl.
1537 2977 1583 3007 23.
1602 2968 1629 3007 §.
1642 2977 1668 2997 2.
1688 2966 1728 2996 D.
1745 2968 1778 2997 de
1792 2978 1856 2998 con-

992 3001 1112 3033 dictione
1127 3004 1261 3042 indebiti,
1276 3015 1343 3038 eam
1359 3006 1642 3039 Senatnsconsulto
1659 3015 1723 3046 quo
1741 3007 1856 3040 confir-

992 3051 1076 3074 mata
1094 3042 1205 3076 Oratio
1223 3046 1285 3086 est,
1309 3047 1466 3080 infirmari.
1499 3048 1602 3080 adhuc
1619 3047 1711 3087 igitur
1727 3048 1855 3086 possunt

993 3085 1137 3116 alimenta
1159 3087 1244 3126 peti,
1269 3091 1412 3129 quamvis
1433 3089 1514 3120 faeta
1532 3092 1761 3121 transactione:
1787 3091 1816 3121 ἀ
1835 3091 1857 3124 fi

993 3126 1066 3163 quid
1089 3127 1194 3159 datum
1220 3127 1276 3168 fit,
1298 3140 1362 3161 non
1383 3130 1510 3170 proficit
1536 3129 1574 3159 ad
1591 3129 1855 3171 transactionem,

991 3165 1041 3198 sed
1066 3168 1096 3199 in
1124 3172 1283 3208 praeterita
1308 3172 1455 3202 alimenta
1475 3169 1561 3200 cedit
1578 3170 1598 3200 l.
1618 3179 1644 3210 7.
1661 3169 1688 3212 §
1709 3180 1737 3202 2.
1756 3171 1798 3204 D.
1822 3175 1857 3204 de

989 3208 1238 3243 transactionibus.
1265 3221 1325 3243 nec
1343 3210 1493 3248 interest,
1510 3219 1614 3242 utrum
1632 3219 1754 3244 tantum
1770 3213 1805 3243 sit
1822 3214 1854 3245 in

1758 3263 1856 3293 quan-
