2036 3495
479 78 1398 117 Onseeviriouuqun.1.

720 195 931 231 CAPUT
983 190 1153 234 XVIII.

141 308 190 346 De
217 307 336 344 lei-”tione
362 299 402 345 ἐξ
427 302 576 339 intellenu
606 300 870 348 Senatasconfidti
897 300 1070 348 Vellejani‚
1096 303 1178 350 apud
1205 304 1371 352 Ulpianum
1397 303 1417 340 l.
1445 301 1534 351 2.§.
1566 313 1597 340 1.
1624 302 1669 339 D.
1697 301 1749 339 Ad

666 349 970 397 Senatusconsaltum
998 351 1203 400 Vellejoznnnz.

128 467 160 496 ix
175 461 250 494 mihi
271 467 434 500 tempero,
459 466 500 488 ne
526 455 590 488 hoc
606 457 712 498 capite
728 457 918 490 constituam

149 504 178 537 ὅ(
204 503 324 535 firmem
349 497 660 534 Senatusconsultum
703 498 918 539 Vellcjnnum:

57 548 146 588 quus
164 545 287 576 vacillat
305 541 399 573 lectio
415 540 497 579 apud
511 537 680 581 Ulpianum
699 540 708 570 l
737 551 764 571 o.
783 542 809 581 §⁴
833 552 856 572 ι.
878 541 918 572 l).

58 589 110 622 Aa
121 583 404 623 Senatusconsultum
414 580 606 622 Vellejanum.
634 582 738 612 Verba
753 582 822 613 haec
838 582 917 613 sunt.

99 629 184 675 Qffld
207 625 329 658 Marcus
345 622 482 660 Silanus,
507 622 544 657 ὅ)
562 623 691 665 Vellejtts
709 623 820 661 Tutor,
846 624 919 654 Con-

124 669 222 710 sules,
243 667 327 697 verba
340 664 479 705 fecerunt
500 665 534 695 de
551 665 768 706 obligationibus
781 665 921 705 scamina-

136 719 219 747 rum,
241 716 303 748 quae
320 712 372 747 pro
393 705 458 737 aliis
481 714 533 736 νεα
553 704 677 746 fierent,
701 708 771 748 quid
797 708 829 738 de
843 717 876 738 ea
892 716 921 738 re

127 751 197 792 fieri
220 753 344 788 oportet,
367 748 400 779 de
423 756 457 777 ea
479 756 508 777 re
536 749 577 778 ita
600 748 821 779 consuluerunt:
844 750 921 790 quod

132 793 170 823 ad
180 786 372 831 fidejuffiones
388 787 424 822 δ’
441 790 539 819 mutui
553 790 680 820 dationes
691 796 741 829 pro
758 789 841 828 aliis,
857 791 922 832 qni—

134 834 186 866 bus
214 828 418 870 intercefferint
444 830 574 869 foeminae
595 853 604 869 ‚
632 832 781 870 pertinet,
812 830 922 868 tametsi

134 879 201 906 ante
222 873 341 904 videtur
365 873 407 903 ita
428 870 481 912 jus
499 871 609 902 dietum
624 871 692 912 effe,
716 882 752 902 ne
766 882 795 903 eo
810 874 923 903 nomine

134 917 170 948 ab
185 915 226 945 his
240 913 360 954 petitio,
384 921 456 943 neve
474 914 504 943 in
521 923 567 943 eas
584 912 657 944 anio
675 915 775 952 detur,
798 924 861 945 cum
878 924 924 944 eas

135 955 268 988 virilibus
286 951 385 995 officiis
393 951 490 995 fungi
499 978 507 990 ,
526 954 562 989 ἐξ
573 955 634 996 ejus
648 956 762 996 generis
779 955 923 996 obligatio-

141 999 226 1029 nibus
242 994 380 1036 obstringi
403 993 511 1033 nonsit
526 1005 656 1037 aequum,
680 997 821 1027 arbitrari
838 997 913 1029 Sena

142 1046 222 1077 tum,
245 1036 317 1069 reae
338 1043 425 1077 atque
451 1037 549 1067 ordine
569 1037 724 1077 foeturas,
748 1040 785 1069 ad
809 1048 878 1079 quos
894 1039 927 1069 de

142 1090 175 1112 ea
196 1089 224 1111 re
246 1081 276 1109 in
296 1078 499 1120 jurebaditum
517 1079 590 1117 erit,
606 1078 636 1117 fi
651 1079 779 1110 dederint
795 1086 924 1121 operam,

143 1127 177 1153 ut
193 1123 225 1152 in
241 1130 273 1151 ea
289 1129 318 1151 re
333 1115 459 1151 Senatus
474 1120 610 1150 voluntas
618 1121 764 1160 servetur.

64 1164 118 1197 Sic
140 1162 309 1195 Florentiae
331 1160 445 1191 editur.
486 1159 548 1192 Sed
565 1161 595 1193 in
611 1162 679 1193 aliis
698 1161 784 1193 libris
801 1171 860 1203 pro
878 1161 927 1193 his

67 1205 173 1237 verbiS
185 1228 194 1242 ‚
216 1204 284 1245 quid
299 1204 331 1233 de
346 1212 377 1233 ea
397 1210 426 1232 re
438 1200 508 1242 fieri
525 1208 649 1243 oportet,
674 1203 707 1233 de
723 1213 755 1234 ea
770 1205 812 1235 ita
828 1203 926 1241 consu·

68 1248 205 1286 luerunt,
227 1251 331 1282 extat,
354 1243 424 1285 quid
451 1244 484 1274 de
507 1251 540 1275 ea
555 1254 584 1275 re
594 1243 662 1284 fieri
671 1245 807 1285 placeret.
852 1244 928 1277 Non

69 1289 158 1322 male.
181 1294 366 1327 quamquam
382 1284 412 1316 δε
431 1284 543 1316 servari
560 1285 666 1325 potest
683 1284 870 1318 Florentina
887 1287 930 1318 le-

66 1329 150 1367 ffiog
167 1326 186 1359 fi
204 1329 245 1359 ita
262 1325 511 1366 scribatur‚quid
528 1327 561 1358 de
577 1337 609 1358 ea
625 1337 654 1358 re
671 1326 737 1359 fieri
756 1335 804 1368 opo
818 1328 857 1359 Rt
869 1328 930 1364 Et;

67 1371 97 1403 ἃ
119 1374 296 1410 exponatur
312 1391 321 1407 ‚
351 1372 508 1408 oporteret:
532 1369 676 1409 repetitis
698 1370 875 1409 majusculis
899 1370 932 1402 li·

68 1414 151 1443 teris.
182 1411 268 1447 quod
291 1408 412 1440 curiose
441 1408 622 1440 observavit
644 1406 685 1441 V.
709 1411 768 1442 CL.
792 1411 930 1450 Jacobus

70 1451 296 1485 Gothofredus
319 1450 366 1481 lib.
391 1450 682 1487 Animadverfionum
699 1452 780 1494 juris
796 1453 890 1484 civilis
905 1463 930 1484 c.

66 1504 95 1533 9.
138 1493 242 1533 AEque
269 1492 463 1529 notandum,
486 1493 574 1531 quod
596 1502 655 1532 pro
678 1494 885 1534 consuluerant
901 1494 932 1526 in

68 1535 135 1567 aliis
153 1535 237 1566 libris
255 1533 320 1572 est,
345 1532 532 1573 censuerunt:
557 1543 661 1574 neque
681 1543 796 1575 negare
815 1537 932 1574 velim,

68 1576 209 1608 solemne
233 1574 297 1605 hoc
323 1574 385 1605 esse
408 1574 761 1608 Senatusconsuirorum
788 1577 932 1609 verbum.

69 1619 169 1655 adeO,
193 1617 213 1648 s1
239 1616 308 1657 quis
332 1616 364 1646 id
382 1615 488 1654 malit,
513 1625 606 1656 quam
623 1617 844 1656 consuluerant,
870 1628 935 1651 non

69 1668 223 1700 repugno.
256 1665 317 1688 nec
338 1664 443 1687 tamen
459 1655 601 1688 assentiar
617 1658 739 1697 Jacobo
756 1657 937 1700 Gothofre-

69 1702 138 1737 do,
172 1701 234 1730 hoc
265 1698 470 1737 consaluerunt
502 1699 588 1730 nulla
610 1699 770 1735 damnanti
799 1696 936 1740 Ratione.
964 1698 967 1700 ’

72 1742 193 1781 quippe
218 1748 235 1770 a
257 1739 572 1777 consulendo'dicitur
601 1740 939 1782 senatusconsultum

75 1781 241 1822 quomodo
266 1789 281 1809 a
305 1780 475 1810 decernendo
498 1780 631 1812 Senatus
648 1782 788 1814 decretum
804 1782 940 1824 appella-

75 1829 126 1854 tur
143 1822 162 1853 l.
187 1830 230 1857 19.
253 1820 285 1850 C.
307 1822 363 1851 eod.
382 1822 428 1851 tit.
459 1828 526 1851 tum
543 1822 680 1861 consulere
697 1833 760 1855 non
779 1826 890 1865 utique
908 1824 940 1857 si-

77 1862 226 1904 gnificat,
248 1859 393 1899 consiliam
408 1862 475 1891 dare
491 1870 543 1892 aut
556 1869 668 1902 petere3
692 1865 779 1904 quod
796 1866 943 1898 credidis·

74 1905 108 1937 132
124 1905 248 1934 videtur
268 1900 512 1937 Gothosredus.
532 1903 582 1934 sed
599 1905 693 1936 etiam
703 1904 832 1946 statuere
851 1908 880 1939 δι
896 1909 942 1939 de·

77 1954 197 1978 cernere.
244 1942 351 1974 Festus
371 1950 479 1982 certe,
505 1944 658 1983 Consules,
683 1946 804 1988 inquit,
827 1951 943 1991 antiqu-i

70 1988 216 2028 ponebant
237 1994 293 2014 non
317 1991 432 2015 tantum
453 1991 505 2024 pro
532 1986 678 2024 confilium
700 1994 798 2029 petas.
823 1986 859 2024 ἐξ
881 1997 942 2030 per-

77 2029 216 2062 conteris,·
240 2026 284 2062 sed
300 2028 385 2056 etiam
398 2032 448 2065 pro
461 2026 572 2067 jndices
590 2028 626 2063 &³-
643 2026 764 2066 statuas.
789 2029 831 2062 Et
850 2029 942 2063 Festo

78 2069 203 2100 accedit
227 2066 442 2110 Quintilianus
467 2068 514 2098 lib.
537 2078 563 2099 1.
582 2068 654 2110 Iasi.
670 2078 742 2102 orat.
764 2080 788 2103 c.
806 2075 833 2103 6.
853 2072 942 2111 Inde,

77 2111 243 2151 inquiens,
263 2109 367 2148 pravis
388 2108 512 2149 ingeniis
536 2111 573 2140 ad
590 2109 747 2151 foedtffima
764 2123 852 2155 usque
869 2114 944 2144 ludi-

79 2154 141 2184 bria
157 2151 344 2187 dilabantur,
360 2147 437 2186 sitne
452 2149 547 2190 consul
563 2161 580 2182 a
598 2153 765 2190 consulendo
778 2178 787 2193 ‚
810 2163 850 2185 an
867 2155 944 2197 aju-

82 2193 222 2229 dicand03
244 2201 311 2222 nam
338 2189 374 2225 ἑὸ)
399 2191 448 2221 hoc
465 2193 605 2228 consulere
620 2200 730 2225 veteres
746 2195 943 2236 appellarunt,

82 2235 157 2265 unde
181 2233 272 2263 adbuc
293 2237 417 2262 remanet
440 2232 531 2271 illud,
557 2240 638 2276 rogat
662 2236 726 2266 boni
742 2237 892 2277 consulas,
914 2237 946 2270 id

84 2273 140 2314 eft,
164 2275 266 2304 bonam
275 2274 395 2315 judices.
418 2273 607 2313 Papinianus
628 2286 758 2317 quoque
773 2278 792 2310 l.
808 2287 833 2310 1.
853 2279 895 2310 D.
914 2280 947 2310 de

84 2316 194 2357 legibus
218 2314 278 2351 ait,
302 2314 406 2355 Legem
429 2314 480 2354 effe
497 2324 642 2349 commune
653 2324 843 2359 praeceptum,
868 2321 947 2351 viro-

83 2365 148 2388 rum
161 2355 346 2396 prudentium
357 2355 529 2392 consultum:
547 2367 651 2400 neque
671 2361 753 2392 aliud
773 2361 947 2402 fignificat,

84 2406 178 2439 quam
213 2395 328 2438 Legem
352 2395 413 2427 esse
439 2397 579 2430 virorum
613 2402 806 2440 prudentum
838 2404 947 2435 decre·

86 2447 173 2477 tum3
198 2438 227 2468 ἀ
251 2440 305 2478 (ut
321 2447 359 2469 ex
382 2437 601 2472 Demosthene
623 2442 802 2475 Marcianus
820 2444 839 2475 l.
857 2455 887 2476 2.
902 2443 948 2477 D.

88 2482 146 2511 eod.
163 2480 229 2518 tit.)
253 2479 348 2516 Δέγμοι
367 2478 497 2518 drogam-
514 2483 639 2520 Φρονίμην.
941 2513 943 2516 ⁴

125 2519 201 2552 Non
220 2521 323 2551 minor
346 2520 382 2551 lis
401 2519 446 2552 est
463 2521 503 2552 de
520 2522 722 2560 lequentibus
739 2519 950 2558 senatuscon-

90 2561 159 2594 sulti
171 2561 294 2609 verbis,
318 2559 404 2604 Quod
418 2561 807 2604 adficiejuffionesffmntui
823 2569 951 2599 dationes

86 2609 136 2673 ἔνο
153 2603 215 2633 aliis
232 2604 333 2643 quibus
351 2602 555 2643 intercefferint
565 2606 712 2646 foeminae,
733 2610 866 2648 pertinet.
908 2607 953 2641 lta

118 2643 395 2688 lorentiaelegitur:
408 2644 459 2675 sed
478 2646 550 2685 quia
560 2647 647 2678 nullo
657 2649 783 2689 prorsus
800 2649 902 2688 sensu,
914 2650 956 2682 sic

96 2691 262 2714 concinnat
279 2693 315 2730 ea
332 2685 426 2715 verba
438 2685 576 2725 Jacobus
601 2686 828 2722 Gothosredus
850 2692 878 2722 d.
903 2691 955 2723 loe.

97 2722 184 2770 Quod
199 2725 234 2770 ad
246 2721 433 2764 fideyuffiones
450 2725 487 2761 ὅ)
502 2731 599 2760 mutui
612 2731 741 2762 dationes
765 2732 791 2764 P
804 2731 827 2763 R
840 2732 869 2764 O
891 2733 957 2763 aliis

98 2764 199 2804 quibus
212 2765 421 2810 ⁴intercefferint
431 2768 559 2807 foenzinae
573 2775 718 2811 pertinet,
741 2780 776 2805 ut
792 2772 826 2805 fit
837 2796 847 2811 ‚
870 2772 956 2816 Quod

98 2805 136 2835 ad
146 2802 339 2852 fideyuffiones-
354 2805 390 2840 δ’*
406 2810 502 2839 mutui
516 2811 641 2843 dationes
653 2820 705 2853 pro
720 2814 805 2853 aliis,
827 2821 878 2852 pro
893 2815 956 2855 qui-

98 2847 150 2876 bus
173 2842 373 2889 ziziercefferznt
384 2847 530 2888 foeminae,
550 2855 683 2890 pertinet.
726 2854 907 2896 Quomodo
925 2855 954 2886 in

97 2885 269 2925 exemplari
296 2886 348 2932 luo
372 2889 649 2927 repraesentaverat
675 2895 852 2927 Accurfius.
895 2894 957 2927 Sed

99 2927 187 2973 quid,
199 2926 217 2956 si
236 2925 444 2972 ficnscribam‘?
469 2927 554 2973 Qnod
570 2935 606 2963 ad
617 2934 958 2976 fidejaffiones&mutui

99 2970 226 2998 dationes
236 2968 340 3008 quibas
347 2974 395 3006 pro
405 2969 466 3000 aliis
477 2973 676 3013 intercefferint
687 2979 810 3013 faemi'nae
823 2979 956 3017 pertinet.

99 3008 183 3040 Vera
209 3018 245 3039 ac
267 3018 412 3054 germana
435 3010 502 3041 haec
523 3012 584 3044 fuit
600 3014 868 3050 Senatusconsulti
888 3017 958 3049 scri-

96 3058 198 3090 ptura.
221 3059 292 3080 nam
310 3058 432 3089 optime
450 3052 598 3092 dicimus,
616 3055 780 3090 foeminam
797 3065 847 3098 pro
862 3059 958 3099 aliquo

96 3092 280 3124 intercedere:
305 3092 333 3120 ἃ
345 3115 353 3126 ,
379 3101 446 3124 cam
470 3094 565 3135 aliquo
582 3096 751 3130 intercedere
767 3099 920 3132 contractu
936 3100 957 3132 l.

100 3143 124 3165 1.
141 3133 205 3178 ²2²·
223 3140 266 3173 pr.
286 3131 355 3173 ὃς
388 3144 414 3172 5.
440 3133 475 3164 l).
495 3136 550 3165 eod.
568 3138 612 3168 tit.
636 3137 849 3179 fideiuffione.
867 3142 956 3173 verbi

94 3182 219 3246 gissan,
239 3182 311 3246 [aut
342 3175 440 3207 mutui
463 3176 603 3210 clatione.
647 3178 719 3212 Nec
744 3182 868 3217 necesse
894 3182 956 3224 est,

961 466 1036 490 cum
1060 453 1229 491 Francisco
1255 455 1422 490 Hotmano
1437 458 1486 489 lib.
1507 466 1534 490 r.
1553 456 1674 498 observ.
1692 466 1717 489 e.
1737 464 1782 497 15.
1801 453 1831 487 ἃ.

961 499 1008 530 lib.
1035 510 1064 538 4.
1091 510 1115 532 c.
1145 509 1191 540 15.
1216 508 1296 540 pr0‚
1318 500 1416 531 mutui
1437 501 1566 531 dationes
1582 522 1592 538 ‚
1621 497 1830 535 substituere,

961 542 1172 580 mutuationes,
1190 540 1244 573 etfi
1261 541 1418 572 mutuandi
1434 541 1534 572 verbo
1551 547 1679 572 utantur
1696 539 1833 572 Veteres

961 583 980 614 l.
1003 592 1045 618 19.
1066 582 1094 624 §.
1118 593 1146 622 ς,
1164 582 1194 614 &
1211 582 1230 613 l.
1252 590 1297 622 ιγ.
1319 581 1360 613 D.
1385 582 1444 613 eod.
1463 583 1508 613 tit.
1553 581 1721 624 Quidquid
1745 580 1833 612 enim

963 625 1047 655 dicat
1075 623 1277 660 Hocmanus,
1300 623 1344 654 nil
1366 622 1490 655 absurdi
1519 622 1615 654 habet
1640 629 1773 663 recepta
1789 621 1834 652 le·

963 665 1028 696 Ctio
1045 687 1055 703 ‚
1092 667 1187 696 mutui
1208 665 1353 696 dationes:
1375 663 1397 696 fi
1426 663 1499 696 sano
1524 664 1697 704 accipiatur
1720 662 1834 694 modo.

963 705 1037 738 Nec
1060 713 1163 738 tamen
1188 706 1310 737 accedo
1331 705 1457 746 Jacobo
1476 705 1626 746 Cujacio,
1651 704 1700 736 Ad
1717 703 1836 744 Africa·

963 758 1034 779 num
1051 747 1146 779 Trat't.
1164 757 1194 785 4.
1212 749 1244 778 in
1268 745 1439 788 expofitione
1452 747 1473 778 Ι.
1493 755 1539 788 17.
1560 746 1602 778 D.
1621 746 1681 777 eod.
1698 747 1741 777 tit.
1767 753 1837 776 mu-

964 791 1008 820 tui
1031 789 1195 820 dationem
1220 789 1463 829 interpretanti,
1487 794 1632 820 mutuum
1658 796 1675 818 a
1701 785 1836 819 muliere

966 840 1024 871 pro
1035 831 1097 861 alio
1115 838 1302 869 acceptum:
1326 831 1412 871 quod
1430 836 1617 871 putat,eam
1635 828 1838 860 locutionem

965 872 1006 903 sse
1032 870 1107 903 sumi
1136 871 1175 902 ab
1199 869 1340 910 Ulpiano
1365 870 1384 902 l.
1409 881 1458 912 27.
1485 871 1530 903 D.
1555 872 1588 902 de
1608 872 1691 902 rebus
1705 869 1838 900 creditis.

969 912 1050 945 Nam
1081 912 1201 952 Cujacii
1227 911 1415 943 sententiam
1442 913 1526 944 bene
1549 912 1670 944 refutat
1696 910 1836 951 Jacobus

969 952 1199 985 Gothofredus
1218 954 1247 984 d.
1264 953 1314 984 loc.
1334 954 1496 993 causatus,
1519 955 1618 985 mutui
1635 954 1779 985 dationem
1798 950 1838 982 ab

970 994 1112 1035 Ulpiano
1130 995 1157 1025 d.
1178 993 1197 1026 l.
1216 1003 1262 1034 27.
1291 1003 1356 1026 non
1383 995 1560 1033 debitoris,
1581 995 1631 1027 led
1649 991 1840 1031 creditoris,

970 1036 1112 1075 respectu
1136 1035 1214 1072 dici;
1239 1044 1312 1066 cum
1328 1045 1346 1066 a
1360 1035 1479 1068 Senatu
1497 1038 1595 1078 magis
1613 1036 1736 1068 ratione
1752 1033 1841 1066 debi-

970 1079 1069 1116 toris,
1094 1086 1187 1116 quam
1213 1076 1405 1114 creditoris,
1427 1078 1572 1109 dicatur:
1595 1086 1663 1110 tum
1687 1075 1750 1109 ess‘e
1772 1075 1842 1117 qui·

971 1121 1044 1151 dem
1062 1119 1162 1150 mutui
1181 1118 1301 1149 dationi
1325 1117 1546 1160 consequens,
1571 1128 1607 1151 ut
1627 1119 1678 1151 cui
1697 1125 1843 1150 mutuum

972 1163 1082 1200 datur,
1107 1159 1298 1200 accipiendo
1322 1159 1453 1192 debitor
1476 1159 1552 1199 fiat;
1576 1168 1608 1192 at
1629 1160 1735 1192 verbis
1750 1157 1843 1200 ipsis,

971 1203 1067 1234 mutui
1088 1202 1184 1239 datio,
1210 1200 1274 1232 hoc
1298 1209 1472 1242 numquam
1488 1199 1664 1242 significari.
1711 1200 1843 1233 Interim

973 1242 1244 1285 quemadmodum
1267 1241 1453 1282 accipienda
1477 1241 1536 1274 fint
1561 1242 1695 1274 Senatus
1727 1241 1846 1279 verba,

973 1295 1013 1317 ne
1030 1283 1217 1321 offendant,
1242 1292 1283 1314 ne
1307 1281 1537 1317 Gothofredus
1562 1284 1691 1324 quidem
1713 1283 1846 1315 demon-

972 1325 1091 1358 stravit.
1122 1325 1185 1357 Sed
1205 1323 1282 1356 mihi
1299 1324 1445 1365 videtur,
1469 1326 1558 1367 quod
1573 1325 1706 1357 Senatus
1724 1323 1847 1361 voluit,

974 1367 1141 1399 subvenire
1165 1365 1349 1398 mulieribus
1369 1376 1439 1407 quae
1456 1376 1515 1408 pro
1531 1367 1599 1398 aliis
1625 1365 1847 1399 intercedunt:

973 1408 1037 1442 five
1050 1409 1199 1448 jubeant,
1224 1406 1288 1439 fide
1305 1406 1355 1439 sua
1374 1407 1450 1446 effe,
1477 1408 1565 1449 quod
1581 1408 1658 1440 alius
1677 1407 1791 1439 debet:
1814 1404 1850 1438 ss·

976 1461 1014 1481 ve
1031 1460 1095 1481 non
1116 1450 1177 1480 hoc
1193 1456 1302 1489 agant,
1330 1448 1382 1481 sed
1405 1449 1471 1481 aliis
1498 1456 1641 1481 mutuam
1660 1450 1737 1481 dent
1752 1457 1849 1489 pecu-

975 1493 1058 1524 niam
1076 1514 1084 1529 ,
1108 1500 1201 1530 quam
1226 1489 1296 1530 ipsae
1324 1490 1446 1521 idcirco
1475 1499 1616 1522 mutuam
1642 1490 1848 1531 acceperint,

976 1542 1011 1565 ut
1027 1533 1095 1564 aliis
1108 1539 1250 1563 mutuam
1269 1530 1390 1563 darent.
1424 1531 1502 1563 Haec
1519 1540 1591 1563 mea
1610 1531 1780 1563 sententia:
1804 1536 1851 1561 at·

977 1584 1041 1615 que
1063 1573 1126 1612 ipsa
1152 1582 1217 1604 non
1242 1571 1344 1604 minus
1372 1581 1444 1604 cum
1471 1573 1624 1613 loquendi
1655 1571 1728 1611 usu,
1754 1579 1851 1611 quam

978 1625 1051 1647 cum
1070 1615 1203 1646 Senatus
1220 1622 1328 1646 mente
1340 1637 1349 1652 ,
1366 1613 1538 1645 consentit.
1561 1613 1582 1646 fi
1600 1614 1686 1645 enim
1702 1618 1769 1644 rem
1785 1611 1854 1653 spe-

980 1657 1116 1689 crannus:
1140 1665 1205 1687 non
1232 1655 1402 1687 intercedit
1428 1664 1487 1696 pro
1512 1655 1576 1686 alio
1601 1655 1744 1691 mulier;
1777 1662 1854 1685 cum

979 1706 1121 1731 mutuam
1138 1696 1256 1738 accipit
1272 1698 1458 1737 pecuniam,
1482 1695 1538 1728 etsi
1555 1696 1605 1728 alii
1624 1694 1726 1728 rursus
1744 1695 1855 1726 datura

980 1748 1142 1773 mutuam:
1159 1738 1210 1770 sed
1228 1748 1302 1770 cum
1320 1747 1485 1779 acceptam
1502 1739 1577 1770 ideo
1596 1743 1737 1769 mutuam
1755 1744 1855 1777 pecu·

983 1782 1087 1819 niam,
1109 1785 1144 1811 ut
1168 1779 1218 1812 alii
1241 1787 1384 1812 mutuam
1408 1780 1482 1819 det,
1506 1779 1623 1811 deinde
1646 1779 1690 1811 illi
1715 1779 1769 1809 dat
1785 1786 1855 1810 tnu-

985 1831 1081 1854 tuam.
1107 1830 1177 1852 nam
1198 1821 1347 1860 quamdiu
1366 1821 1484 1853 retinet
1507 1828 1648 1853 mutuam
1666 1820 1856 1861 pecuniam,

985 1863 1016 1895 se
1032 1863 1160 1903 quidem
1175 1862 1226 1893 alii
1245 1862 1420 1904 obligavit,
1443 1861 1496 1894 sed
1516 1871 1580 1894 non
1604 1872 1663 1903 pro
1681 1860 1764 1900 ali03
1788 1869 1855 1900 quo

987 1905 1114 1936 demum
1138 1904 1319 1935 interceffio
1343 1902 1509 1936 censetur:
1535 1913 1645 1935 verum
1669 1903 1722 1935 ubi
1740 1901 1857 1935 mulier

984 1954 1126 1979 mutuam
1143 1945 1270 1984 accepit
1295 1946 1462 1983 pecuniam
1474 1968 1483 1984 ,
1507 1953 1542 1976 ut
1558 1954 1627 1976 eam
1645 1945 1695 1976 alii
1715 1949 1858 1976 mutuam

985 1988 1091 2025 daret3
1110 1987 1139 2018 dt
1158 1986 1274 2017 deinde
1292 1987 1321 2018 ei
1337 1986 1425 2017 dedit
1443 1994 1604 2018 mutuam:
1620 1994 1687 2017 tum
1704 1986 1728 2018 is
1746 1984 1791 2017 est
1809 1991 1860 2016 to-

986 2029 1046 2060 tius
1061 2027 1179 2068 negotii
1198 2027 1321 2066 exitus,
1347 2035 1380 2058 ut
1404 2036 1462 2069 pro
1486 2037 1526 2059 eo
1543 2028 1593 2059 cui
1611 2035 1752 2059 mutuam
1769 2025 1861 2057 dedit

986 2070 1154 2111 pecuniam
1171 2091 1180 2107 ,
1197 2067 1399 2101 interccffiffe
1417 2069 1579 2101 videatur:
1605 2072 1676 2110 quia
1695 2067 1724 2099 se
1741 2067 1860 2108 obliga-

987 2111 1034 2142 vit
1060 2120 1125 2142 non
1150 2109 1210 2148 sui,
1235 2109 1285 2141 sed
1310 2111 1418 2149 illius,
1444 2109 1551 2143 causa:
1576 2110 1605 2142 ὅ(
1631 2110 1705 2141 ideo
1732 2110 1859 2149 placet,

986 2152 1147 2184 actionem
1166 2159 1236 2191 quae
1262 2150 1340 2183 effet
1357 2153 1509 2183 creditori
1527 2151 1673 2183 adversus
1692 2151 1859 2183 mulierem

989 2194 1110 2228 danda.
1136 2190 1285 2224 subtiutta
1308 2194 1373 2232 ejus
1390 2192 1543 2233 persona,
1567 2191 1714 2224 adversus
1731 2192 1860 2224 debito-

989 2244 1055 2267 rem
1084 2234 1170 2271 dari;
1196 2242 1228 2264 ut
1257 2235 1389 2274 pulchre
1415 2232 1554 2265 ostendit
1574 2233 1685 2265 Paulus
1711 2234 1729 2264 l.
1750 2243 1798 2270 29.
1819 2231 1862 2264 D.

988 2277 1040 2308 Act
1057 2274 1342 2315 Senatusconfltltum
1360 2274 1560 2316 Vellejannm‚
1586 2275 1615 2307 ὅ(
1631 2274 1784 2316 Ulpianus
1802 2273 1820 2304 l.
1831 2277 1860 2308 8.

989 2318 1018 2360 §.
1034 2326 1080 2354 14.
1100 2316 1141 2347 D.
1160 2317 1219 2348 eod.
1236 2317 1281 2347 tit.
1309 2314 1476 2348 Constabit
1492 2318 1500 2348 i
1526 2318 1587 2348 itur
1603 2314 1863 2348 senatusconsul-

992 2368 1027 2390 to
1044 2358 1215 2398 scriptur-:13
1232 2357 1252 2389 fi
1269 2355 1324 2396 fit,
1347 2357 1436 2404 Quod
1450 2360 1487 2389 ad
1525 2355 1691 2400 dejufflones
1710 2356 1746 2392 &2⁹
1763 2357 1861 2387 mutui

991 2401 1121 2432 dationes
1130 2400 1234 2440 quibus
1239 2406 1292 2439 pro
1302 2399 1367 2430 aliis
1379 2401 1484 2431 interce
1508 2399 1717 2439 erintfoeminae
1724 2399 1863 2439 pertinet.

1032 2440 1205 2480 Nondum,
1230 2441 1371 2481 inquies,
1398 2440 1550 2472 transacta
1567 2449 1617 2471 res
1634 2440 1690 2471 est.
1722 2439 1816 2471 restat
1831 2448 1867 2470 e-

992 2483 1057 2514 nirn
1070 2483 1172 2522 aliqua
1186 2481 1236 2513 vel
1254 2482 1284 2513 in
1301 2491 1336 2512 ea
1354 2480 1628 2513 difficultas:duas
1644 2482 1764 2522 quippe
1775 2489 1866 2512 com-

992 2523 1141 2566 plectitur
1167 2522 1398 2554 intercessionis
1423 2522 1544 2554 formas
1562 2546 1572 2562 ‚
1597 2522 1690 2563 fide'u
1713 2531 1806 2554 ionem
1827 2520 1866 2557 δ’

993 2566 1090 2596 mutui
1104 2565 1264 2603 dationem,
1288 2571 1361 2594 cum
1386 2561 1540 2603 Ulpianus
1561 2564 1581 2596 l.
1599 2574 1627 2596 2.
1649 2533 1677 2606 ἐ.
1694 2573 1725 2604 4.
1743 2560 1786 2596 D.
1805 2564 1866 2595 eod.

998 2608 1043 2637 tit.
1068 2606 1197 2643 scribat,
1211 2604 1492 2636 Senatusconsulto
1508 2614 1638 2638 omnem
1654 2605 1790 2638 omnino
1806 2604 1869 2637 foe-

1000 2648 1153 2679 minarum
1177 2645 1410 2687 obligationem
1436 2647 1690 2688 comprehendi3
1714 2646 1777 2679 ssve
1793 2654 1866 2679 ver·

999 2689 1047 2720 bis
1064 2712 1073 2726 ,
1096 2687 1159 2719 five
1184 2696 1217 2717 re
1234 2710 1244 2726 ‚
1275 2687 1338 2719 sive
1363 2692 1570 2729 quocumque
1591 2687 1654 2721 alio
1678 2688 1867 2726 conti-actu,

999 2727 1242 2761 intercess‘erint.
1286 2729 1350 2760 erit
1375 2731 1468 2770 igitur
1493 2730 1541 2761 vel
1568 2731 1622 2762 ille
1645 2729 1866 2770 expediendus

999 2772 1113 2802 nodus.
1157 2769 1239 2800 Mihi
1265 2778 1370 2802 autem
1398 2772 1594 2811 expendenti
1620 2772 1732 2803 consta
1749 2795 1757 2810 ,
1796 2770 1868 2801 talis

999 2813 1080 2843 ratio
1097 2810 1266 2848 succurrit,
1291 2813 1377 2852 quod
1395 2812 1528 2844 Senatus
1541 2811 1735 2855 fidejuffiones
1753 2821 1789 2843 ac
1805 2819 1867 2842 mu·

1000 2854 1045 2883 tui
1062 2853 1189 2882 dationes
1203 2852 1295 2892 ponit
1311 2862 1369 2893 pro
1382 2855 1537 2895 exemplis
1549 2853 1777 2886 intercessionis
1787 2875 1795 2891 ‚
1807 2861 1867 2882 cae·

1001 2902 1103 2925 terum
1129 2890 1223 2933 ipsam
1256 2893 1397 2926 foeminis
1427 2896 1681 2928 intercessionem
1709 2903 1767 2935 pro
1799 2892 1867 2924 aliis

1002 2934 1154 2975 prohibet
1176 2934 1194 2966 1.
1218 2944 1243 2966 1.
1261 2935 1301 2966 D.
1326 2939 1384 2967 eod.
1409 2936 1454 2969 tit.
1480 2946 1515 2969 ut
1539 2936 1657 2969 Editus
1684 2933 1813 2975 Augusti
1836 2934 1868 2965 ὅ(

1004 2975 1127 3008 Claudii
1154 2983 1227 3008 ante
1249 2977 1438 3010 vetabantur
1461 2978 1699 3010 intercessiones
1715 2984 1791 3015 quas
1806 2983 1868 3015 pro

1003 3017 1077 3048 viris
1105 3016 1163 3049 suis
1185 3016 1364 3051 faciebant:
1388 3029 1424 3050 ac
1449 3019 1527 3051 ficut
1546 3028 1611 3050 tum
1629 3025 1670 3048 ex
1686 3025 1792 3048 earum
1808 3025 1869 3058 pro

1001 3057 1050 3089 his
1073 3058 1349 3092 interceiiionibus
1374 3059 1416 3092 fic
1438 3061 1487 3101 J'us
1507 3061 1688 3096 dicebatur,
1713 3066 1754 3089 ne
1770 3059 1799 3089 in
1815 3068 1870 3091 eas

1001 3099 1083 3132 actio
1096 3124 1105 3139 ‚
1122 3109 1204 3132 neve
1220 3101 1260 3132 ab
1277 3100 1325 3133 his
1343 3103 1475 3143 petitio,
1492 3102 1636 3132 daretur:
1661 3099 1702 3130 ita
1720 3108 1784 3130 non
1802 3099 1871 3132 vult

1001 3149 1085 3173 nunc
1101 3141 1253 3180 Senatus,
1278 3142 1299 3174 fi
1325 3153 1383 3183 pro
1402 3144 1469 3173 aliis
1492 3141 1689 3172 intercedant
1706 3139 1870 3180 foeminae,

1000 3183 1088 3216 verbi
1109 3184 1227 3224 gratia,
1253 3183 1450 3225 fidz-juffione
1469 3190 1522 3214 aut
1538 3182 1638 3215 mutui
1657 3181 1805 3223 datione,
1829 3192 1871 3215 eo

1418 3222 1443 3256 L
1458 3223 1469 3255 l
1811 3235 1869 3258 noo
