2108 3479
552 105 716 145 VITA
766 104 810 139 V.
862 96 897 137 C.
951 94 1262 135 GERARDI
1312 92 1561 136 NOODT.

177 200 274 244 fgiffly
295 200 391 228 mom·
414 185 618 225 verecundia,
654 182 731 228 quod
756 185 874 226 ceperat
903 175 1059 220 confilium
1083 175 1230 210 mutavit.
1281 172 1393 208 Immo
1425 173 1552 219 ingenti
1588 171 1695 218 Operi
1726 183 1866 207 manum
1899 175 1956 210 ad.

175 244 305 280 movit:
342 240 379 274 ὅς
408 237 484 284 quod
505 235 683 279 deprecatus
710 237 778 264 erat
804 230 926 272 integra
944 233 1036 259 oetate
1053 251 1063 266 ,
1097 222 1152 268 etfi
1174 223 1338 268 complures
1360 223 1495 257 homines
1521 218 1562 261 δέ)
1587 221 1758 267 dignitate,
1784 219 1826 261 E?
1848 222 1959 258 doteri-

179 306 220 330 Μ
235 291 361 331 eximii,
370 286 452 334 saepe
469 284 507 317 ab
524 293 559 316 ea
575 277 816 324 effiagitaffl’n't,
835 275 965 319 aliquem
984 272 1110 307 scilicet
1130 271 1387 306 Commentarium
1400 269 1460 316 suo
1477 271 1595 315 ingenio
1614 271 1656 304 ad
1674 270 1964 315 JUSTINIANI

178 341 364 379 Pandae-tas,
391 332 469 370 illud
477 329 568 378 flexa
587 334 677 362 cerate
690 332 782 371 prope
797 324 878 357 ultro
893 320 1049 366 adgreffus
1064 320 1116 367 est.
1156 320 1373 368 Commentarii
1389 320 1479 365 hujus
1496 320 1641 359 initium,
1667 319 1700 353 in
1720 319 1865 365 primam
1887 332 1961 365 par-

179 402 269 430 tem,
297 393 438 430 quatuor
457 377 564 413 Libris
584 372 884 418 comprehensam,
910 369 1178 415 'taratafestinavit
1200 368 1382 414 diligentia,
1410 375 1445 402 ut
1465 369 1549 401 intra
1564 365 1683 413 septem
1709 366 1823 414 menses
1843 369 1966 404 inchoa-

180 440 259 475 verit
279 433 319 474 59⁹
335 428 513 478 absolverit,
541 425 621 459 mello
642 423 777 456 muneris
790 418 845 466 sui
867 419 992 453 damno:
1018 428 1118 464 atque
1142 416 1271 459 statim,
1298 416 1378 452 dum
1409 425 1541 450 ceteros
1564 427 1696 462 quoque
1714 416 1834 451 Libros
1857 410 1965 461 posset

181 494 360 525 excutere,
390 471 610 524 publicijuris
632 469 754 505 fecerit
771 468 874 503 Anno
895 466 991 511 hujus
1007 466 1127 500 Saeculi
1143 464 1280 500 decimo
1299 465 1413 508 sexto,
1442 464 1506 499 hac
1529 463 1780 509 Inscriptione:
1809 466 1964 501 Commen-

182 537 282 572 tarius
311 533 342 565 f„
365 529 407 564 D,
428 519 730 570 JUSZ‘INIANI,
759 513 967 562 Sacratffmi
991 515 1160 560 Principis,
1189 514 1420 557 DIGESTA,
1446 511 1516 557 five
1539 513 1835 557 PANDECTAS,
1869 515 1967 562 Juris

166 581 343 622 enucleati,
368 587 406 610 ex
429 572 509 607 omni
533 569 636 605 Veteri
659 568 743 613 Jure
766 567 897 602 collem:
935 564 1076 613 Quorum
1097 564 1200 609 prima
1224 562 1330 607 Pars,
1356 565 1387 597 in
1410 564 1538 606 quatuor
1560 562 1671 596 Libros
1692 561 1876 610 distributa,
1915 564 1969 599 boc

182 630 339 669 Volumina
361 623 530 669 exponitur.
561 617 660 663 Lugd.
682 617 753 650 Bar.
780 625 822 648 ex
846 611 983 647 officina
1005 623 1068 646 van
1095 613 1147 646 der
1171 612 1293 646 Linden
1318 611 1476 658 Junioris.
1528 609 1649 646 Postea
1673 610 1877 655 secundam,
1903 621 1972 647 ter-

182 681 265 716 tiam
281 676 317 712 ἃ
332 678 484 721 quartam
501 676 630 713 partem
651 664 902 704 Pandoram-um,
928 660 1051 706 eodem
1079 659 1183 694 modo
1218 671 1340 695 ornare
1361 659 1521 707 perrexit.
1573 659 1611 694 In
1633 659 1752 706 quibus
1777 660 1819 696 ad
1837 659 1971 696 umbili-

181 739 262 764 cum
281 718 504 771 perducendis
531 716 611 750 dum
640 713 844 753 versaretur,
878 710 926 745 Cl.
955 708 1338 752 SCHULTINGIUS,
1371 709 1543 756 Cognatus
1568 707 1663 753 ejus,
1695 708 1838 745 Amicus
1866 718 1971 755 atque

181 766 339 821 Cdllegffi
366 770 429 805 hac
448 768 489 803 de
504 761 634 803 cauffa,
663 763 749 796 inter
765 760 867 801 alias,
895 759 927 793 se
945 757 1028 793 ultra
1046 758 1190 804 primam
1207 768 1358 803 partem,
1385 757 1418 792 in
1441 757 1646 792 Erzarratione
1663 755 1717 793 sua
1742 758 1973 795 Pandeblarum

181 836 252 861 non
270 818 519 870 proceffurum,
545 810 680 858 publice
709 807 939 856 significabat:
968 805 1062 842 fimul
1080 815 1186 852 optans
1216 816 1249 840 ztt
1276 807 1352 842 Viro
1375 807 1531 841 Proeclaro
1562 806 1605 840 ad
1627 805 1850 852 exsequendum
1884 818 1974 853 egre-

180 875 270 921 gium
287 870 363 905 illud
376 862 557 912 propositum
574 859 778 895 valetudinem
790 857 940 904 firmam,
966 856 1143 902 longamque
1159 867 1196 890 ac
1221 854 1364 902 vegetam
1380 854 1570 902 seneclutem
1594 856 1724 901 benigne
1747 856 1860 901 largiri
1883 855 1974 890 vellet

183 916 403 963 omniumfons
421 910 462 953 f?
477 911 600 952 aanor,
627 909 710 944 Deus
728 908 872 953 Optimus
890 906 1069 940 Maximus.
1113 905 1178 939 Sed
1197 904 1253 940 ubi
1272 903 1402 939 Noster
1422 904 1463 939 ad
1487 903 1593 939 finem
1607 898 1756 938 XXVII.
1784 903 1879 939 Libri
1897 908 1975 950 'per-

183 968 301 1009 venit‚
330 965 406 1000 heic
419 961 523 996 etiam
549 958 654 993 finem
682 955 795 991 facere
821 954 984 990 decrevit.
1037 952 1139 989 Vires
1165 953 1237 988 suas
1263 964 1352 988 nunc
1377 952 1525 999 primum
1552 952 1710 988 imminui
1729 952 1911 989 sentiebat:
1937 951 1976 988 &

183 1017 274 1067 quod
291 1015 461 1059 supererat
476 1007 623 1054 laboris,
654 1005 767 1040 nimiae
785 1004 882 1039 molis
904 1002 1110 1045 videbatur,
1147 1012 1247 1048 quam
1269 1011 1303 1037 ut
1325 1001 1357 1037 se
1384 999 1478 1048 posse
1502 1000 1676 1036 absolvere
1704 1000 1860 1047 speraret.
1911 1001 1977 1036 Ea-

184 1069 263 1103 dem
282 1064 325 1099 de
341 1059 470 1100 caussa,
497 1055 535 1093 &
558 1055 650 1103 quod
673 1052 872 1101 ceteroquin
898 1062 966 1087 non
986 1048 1067 1086 ess‘et
1089 1051 1258 1086 honorum
1280 1049 1424 1096 cupidus
1441 1076 1451 1092 ‚
1478 1048 1592 1084 delato
1616 1048 1678 1084 fibi
1703 1050 1839 1085 tertium
1862 1049 1976 1094 Magi-

185 1112 288 1152 stratu
303 1106 536 1148 Academico,
556 1104 668 1150 ⁴Anno
691 1102 790 1149 hujus
812 1101 932 1144 Saectili
953 1099 1120 1145 vigefirno
1146 1099 1281 1145 primo,
1309 1098 1375 1138 sese
1397 1094 1592 1134 eircusavit:
1620 1096 1849 1133 lubentiffime
1870 1097 1978 1143 paffus

185 1175 265 1200 eum
284 1155 457 1196 transferri
472 1153 577 1190 inv.
602 1153 650 1190 Cl.
672 1149 914 1200 JOANNEM
932 1148 1159 1195 JACOBUM
1184 1146 1517 1191 VITRIARIUM,
1546 1146 1722 1193 Collegam
1746 1145 1976 1194 dignissimum

185 1212 224 1249 &
242 1207 490 1246 amiciffimum.

234 1255 430 1299 Distrafitis,
457 1253 544 1289 intra
560 1259 686 1298 paucos
701 1259 826 1290 annos,
853 1247 1007 1292 Operum
1027 1246 1061 1281 in
1077 1256 1181 1281 unum
1201 1246 1365 1281 volumen
1389 1244 1612 1282 collectorum
1635 1242 1909 1291 exemplaribus,
1937 1243 1982 1279 d'e

186 1319 281 1346 nova
302 1316 422 1342 eorum
449 1301 596 1338 editione
620 1298 770 1345 cogitare
795 1295 964 1332 necessum
990 1294 1118 1331 habuit.
1178 1294 1253 1342 Ego
1273 1294 1343 1342 jam
1366 1294 1540 1342 inceptam
1570 1292 1664 1336 vidi,
1697 1292 1812 1329 mense
1839 1292 1980 1341 Augusto

186 1358 279 1395 Anni
306 1350 464 1402 vigesimi
481 1349 599 1399 primi:
626 1359 730 1394 quum
747 1346 837 1392 apud
851 1356 930 1381 eum
948 1354 1046 1392 grato
1064 1343 1209 1391 hospitio
1232 1342 1442 1380 familiariter
1463 1343 1650 1389 exciperet.
1701 1342 1773 1378 Res
1798 1341 1868 1388 ipsa
1889 1352 1981 1377 nunc

187 1405 401 1455 postulabat,
434 1409 471 1436 ut
499 1409 569 1434 non
585 1397 657 1444 jam
685 1395 863 1442 separatim
882 1395 998 1430 ederet
1019 1391 1178 1440 quidquid
1207 1391 1354 1428 habebat
1382 1393 1416 1429 in
1439 1391 1625 1428 Pandefitas
1650 1400 1828 1436 paratum,
1857 1401 1982 1436 quous·

189 1467 255 1502 que
271 1449 509 1489 subsistendum
533 1447 752 1482 decreverat:
784 1444 840 1479 sed
864 1454 927 1479 una
952 1452 1029 1478 cum
1050 1442 1152 1489 priori
1178 1450 1294 1488 parte,
1330 1440 1411 1478 huic
1437 1441 1534 1479 alteri
1560 1439 1714 1476 Editioni
1739 1439 1982 1475 universorum

190 1506 343 1552 Operum
362 1499 533 1546 adjiceret.

240 1549 405 1598 Opusculi
422 1555 582 1594 praeterea
604 1542 688 1579 novi
705 1542 832 1577 interea
847 1539 1010 1587 temporis
1028 1539 1163 1574 occafio
1180 1538 1240 1586 ipsi
1257 1547 1335 1574 nata
1351 1548 1434 1576 erat.
1485 1538 1534 1573 Ea
1559 1536 1743 1581 sententia,
1770 1545 1871 1582 quam
1896 1546 1983 1582 prae-

189 1602 292 1648 cipue
310 1600 343 1634 in
358 1598 416 1633 suo
433 1596 523 1641 Julio
548 1593 647 1629 Paulo
666 1590 884 1634 defenderat,
912 1601 981 1624 non
1000 1588 1159 1624 omnibus
1180 1589 1353 1635 placuerat
1369 1586 1634 1636 Jurisconsultis:
1661 1597 1725 1622 nec
1749 1587 1893 1626 mirum,
1918 1595 1983 1632 pro

190 1659 309 1687 natura
328 1644 495 1694 ejusmodi
510 1640 754 1690 quaestionum,
783 1638 982 1675 &intanta
1008 1637 1221 1684 ingeniorum
1244 1637 1505 1683 acjudiciorum
1525 1636 1696 1671 varietate.
1748 1633 1838 1678 Etsi,
1865 1644 1985 1682 quam-

191 1707 340 1744 cumque
356 1703 489 1741 partem
504 1690 578 1739 quis
598 1689 675 1726 heic
691 1687 914 1735 amplectatur
927 1714 937 1730 ,
966 1697 1034 1721 non
1051 1686 1166 1734 magni
1186 1685 1353 1721 momenti
1369 1684 1426 1721 fit:
1453 1697 1504 1721 res
1519 1684 1612 1720 enim
1629 1683 1738 1731 agitur
1759 1691 1893 1719 tantum
1911 1682 1985 1718 Ve-

191 1757 302 1783 terum
332 1745 420 1779 intra
444 1739 579 1788 aliquod
606 1748 741 1784 tempus
765 1735 1090 1784 Jurisconsultorum
1123 1733 1160 1770 ἃ
1182 1734 1451 1780 Imperatorum:
1495 1743 1589 1769 certo
1616 1732 1812 1779 ceteroquin
1833 1759 1843 1776 ‚
1876 1743 1920 1768 ex
1947 1742 1986 1767 o-

192 1795 325 1831 mnium
341 1789 523 1831 consensu,
549 1787 628 1834 quid
651 1787 731 1833 Jure
750 1797 844 1820 novo
862 1784 1069 1830 sequendum
1092 1783 1143 1818 fit.
1194 1783 1288 1819 Inter
1305 1795 1365 1819 eos
1389 1793 1521 1825 autem,
1547 1783 1603 1829 qui
1622 1782 1654 1818 in
1684 1781 1890 1817 contrariam
1916 1779 1987 1815 sen-

192 1844 332 1881 tentiam
350 1841 462 1881 ibant,
492 1835 700 1879 praecipuus,
728 1833 962 1879 indignitate,
989 1832 1035 1866 ita
1050 1832 1242 1867 eruditione
1261 1842 1301 1865 ac
1316 1832 1429 1871 fama,
1456 1831 1524 1866 fuit
1550 1829 1781 1876 Ampliffimus
1806 1827 1989 1864 CORNE-

190 1892 300 1929 LIUS
325 1887 436 1923 VAN
464 1880 846 1923 BYNKERSHOEK,
874 1880 931 1925 qui
958 1890 1022 1914 nec
1040 1878 1149 1924 paffus
1174 1877 1224 1912 est
1251 1877 1345 1912 suurn
1368 1877 1547 1913 dissensum
1570 1877 1737 1925 ignorari,
1772 1877 1989 1922 rationesque

193 1953 253 1978 cur
275 1936 476 1974 dissentiret:
503 1932 614 1974 edito,
649 1930 737 1965 inter
757 1929 843 1971 alia,
866 1926 1016 1974 Opusculo
1043 1927 1094 1962 De
1110 1927 1186 1972 jure
1212 1925 1380 1968 occidendi,
1407 1927 1578 1970 vendendi,
1604 1923 1646 1966 ὅ)
1671 1926 1837 1971 exponendi
1860 1926 1987 1968 liberos,

194 1989 279 2037 apud
298 1986 422 2024 Veteres
439 1985 611 2023 Romanos,
638 1979 741 2014 Anno
761 1977 857 2022 hujus
878 1975 999 2011 Saeculi
1012 1974 1149 2010 decimo
1165 1984 1268 2009 nono·
1322 1973 1451 2009 Noster
1476 1975 1616 2009 maximi
1634 1973 1781 2010 faciebat
1795 1973 1989 2009 doctrinam

195 2038 269 2074 talis
291 2032 512 2073 Adversarii,
535 2029 572 2065 &
590 2027 715 2074 ubique
732 2022 896 2072 profeffus
922 2024 1054 2067 fuerat,
1086 2023 1164 2058 data
1187 2021 1462 2069 opportunitate:
1497 2032 1562 2058 nec
1584 2031 1698 2059 tamen
1727 2032 1926 2070 argumenta
1949 2020 1989 2058 <Sc

195 2085 405 2133 obJectiones
430 2081 500 2127 ejus
521 2079 602 2114 tanti
619 2075 778 2122 ponderis
797 2073 1029 2115 existimabar,
1058 2081 1095 2107 ut
1111 2081 1291 2118 propterea
1313 2072 1355 2107 ab
1369 2070 1534 2116 opinione
1550 2070 1604 2106 sua
1623 2070 1869 2107 dimoveretur.
1896 2071 1988 2106 Con-

195 2133 323 2179 scripsit
348 2131 450 2179 igitur
475 2127 567 2163 Libri
599 2126 644 2161 sui
679 2123 910 2160 defensionem
929 2150 938 2166 ,
984 2121 1049 2157 hac
1082 2119 1336 2166 Inscriptione:
1382 2120 1496 2157 Amica
1523 2118 1683 2166 Responfio
1712 2121 1754 2155 ad
1786 2116 1987 2167 difficultates

198 2182 349 2231 JULIO
378 2178 556 2219 PAULO,
578 2174 647 2219 five
672 2174 769 2209 Libro
795 2172 849 2208 De
874 2172 992 2207 Partus
1022 2168 1240 2214 expositione
1265 2168 1303 2205 δι
1329 2179 1414 2204 ηερε
1441 2169 1531 2216 apud
1561 2169 1731 2212 Veteres,
1767 2178 1860 2215 nuper
1889 2176 1989 2204 motas

198 2246 220 2268 a
246 2230 321 2268 Viro
343 2226 535 2275 Ampliffimo
564 2221 845 2260 CORNELIO
874 2220 981 2255 VAN
1003 2217 1444 2259 BYNKERSHOEK,
1469 2216 1698 2265 Jurisconsulto
1716 2245 1726 2261 ,
1753 2215 1795 2258 ὅ)
1820 2220 1852 2253 in
1872 2218 1988 2264 Supre-

198 2293 252 2317 ma
276 2277 483 2319 Hollandiae,
511 2272 702 2317 Zelandiae,
725 2268 765 2311 ἐξ
792 2268 1036 2305 West-Frifiae
1069 2268 1163 2303 Curia
1188 2267 1354 2310 Senatore,
1389 2266 1539 2315 Opusculo
1569 2268 1620 2303 De
1638 2268 1712 2313 jure
1735 2267 1884 2302 occidendi
1915 2266 1986 2302 ἀρ.

198 2326 471 2376 Responsionem
498 2334 573 2359 eam
603 2322 797 2367 premebat,
825 2319 905 2354 dum
933 2317 1084 2352 Editioni
1112 2327 1215 2351 novae
1242 2316 1396 2363 Operum
1422 2317 1575 2351 omnium
1593 2343 1603 2358 ,
1635 2325 1712 2362 quae
1733 2315 1791 2351 sub
1815 2316 1912 2361 prelo
1938 2314 1988 2350 su·

199 2379 318 2420 dabat,
347 2375 514 2410 insereret.
565 2371 711 2417 Egomet
728 2369 798 2404 vidi
823 2379 920 2409 earn,
946 2365 1006 2402 etsi
1023 2377 1093 2401 non
1121 2364 1281 2411 legerim,
1309 2365 1398 2411 apud
1424 2376 1504 2400 eum
1529 2365 1738 2408 absolutam,
1764 2374 1831 2412 quo
1854 2374 1989 2410 tempo·

199 2439 256 2469 re,
284 2435 318 2461 ut
340 2424 409 2469 jam
437 2421 505 2457 dixi
523 2448 532 2464 ‚
565 2420 756 2466 Lugdunum
781 2426 1009 2452 excurrerarn.
1070 2414 1224 2449 Mutavit
1245 2424 1358 2449 tamen
1386 2413 1561 2450 confilium
1579 2441 1589 2457 ,
1625 2425 1691 2460 qua
1722 2413 1765 2449 de
1795 2412 1903 2448 cauffa
1931 2423 1989 2447 ne-

200 2476 290 2512 scio:
320 2483 357 2507 ut
390 2472 529 2506 miratus
561 2468 620 2502 fim
646 2495 655 2511 ,
692 2467 826 2513 quando
854 2465 1061 2509 Opusculum
1082 2463 1155 2510 jam
1181 2464 1271 2509 typis
1299 2462 1504 2509 descriptum
1524 2491 1535 2507 ,
1576 2463 1617 2497 ab
1641 2474 1684 2497 eo
1710 2460 1842 2496 miffum
1871 2461 1990 2507 accepi

198 2522 314 2560 mense
339 2518 508 2568 Septembri
543 2516 633 2552 Anni
657 2514 813 2561 vigesimi
841 2513 986 2549 secundi.
1048 2512 1164 2555 Huic,
1199 2522 1288 2547 anno
1314 2511 1493 2558 sequenti,
1527 2510 1760 2557 Ampliffimus
1784 2510 1988 2557 Bynkershoe·

199 2574 267 2610 kius
295 2568 453 2617 opposuit
477 2567 548 2602 suas
573 2567 668 2600 Curas
682 2564 836 2612 secundas
855 2590 864 2605 ‚
898 2563 951 2597 seu
977 2560 1218 2597 refutationem
1240 2561 1286 2596 ita
1311 2570 1545 2608 comparatam
1565 2587 1575 2603 ,
1610 2569 1647 2595 ut
1667 2559 1788 2595 Amicae
1813 2556 1988 2605 Responsio-

198 2623 232 2657 ni
255 2622 394 2665 integrae
420 2616 572 2664 repetitae
599 2615 711 2648 Notas
735 2613 808 2648 suas
829 2639 839 2653 ,
871 2611 1075 2657 ubicumque
1097 2609 1207 2645 visum
1232 2609 1294 2645 fuit
1321 2609 1424 2653 utile,
1459 2610 1646 2656 subjiceret.
1700 2607 1791 2643 Heic
1817 2618 1903 2642 vero
1928 2606 1988 2641 ali·

200 2668 282 2715 quid
308 2665 451 2708 accidit,
478 2663 568 2710 quod
595 2664 628 2698 in
657 2662 767 2698 litibus
789 2660 978 2703 litterariis,
1007 2671 1073 2694 non
1100 2659 1214 2693 minus
1241 2670 1340 2706 quam
1368 2659 1402 2694 in
1428 2658 1522 2701 aliis,
1549 2658 1621 2693 satis
1646 2657 1782 2693 solenne
1800 2654 1861 2692 est.
1914 2655 1990 2690 No-

200 2718 267 2755 ster
299 2714 421 2752 alicubi
448 2711 558 2758 passus
577 2721 678 2751 erat,
713 2709 771 2744 fibi
805 2721 844 2744 ea
867 2709 972 2744 verba
995 2707 1172 2751 excidere,
1213 2718 1288 2754 quae
1310 2707 1416 2753 asperi
1444 2707 1567 2754 aliquid
1596 2706 1768 2741 haberent.
1820 2704 1901 2740 Nec
1926 2703 1989 2738 im-

201 2769 297 2815 pigre
323 2764 398 2800 usus
424 2759 472 2798 est
498 2762 563 2796 Vir
589 2758 818 2805 Ampliffimus
839 2759 934 2803 jure,
963 2757 1051 2804 quod
1078 2754 1137 2792 sibi
1164 2756 1280 2793 datum
1306 2757 1469 2801 putabat,
1495 2756 1538 2791 ad
1564 2756 1659 2801 plura
1684 2754 1788 2789 etiarn
1814 2752 1850 2789 <St
1877 2752 1989 2788 immi-

201 2817 288 2852 tiora
314 2810 561 2860 progrediendi.
623 2808 713 2857 Quid
746 2805 913 2842 Nostrum
948 2805 1136 2852 impulerit,
1171 2815 1207 2840 ut
1247 2817 1266 2840 a
1299 2816 1396 2841 more
1426 2806 1525 2841 solito
1559 2804 1756 2846 recederet,
1788 2802 1886 2849 juxta
1919 2801 1988 2837 scio

202 2876 281 2900 cum
310 2859 531 2909 ignariffimis.
584 2858 723 2892 Nollem
756 2865 852 2890 certe
886 2854 1042 2897 fastum,
1080 2864 1159 2888 cum
1192 2852 1322 2900 ipfius,
1358 2863 1430 2890 tum
1466 2854 1544 2889 Viri
1577 2851 1715 2889 illustris
1748 2849 1867 2887 caussa.
1921 2849 1989 2886 Sed

202 2914 310 2949 homo
336 2910 420 2946 fuit:
448 2908 486 2943 ἃ
510 2919 610 2954 quam
636 2903 822 2952 pauciffimi
851 2903 943 2957 sunt,
977 2902 1035 2949 qui
1068 2902 1101 2937 in
1128 2903 1251 2938 eodem
1277 2913 1397 2940 tenore
1422 2903 1505 2939 re8ti
1531 2899 1697 2949 propositi
1730 2910 1802 2936 tam
1829 2898 1986 2935 constan-

202 2972 253 2997 ter
280 2968 442 3007 pergant,
468 2967 504 2992 ut
530 2965 713 3001 numquam
740 2954 794 2988 vel
821 2953 1000 2987 minimum
1023 2951 1065 2986 ab
1091 2963 1134 2987 eo
1166 2950 1368 2987 deflectant!
1407 2952 1445 2987 Id
1471 2962 1585 2987 tamen
1612 2949 1684 2986 aliis
1710 2947 1833 2985 Nostri
1859 2945 1987 2984 meritis

203 3008 468 3044 condonandum
491 3013 628 3051 putem,
656 3003 691 3037 δι
714 3003 807 3048 spero
833 3002 1083 3036 condonaturos
1113 3012 1232 3036 omnes
1263 3012 1378 3048 aequos
1399 3000 1558 3047 judices:
1590 2998 1705 3035 habita
1728 2997 1908 3045 praesertim
1934 3006 1986 3031 ra-

202 3058 296 3094 tione
323 3056 426 3091 aetatis
452 3055 537 3089 adeo
562 3050 754 3100 provectae',
783 3055 879 3096 quae,
904 3051 985 3084 dum
1013 3050 1164 3095 corporis
1186 3050 1276 3086 vires
1305 3050 1443 3092 minuit,
1479 3049 1583 3085 robur
1610 3047 1716 3084 animi
1740 3057 1807 3082 non
1834 3044 1911 3080 finit
1936 3044 1987 3080 in-

204 3111 339 3151 tegrum
365 3115 512 3139 manere.
563 3101 654 3137 Heic
683 3100 763 3135 finis
796 3098 860 3134 fuit
887 3099 1104 3134 certaminis:
1148 3097 1183 3133 δι
1210 3111 1312 3146 quare
1339 3097 1471 3134 Nostro
1504 3098 1545 3134 ad
1574 3097 1656 3133 illud
1688 3095 1795 3132 redire
1822 3105 1891 3138 non
1916 3094 1989 3139 pla-

201 3152 328 3238 lciperit,
363 3152 431 3199 ipse
456 3151 566 3187 obiter
588 3151 694 3196 dixit,
726 3149 762 3186 in
787 3147 954 3194 ‘'I'itulum
989 3146 1440 3185 PANDECTARUM
1472 3148 1525 3186 De
1557 3144 1770 3195 adgnqscendis
1802 3142 1844 3185 ἐξ
1868 3142 1990 3180 alendis

244 3211 314 3238 erl-5.

1934 3237 1988 3273 Ab
