2036 3495
191 101 257 127 122
630 92 662 127 G
696 104 714 126 e
750 103 772 125 a
806 101 824 123 Α
859 100 881 123 n
914 99 937 122 D
975 98 987 122 1

192 182 223 211 cli
240 181 272 212 in
283 182 394 223 judicio
403 179 544 222 qztodfibz'
558 181 684 210 debetur.
707 177 790 209 Cum
809 178 923 208 dicitur
934 177 1005 217 jau
1023 176 1067 207 in-

193 223 343 262 digitatur
360 222 494 253 facultas
510 221 578 259 jure
595 219 679 250 civrli
695 219 857 250 concessa:
881 228 947 259 pari
963 217 1068 249 forma

193 272 254 303 qua
275 262 465 294 ususfrustus
489 261 533 297 est
554 263 618 301 ius,
640 263 718 292 item
736 261 822 292 astus
839 259 883 301 est
897 261 963 299 jus,
988 260 1017 290 ὅ(
1033 258 1067 290 fi-

192 305 278 335 milia
296 304 352 334 alia
366 303 431 342 jura
449 303 649 342 appellantur
667 303 684 332 l.
698 311 722 333 1.
741 301 781 333 D.
799 305 832 332 de
847 302 943 341 ul‘ufr.
958 300 993 334 ὅ)
1008 300 1028 331 l.
1041 309 1068 331 1.

192 344 235 375 D.
251 343 458 384 dese'rvitzttz'b.
476 346 562 382 proed.
579 343 678 384 rasile.
721 343 798 374 Inde
813 342 937 382 juliano
954 342 973 372 l.
991 346 1021 373 6.
1038 341 1067 383 §.

193 385 249 415 ult.
268 387 301 415 de
318 391 409 426 negot.
419 383 489 426 gest.
506 386 589 417 acuo
608 388 636 416 ὁ(
652 384 788 417 facultas
805 383 834 415 in
851 384 973 425 judicio
989 393 1067 415 con·

192 426 343 457 veniendi
367 425 451 458 idem
478 426 599 458 sonant.
643 426 710 466 Jam
728 436 808 457 vero
832 426 916 466 apud
933 424 1069 465 Gajum,

192 467 265 498 Nun
275 468 429 499 videbatur
443 469 548 509 agendi
555 468 685 506 facultas
701 473 851 508 competere
866 468 981 498 dicitur
992 490 999 504 ,
1010 476 1069 506 pro

191 517 256 539 non
276 507 442 540 videbatur
458 509 540 541 atilio
557 518 746 549 competere
764 509 782 542 l.
803 517 828 539 1.
845 507 887 540 D.
903 510 936 539 de
952 518 979 538 eo
996 508 1072 548 quod

192 557 267 580 certo
283 551 350 582 loco.
375 550 525 582 Similiter
541 551 700 582 achonem
718 552 810 588 dare,
834 550 863 581 &
880 550 993 591 agendi
1013 558 1068 588 po-

193 590 339 622 testatem
359 593 431 623 dare
450 603 508 632 pro
526 593 637 624 iisdem
658 591 725 623 sunt
741 590 771 622 in
789 591 806 622 l.
824 600 853 632 3.
871 590 911 621 D.
932 589 1069 630 desepzll-

191 633 257 664 cbro
271 634 386 665 violato.
425 633 486 665 Res
503 641 606 665 certa:
624 635 652 665 ὅ(
665 633 804 671 Praetor,
818 642 890 664 curn
906 631 1068 663 actionem

191 675 244 705 dat
259 674 377 714 aeleri,
399 677 427 706 ei
457 676 534 706 nilnl
558 676 713 706 concedit
733 683 847 714 praeter
874 673 1004 714 petendi
1023 672 1067 703 fa·

189 717 353 748 cultatem.
400 713 472 748 Nec
497 717 560 748 alio
587 716 705 756 spetflat
728 715 889 753 formula,
914 714 949 760 Si
964 720 1068 755 paret,

189 758 353 788 condemna.
370 758 464 790 Aelio
479 756 576 800 igitur
591 758 634 789 est
649 758 697 798 jus
711 757 920 798 persequendi
942 766 972 787 in
987 756 1068 795 jucli-

191 800 255 830 cio.
300 799 362 831 Sed
388 799 490 840 quid?
513 798 655 841 quodfibi
669 800 795 830 debetur.
840 798 916 830 Hoc
933 797 1068 829 verbum

187 840 379 880 plerumque
405 840 581 881 angustius,
606 841 659 872 hic
677 841 785 878 latius,
809 841 975 884 accipitur.
995 848 1068 878 pro-

188 880 256 921 prie
280 891 364 912 enim
394 883 510 914 dicitur
533 881 664 921 deberi,
690 883 778 922 quod
802 892 842 913 ex
868 881 1066 922 obligatione

143 934 147 936 ·
188 923 344 961 debetur,
364 933 553 964 quamquam
575 934 640 955 non
659 923 704 955 est
722 923 876 954 nostrum.
901 923 931 954 in
949 931 1066 962 propo-

188 963 247 995 fito
266 974 372 995 autem
385 965 493 996 deberi
514 966 699 1007 intelligitur
710 966 845 1006 qualiter
862 964 996 1005 qualiter
1016 964 1067 994 de·

186 1005 305 1045 bitum,
323 1005 386 1037 {ive
403 1017 442 1038 ex
459 1007 674 1048 obligatione,
689 1006 753 1038 live
763 1016 802 1037 ex
814 1006 976 1043 dominio,
993 1005 1067 1035 alio·

187 1057 229 1077 ve
243 1048 320 1087 jure.
366 1047 402 1078 Ei
423 1050 465 1079 rei
482 1057 723 1089 argumentum3
747 1048 836 1087 quod
853 1048 892 1078 ab
908 1055 1064 1085 utroque,

187 1097 260 1119 cum
289 1088 404 1127 Celso,
428 1098 495 1121 tum
519 1090 712 1129 justiniano,
736 1090 841 1120 omnis
866 1088 1014 1119 desinitur
1031 1097 1061 1118 a-

183 1129 254 1161 ffio
265 1154 274 1168 ,
295 1132 402 1163 tamin
415 1141 481 1163 rem
492 1155 502 1170 ,
518 1141 613 1171 quam
624 1134 652 1162 in
664 1130 841 1171 personam.
864 1129 935 1161 Nec
947 1128 990 1159 est
1001 1128 1063 1160 fine

188 1173 340 1212 exemplo
351 1196 360 1211 ‚
379 1174 467 1212 quod
479 1175 610 1205 verbum
621 1196 631 1212 ,
646 1174 760 1210 debuit,
779 1182 842 1202 non
860 1172 962 1202 minus
973 1180 1060 1201 coni-

187 1212 434 1254 plecticui-quod
452 1215 704 1254 propricdicitur
721 1214 848 1250 deberi,
863 1221 956 1253 quam
975 1212 1061 1251 quod

185 1254 273 1286 suum
290 1255 343 1286 est.
371 1254 544 1296 Ulpianum
561 1257 630 1287 audi
650 1256 746 1297 l.178.
762 1255 854 1296 §.ult
875 1254 916 1284 J).
933 1256 966 1284 de
982 1255 1060 1284 verb.

183 1294 286 1336 signif.
312 1296 378 1327 Hoc
392 1298 530 1336 verbum,
557 1296 697 1335 Debuit,
723 1306 830 1327 onlnem
846 1299 957 1326 omnino
976 1295 1061 1325 acrio-

185 1346 248 1368 nem
267 1338 494 1378 comprehendere
519 1339 708 1379 intelligitur,
724 1337 790 1375 five
807 1338 919 1373 civilis,
936 1335 1002 1374 five
1017 1336 1062 1366 bo-

184 1381 302 1409 noraria
313 1402 322 1416 ,
334 1378 398 1415 five
408 1379 690 1423 fideicvmmiffifzcit
706 1380 868 1418 persecutio.
901 1377 1060 1409 Nimirum

181 1420 268 1451 'nulla
292 1420 335 1451 est
355 1422 383 1451 in
403 1419 529 1452 afflone
555 1423 586 1452 in
604 1431 668 1454 rem
688 1422 845 1462 obligatio
865 1430 904 1451 ex
921 1428 1062 1450 conven-

182 1461 274 1492 tione
291 1461 467 1501 posl'eil‘oris
481 1461 639 1493 &domini
656 1462 683 1504 §.
697 1472 722 1494 1.
737 1459 808 1503 lnsl.
825 1460 998 1492 deafflonib.
1015 1459 1060 1491 est

182 1506 289 1533 tamen
301 1503 399 1542 qualis
410 1503 509 1543 qualis
518 1504 676 1545 obligatio
688 1513 727 1535 ex
738 1505 886 1544 primaeva
897 1502 1061 1534 bominum

182 1544 420 1580 conventione:
432 1553 491 1584 qua
504 1544 655 1577 distinctis
671 1546 755 1577 inter
767 1554 822 1576 eos
838 1544 985 1576 dominiis
996 1543 1059 1583 pla-

183 1585 269 1623 cuit,
287 1586 373 1626 quod
385 1585 513 1616 alterius
532 1587 627 1626 effet,
643 1587 663 1619 fi
679 1587 717 1617 ad
735 1587 829 1617 alium
848 1585 1059 1624 pervenisset,

181 1626 317 1658 domino
341 1625 472 1658 restitui.
505 1637 546 1658 eo
569 1627 653 1659 sensu
673 1631 702 1658 in
720 1628 748 1669 §.
766 1638 795 1669 5.
813 1625 884 1668 Inft.
903 1629 936 1658 de
950 1632 1056 1666 except.

181 1668 310 1699 videtur
327 1668 387 1699 dici
399 1692 408 1706 ,
435 1669 507 1699 Sz'irz
520 1670 632 1711 judicio
647 1676 741 1700 tecum
763 1667 929 1707 ablumfit,
947 1668 1011 1706 five
1027 1670 1057 1698 in

180 1718 258 1752 rem,
268 1708 334 1750 five
351 1711 382 1742 in
397 1711 567 1752 personam,
589 1712 776 1743 nibikmz'nus
792 1711 925 1752 obligatio
938 1717 1036 1742 durat.

856 1795 1201 1830 TITuLus

1042 87 1301 123 Noornr

1363 84 1570 124 CoMM.

1152 175 1214 208 Sed
1247 185 1280 207 ut
1303 177 1426 218 plenius
1450 178 1628 219 meliusque
1651 179 1721 210 haec
1749 179 1985 222 i-ntelligantur.:

1110 226 1176 248 non
1192 220 1357 259 omittam,
1369 220 1457 260 quod
1473 220 1625 259 Ulpianus
1642 221 1660 250 l.
1679 230 1727 260 25·
1749 220 1789 251 Ι).
1806 222 1839 251 de
1853 223 1935 263 oblig,
1947 223 1985 257 ὅ)

1110 258 1167 291 aet.
1190 268 1237 290 ex.
1255 269 1361 300 eoque
1378 260 1567 301 justinianus
1591 261 1619 303 §.
1646 271 1672 293 1.
1701 259 1772 302 ant.
1794 263 1828 292 de
1849 262 1904 294 αὲἶ.
1921 265 1989 304 ait,

1111 301 1252 331 omnium
1278 303 1438 334 actionum
1463 301 1575 342 quibus
1593 307 1675 334 inter
1691 303 1815 343 aliquos
1833 304 1916 343 apud
1933 303 1984 343 Ju-

1111 341 1198 372 dices
1211 343 1400 375 Arbitrosve
1415 345 1455 375 de
1471 353 1672 385 quacumque
1690 353 1722 375 re
1733 345 1900 383 quaeritur,
1911 345 1987 378 surn-

1111 391 1194 414 mam
1212 384 1399 416 divisionem
1423 386 1453 417 in
1472 387 1537 416 duo
1553 395 1670 426 genera
1681 386 1806 417 dividi:
1831 393 1885 417 aut
1901 387 1985 420 enim

1112 425 1144 454 in
1161 433 1228 455 rem
1245 425 1325 463 effe,
1342 428 1436 458 autin
1455 426 1629 466 personam.
1655 428 1741 467 plura
1757 428 1987 460 neuter-adfert

1112 474 1237 506 genera.
1280 466 1350 507 Ego
1367 478 1444 499 vcro
1462 469 1537 500 mibi
1559 469 1751 509 persuadeo,
1769 468 1837 500 effe
1852 469 1882 501 ἃ
1899 471 1988 501 terti-

1113 515 1165 552 um
1182 516 1282 552 genus
1306 508 1482 542 actionum:
1502 519 1577 550 -quae
1597 519 1701 550 neque
1716 512 1747 541 in
1768 519 1854 548 rem,
1880 518 1984 551 neque

1113 557 1143 578 in
1162 549 1327 586 perlonam
1342 549 1419 587 fint;
1443 550 1493 583 sed
1512 561 1551 582 ex
1577 553 1717 592 utrisque
1734 558 1938 584 mutuentur:
1960 555 1984 583 i-

1113 589 1241 629 deoque
1264 590 1372 621 mixtae
1394 591 1453 622 sint
1469 601 1533 623 tam
1552 593 1582 624 in
1599 603 1685 632 rem,
1707 602 1802 633 quam
1825 593 1855 624 in
1880 593 1984 633 perso·

1108 639 1193 676 narn.
1211 630 1288 662 tales
1304 630 1333 662 in
1351 631 1378 673 ἓ.
1394 642 1441 664 20.
1460 632 1530 674 Infl.
1546 636 1573 665 d.
1590 636 1634 665 tit.
1663 635 1732 666 sunt
1749 644 1833 665 tres:
1855 633 1984 666 familiae

1110 671 1326 710 erciscundae,
1349 678 1511 706 communi
1529 677 1727 714 dividundO,
1751 676 1781 707 &
1807 676 1917 707 finium
1942 686 1989 708 re-

1110 714 1301 754 gundorum.
1326 715 1438 754 nisque
1457 717 1528 747 addi
1549 717 1653 756 potest
1673 725 1783 758 quarta
1798 716 1915 757 petitio
1932 718 1985 748 lie-

1110 755 1271 785 reditatis:
1296 755 1359 794 ipsa
1382 756 1480 787 mixta
1498 758 1667 798 personalis
1692 759 1848 799 appellata
1870 759 1888 789 l.
1907 768 1934 798 7.
1952 759 1984 790 C.

1111 796 1143 826 de
1154 797 1236 837 petit.
1251 796 1342 827 bered.
1381 796 1502 829 Omnes
1521 809 1599 830 vero
1619 802 1732 840 partim
1754 801 1823 840 jure
1843 802 1872 831 in
1891 811 1924 831 re
1940 801 1986 832 ni·

1111 846 1239 875 tuntur,
1257 839 1370 877 partim
1384 839 1453 885 jure
1471 839 1694 881 obligationis:
1716 842 1792 873 illud
1808 841 1855 872 est
1871 841 1984 873 funda·
2016 841 2018 843 ’

1110 887 1253 910 mentum
1278 878 1408 912 actionis
1427 889 1457 911 iu
1482 891 1567 918 rem,
1591 881 1656 912 hoc
1678 883 1811 914 aCtionis
1828 884 1857 913 in
1877 883 1984 922 perso-

1110 929 1198 952 nam:
1223 920 1364 961 ideoque
1387 921 1538 952 dicuntur
1560 923 1705 955 constare
1722 934 1760 954 ex
1786 925 1929 963 duobus,
1952 925 1986 956 id

1110 961 1175 1000 est,
1197 962 1292 993 rebus
1318 963 1346 993 ὅ(
1366 963 1618 1001 praestationibus
1635 964 1870 1004 personalibus:
1895 975 1928 996 ut
1945 976 1987 998 ex

1110 1003 1128 1033 l.
1146 1013 1193 1035 22.
1211 1003 1238 1045 §.
1256 1014 1283 1040 4.
1303 1003 1343 1035 D.
1359 1004 1458 1043 Γιιτηῄί.
1477 1006 1569 1039 ercisc.
1588 1005 1606 1036 Ι.
1624 1015 1652 1046 3.
1670 1006 1712 1037 D.
1729 1006 1877 1038 Commun.
1894 1008 1986 1038 divid.

1108 1045 1127 1075 l.
1147 1054 1171 1076 1.
1191 1045 1230 1076 I).
1249 1044 1315 1076 Fz'n.
1335 1047 1454 1086 regund.
1472 1045 1508 1080 ὅ)
1526 1046 1545 1076 l.
1563 1056 1611 1085 25.
1627 1046 1655 1088 §.
1676 1052 1720 1081 18.
1738 1047 1778 1078 D.
1795 1049 1828 1078 de
1840 1049 1922 1087 petit.
1939 1049 1985 1079 he-

1104 1088 1165 1118 sed.
1196 1087 1255 1118 iuis
1278 1087 1309 1118 in
1334 1087 1413 1118 locis
1431 1087 1626 1119 manifestius
1643 1088 1928 1127 demonstrabitur,
1949 1089 1985 1122 fi-

1106 1137 1161 1159 cut
1179 1129 1307 1169 dignum
1327 1128 1371 1160 est
1388 1131 1523 1169 exponi:
1547 1138 1619 1161 cum
1638 1140 1701 1160 non
1718 1129 1753 1160 fit
1771 1140 1859 1161 vanae
1874 1131 1903 1162 δι
1919 1131 1984 1162 ina-

1105 1171 1153 1200 nis
1173 1169 1371 1208 subtilitatis,
1390 1178 1423 1200 ut
1440 1179 1456 1200 a
1476 1171 1636 1212 plerisque
1651 1172 1811 1207 creditum
1824 1171 1875 1203 sed
1893 1173 1924 1203 in
1937 1173 1983 1212 ju-

1105 1221 1139 1242 re
1156 1212 1272 1252 egregii
1292 1211 1620 1251 ustisatqueeffetius.
1646 1213 1794 1244 Moratur
1810 1222 1914 1245 tamen
1933 1223 1984 1253 te,

1104 1252 1147 1283 sat
1160 1254 1257 1283 video
1268 1276 1277 1291 ,
1293 1252 1461 1284 auctoritas
1475 1252 1603 1294 Ulpiani
1616 1253 1859 1294 &Imperatoris
1869 1256 1896 1286 d.
1907 1255 1924 1286 l.
1934 1265 1984 1296 25.

1105 1293 1141 1328 &
1159 1295 1184 1325 d.
1202 1293 1230 1336 §.
1254 1303 1277 1325 1.
1308 1303 1430 1325 tantum
1448 1296 1522 1327 duas
1539 1295 1699 1328 actionum
1718 1296 1837 1335 species
1856 1306 1985 1328 enume-

1104 1335 1258 1366 rantium:
1278 1335 1329 1366 sed
1348 1344 1400 1366 aut
1419 1335 1564 1368 blandior
1580 1336 1676 1376 mihi,
1698 1337 1810 1368 autlib.
1831 1347 1854 1368 1.
1875 1338 1983 1369 Praha-

1104 1377 1151 1408 bil.
1170 1387 1193 1408 c,
1214 1387 1260 1409 12.
1276 1378 1358 1408 evici
1378 1378 1542 1420 diligentia
1560 1377 1810 1417 observationis,
1833 1378 1982 1418 frequen-

1105 1425 1153 1448 ter
1165 1419 1294 1449 evenire
1311 1419 1395 1459 apud
1414 1418 1549 1452 Veteres
1559 1419 1723 1457 authores,
1742 1429 1814 1451 cum
1833 1421 1980 1459 nostros,

1105 1466 1171 1491 turn
1196 1460 1292 1499 alios,
1319 1468 1353 1490 ut
1377 1469 1446 1500 quae
1464 1470 1529 1492 uno
1554 1462 1584 1492 in
1610 1461 1684 1492 loco
1702 1460 1738 1492 sit
1763 1461 1913 1501 bipartita
1937 1462 1982 1493 di·

1108 1500 1203 1538 visio,
1222 1502 1283 1532 alio
1301 1501 1330 1532 in
1349 1501 1424 1532 loco
1442 1501 1477 1532 fit
1495 1503 1667 1543 tripartita:
1685 1511 1781 1543 prout
1797 1504 1895 1534 mixra
1912 1502 1980 1543 spe-

1105 1541 1169 1573 cies
1193 1543 1232 1574 ab
1249 1551 1380 1581 utraque
1397 1542 1537 1582 fimplice
1560 1543 1719 1585 separatur
1742 1552 1902 1584 tamquam
1927 1545 1982 1575 ha-

1100 1584 1181 1616 bens
1198 1585 1274 1628 quid
1292 1584 1393 1615 neutri
1413 1583 1556 1624 insitum;
1581 1594 1634 1616 aut
1650 1585 1704 1616 iub
1721 1585 1817 1616 alteru
1834 1594 1983 1626 compre-

1101 1625 1268 1663 henditur,
1290 1634 1444 1661 quatenus
1462 1626 1492 1657 in
1510 1626 1592 1657 hanc
1602 1634 1655 1657 aut
1668 1625 1751 1658 illam
1768 1627 1909 1662 inclinat.
1933 1627 1980 1658 Sit

1100 1668 1196 1708 igitur
1211 1677 1266 1708 per
1285 1666 1419 1697 Veteres
1436 1667 1577 1706 licitum,
1601 1677 1732 1699 omnem
1750 1667 1909 1701 actionem
1928 1668 1978 1700 vel

1101 1711 1132 1740 in
1151 1718 1235 1748 tres,
1260 1708 1311 1741 vel
1329 1709 1358 1740 in
1378 1710 1454 1741 duas
1473 1709 1595 1751 species
1609 1709 1807 1742 distribuere.

1258 1792 1309 1827 ΙΙ.

861 1871 912 1906 De
928 1866 1090 1917 inqfficiost)
1109 1868 1299 1916 testamento·

178 1959 332 2035 Initium
351 1958 443 1992 sumit
467 1959 647 2001 Imperator
669 1959 709 1992 ab
734 1960 911 1992 actionibus
928 1960 960 1991 in
978 1969 1057 1992 rem.

239 2002 288 2033 hae
304 2001 373 2033 sunt
385 2003 435 2034 vel
450 2002 489 2034 de
507 2000 728 2039 universitate,
745 2002 796 2033 vel
813 2003 852 2033 de
869 2001 1058 2043 singularum

178 2053 283 2080 rerum
306 2044 465 2084 petitione
481 2043 500 2073 l.
520 2052 543 2074 1.
564 2042 604 2074 D.
622 2044 655 2074 de
668 2045 709 2074 rei
723 2044 929 2074 vindicatione.
958 2041 1010 2073 De
1026 2053 1057 2074 u-

179 2084 360 2116 niversstate
384 2084 429 2116 est
452 2084 568 2125 petitio
596 2085 805 2117 hereditatis:
836 2085 923 2125 cujus
949 2085 1055 2124 plures

177 2127 248 2157 lunt
263 2126 371 2157 causae.
390 2127 488 2166 prima
505 2125 550 2157 est
564 2126 692 2166 querela
706 2125 872 2158 inofficiosi
890 2125 1054 2158 testamen-

178 2169 211 2199 ti.
229 2166 282 2198 Est
300 2176 427 2206 autem,
452 2175 486 2198 ut
503 2168 614 2199 Paulus
633 2167 679 2198 lib.
698 2178 726 2206 4.
745 2168 871 2198 Semem.
891 2169 936 2198 tz't.
957 2179 983 2207 5.
999 2169 1052 2199 de-

177 2209 268 2246 finit,
292 2208 505 2240 inofficiosum
525 2208 766 2247 testamentum,
784 2209 871 2248 quod
889 2208 1001 2240 frustra
1020 2210 1051 2240 li-

176 2251 262 2281 beris
279 2250 481 2281 exheredatis
499 2259 562 2281 non
587 2259 627 2280 ex
647 2250 757 2282 officio
782 2249 909 2291 pictatis
929 2252 1055 2283 videtur

178 2291 241 2323 esse
258 2292 484 2332 conieriptum.
518 2291 631 2323 Paulus
648 2293 710 2330 ait,
734 2292 846 2323 Liberis
863 2293 1053 2323 exheredatis:

176 2333 228 2365 vel
250 2334 388 2372 exempli
413 2331 519 2371 causa,
545 2333 595 2364 vel
618 2331 701 2364 fafta
724 2334 882 2364 relatione
899 2335 937 2365 ad
956 2335 1050 2374 origin

175 2385 249 2407 nem
266 2375 422 2414 querelae,
448 2382 563 2413 coeptae
581 2383 597 2405 a
614 2373 736 2406 liberis:
760 2374 815 2406 etsi
835 2375 887 2407 usu
905 2376 1051 2415 porreCla

177 2416 221 2447 est
239 2416 372 2457 longius.
397 2416 468 2446 sane
488 2414 639 2456 Ulpianus
657 2416 674 2446 l.
696 2425 720 2447 1.
736 2415 763 2446 b.
781 2423 801 2446 t.
821 2415 928 2447 refert.
952 2419 1051 2448 omni-

177 2458 235 2488 bus
253 2465 314 2488 tam
332 2457 536 2496 parentibus,
561 2467 653 2497 quarn
670 2457 797 2496 liberis,
814 2457 853 2488 de
871 2457 1052 2489 inofficioso

176 2499 273 2530 licere
290 2499 457 2537 disputare.
469 2499 576 2537 addit,
588 2508 745 2540 cognatos
755 2500 902 2539 proprios
915 2501 966 2539 qui
985 2499 1053 2531 sunt

174 2541 255 2570 ulna
278 2540 390 2571 fratres
415 2540 444 2571 ἃ
470 2538 594 2571 sorores
615 2563 624 2579 ‚
655 2540 768 2572 melius
793 2539 953 2579 facturos,
977 2540 997 2572 fi
1023 2541 1053 2572 se

174 2580 348 2618 sumptibus
367 2581 511 2612 inanibus
529 2591 594 2612 non
615 2589 787 2620 vexarent,
811 2591 884 2613 cum
904 2581 1052 2613 obtinere

174 2621 262 2662 spem
278 2631 341 2652 non
362 2622 526 2653 haberent.
552 2624 598 2653 Ac
615 2623 784 2654 secundum
806 2623 874 2653 haec
891 2624 1050 2663 accipien-

177 2665 253 2695 dum
277 2671 408 2702 quoque
432 2664 494 2695 boc
513 2664 660 2695 Marcelli
680 2664 698 2695 l.
714 2674 743 2703 3.
762 2665 790 2695 h.
812 2672 833 2695 t.
858 2663 1050 2705 Inofficiosum

177 2702 376 2745 testamentum
391 2706 481 2735 dicere
497 2705 547 2735 hoc
562 2704 600 2746 est
611 2729 620 2743 ,
638 2706 761 2747 allegare
771 2730 779 2743 ,
791 2716 879 2746 quare
896 2707 1050 2737 exhereda-

176 2748 204 2777 ri
217 2745 263 2776 vel
277 2746 413 2784 praeterz'ri
426 2756 483 2776 non
500 2749 647 2778 debuerit:
662 2749 737 2788 quod
745 2747 909 2788 plerumque
924 2750 1048 2787 accidit,

177 2797 243 2819 cum
253 2786 332 2826 falso
346 2792 481 2826 parentes
497 2786 688 2826 instimulati,
711 2789 810 2819 liberos
826 2790 892 2825 suos
908 2789 954 2820 vel
968 2791 1049 2820 exhe-

176 2831 279 2860 redum
296 2827 534 2867 velpraezerezmr.
581 2829 661 2860 Illud
688 2830 815 2867 durius,
840 2831 927 2870 quod
946 2830 1049 2862 inoffi-

176 2870 297 2902 ciosum
321 2868 542 2900 testamentum
559 2879 630 2901 cum
646 2870 681 2902 fit
699 2872 830 2911 impium
848 2880 943 2911 atque
960 2872 1049 2903 inhu-

175 2921 305 2945 manum
323 2933 332 2948 ,
357 2919 373 2940 a
392 2908 474 2949 Gajo
490 2910 508 2939 l.
532 2919 575 2941 12.
591 2911 619 2952 §.
642 2921 668 2942 1.
688 2912 730 2943 D.
749 2914 781 2943 dc
797 2914 859 2943 bon.
871 2912 940 2953 poff.
957 2920 1049 2945 contr.

175 2952 233 2986 iah.
248 2954 314 2993 jure
332 2950 450 2982 fastum
468 2950 530 2981 esse
540 2953 664 2983 dicitur.
682 2953 961 2986 Convenittamen
980 2964 1049 2986 ver-

174 2995 222 3027 bis
234 2992 328 3035 Legis
344 2992 526 3023 Duodecim
547 2990 742 3026 Tabularum
760 2994 825 3033 his,
847 2995 903 3026 Uli
920 2995 1049 3036 legoffic,

174 3039 218 3069 ita
235 3036 286 3077 jus
312 3033 384 3075 esto:
407 3043 476 3074 quae
495 3033 564 3064 sunt
582 3034 721 3065 latiffima
737 3036 755 3065 l.
778 3045 844 3068 120.
865 3037 906 3068 D.
923 3040 955 3068 de
971 3039 1048 3068 verb.

170 3077 277 3119 figmf'·
323 3076 384 3108 Sed
402 3077 488 3106 enirn
510 3075 619 3105 eadem
641 3073 709 3105 Lex
727 3079 806 3115 patri
823 3087 954 3119 quoque
971 3088 1048 3110 con-

175 3119 265 3151 ceffit
288 3116 458 3148 occidendi
473 3116 591 3147 liberos
607 3114 810 3148 facultatem:
833 3119 863 3149 δε
881 3119 1046 3158 miramur,

176 3158 295 3192 dediffe
313 3158 503 3198 potestatem
521 3156 756 3195 exheredandi,
773 3167 845 3188 cum
862 3160 986 3192 dederit
999 3161 1047 3201 jus

175 3200 376 3235 occidendi?
388 3200 463 3232 l.11.
481 3198 525 3232 D.
540 3200 573 3231 de
585 3196 852 3240 liber.&pollhum.
870 3201 962 3233 hered.
979 3201 1045 3241 inst.

1103 1957 1248 1990 Credidit
1266 1959 1436 1998 videlicet,
1455 1967 1576 1999 patrem
1594 1958 1671 1990 sanae
1689 1960 1804 1991 mentis
1822 1967 1885 1991 non
1900 1969 1974 1990 ven-

1102 2008 1205 2031 turum
1220 2001 1257 2032 ad
1273 2001 1532 2033 exheredaridum
1551 2000 1649 2032 filium
1661 2024 1670 2039 ,
1687 2000 1739 2031 nisi
1756 2000 1874 2041 magnis
1891 2002 1974 2032 illius

1102 2043 1243 2081 peccatis
1268 2042 1448 2080 incensum,
1471 2051 1503 2073 ut
1530 2051 1671 2073 naturam
1697 2041 1792 2081 ipsam
1812 2043 1974 2080 vinceret,

1099 2091 1135 2114 ut
1144 2093 1284 2115 amorem
1297 2094 1368 2116 eum
1383 2085 1508 2123 penitus
1525 2084 1647 2114 inlitum
1661 2084 1789 2124 ejiceret
1799 2093 1837 2114 ex
1849 2084 1976 2123 animo,

1098 2133 1133 2155 ut
1150 2123 1288 2164 denique
1305 2134 1426 2166 patrem
1446 2124 1474 2156 se
1492 2125 1747 2156 oblivisceretur.
1777 2124 1829 2155 Sic
1846 2125 1974 2166 egregie

1099 2165 1217 2197 Cicero
1243 2166 1300 2197 Pro
1325 2167 1424 2207 Roscio
1441 2167 1576 2199 Amerino
1599 2176 1623 2198 c.
1645 2175 1689 2201 19.
1713 2166 1827 2198 Addo:
1851 2166 1973 2197 Seneca

1099 2207 1147 2238 lib.
1167 2217 1190 2238 1.
1205 2207 1250 2238 De
1265 2208 1413 2238 clementia
1431 2219 1453 2240 c.
1468 2218 1511 2246 14.
1531 2209 1628 2239 verba
1644 2207 1793 2240 Senecae:
1815 2208 1976 2248 Numquid.

1099 2248 1419 2290 dliquisjamzsjilium
1445 2252 1482 2280 dd
1500 2251 1627 2289 primam
1642 2249 1777 2290 offensam
1794 2247 1973 2280 exheredat?

1095 2290 1151 2327 nisi
1166 2300 1275 2332 magnae
1295 2290 1331 2325 ἐξ
1348 2291 1441 2322 mullae
1464 2293 1581 2332 injuriae
1600 2293 1774 2332 patientiam
1798 2291 1860 2331 ejus
1878 2292 1967 2321 evice-

1093 2334 1170 2368 rint,
1194 2331 1250 2370 mfi
1259 2333 1327 2373 plus
1342 2331 1380 2373 est
1391 2357 1399 2371 ‚
1423 2336 1497 2374 quod
1514 2335 1610 2370 timet,
1633 2342 1720 2373 quam
1736 2334 1810 2373 quod
1828 2333 1968 2370 damnat,

1094 2383 1150 2404 non
1161 2375 1267 2404 accedit
1285 2376 1322 2405 ad
1338 2375 1524 2405 decretorium
1534 2373 1656 2415 stilum:
1671 2374 1764 2404 multa
1779 2378 1971 2410 (interemat,

1094 2416 1197 2456 quibus
1212 2416 1327 2445 dubiam
1343 2416 1464 2446 indolem
1487 2415 1523 2450 ὅ)
1536 2416 1630 2456 pejore
1646 2415 1701 2446 loco
1711 2415 1776 2456 jam
1788 2412 1909 2454 positam
1925 2423 1970 2445 re·

1095 2462 1184 2487 vocet.
1195 2455 1285 2494 fiinul
1301 2458 1446 2497 deplorata
1457 2454 1513 2496 esl,
1525 2458 1589 2499 jam
1605 2457 1708 2487 ultima
1724 2457 1879 2496 experitur.
1903 2455 1970 2486 Vo-

1095 2498 1153 2528 luit
1177 2498 1274 2538 igitur
1296 2496 1385 2536 Lex,
1409 2499 1523 2538 patris,
1547 2498 1634 2538 quod
1659 2498 1698 2528 de
1714 2507 1754 2527 eo
1771 2498 1853 2527 bene
1870 2497 1972 2537 spera·

1095 2546 1163 2576 ret,
1187 2539 1249 2570 effe
1273 2540 1437 2571 arbitrium
1461 2539 1678 2570 exheredandi
1695 2537 1762 2570 filii.
1806 2537 1968 2570 Caeterum

1094 2589 1284 2620 comperto,
1307 2580 1531 2612 novercalibus
1558 2580 1775 2612 delinimentis
1790 2579 1820 2611 ἃ
1843 2579 1969 2620 instiga-

1094 2622 1236 2652 tionibus
1261 2622 1417 2654 malorum
1439 2621 1606 2654 hominum
1632 2621 1714 2661 saepe
1736 2621 1898 2660 corrumpi
1915 2630 1969 2661 pa-

1093 2663 1149 2694 tris
1163 2662 1333 2703 Judicium:
1356 2662 1520 2695 induGtum
1537 2663 1598 2702 est,
1624 2663 1685 2702 <sic
1705 2663 1848 2706 loquitur
1866 2663 1969 2701 Impe-

1093 2712 1237 2745 ratorpr.
1256 2703 1327 2744 Inst.
1344 2705 1372 2736 h.
1385 2705 1429 2745 t.)
1447 2713 1480 2735 ut
1495 2706 1534 2736 de
1547 2704 1725 2737 inofficioso
1743 2713 1835 2745 agere
1851 2704 1968 2744 polline

1093 2745 1185 2777 liberi
1212 2747 1262 2785 qui
1283 2755 1479 2786 queruntur,
1502 2755 1556 2778 aut
1580 2747 1690 2787 inique
1708 2746 1737 2777 se
1754 2746 1967 2778 exheredatos

1093 2795 1146 2817 aut
1162 2785 1269 2822 inique
1286 2786 1476 2827 praeteritos.
1513 2787 1679 2819 Indqum
1697 2795 1802 2819 autern
1821 2787 1885 2818 hoc
1902 2795 1966 2817 non

1094 2827 1182 2869 Lege
1208 2827 1332 2868 Glicia,
1357 2837 1392 2860 ut
1413 2828 1537 2868 Jacobo
1564 2828 1695 2869 Cujacio
1721 2828 1820 2860 visum
1844 2828 1892 2859 lib.
1920 2836 1966 2866 14.

1095 2870 1212 2910 Observ.
1236 2880 1259 2900 c.
1285 2880 1332 2909 14.
1367 2870 1419 2901 sed
1444 2871 1594 2910 paulatim
1622 2870 1849 2911 Disputatione
1872 2869 1968 2909 Juris-

1093 2911 1312 2942 consultorum
1325 2935 1334 2951 ,
1350 2920 1446 2953 atque
1463 2913 1545 2943 adeo
1562 2912 1705 2944 moribus
1723 2912 1743 2942 l.
1757 2921 1785 2942 2.
1800 2912 1866 2952 §.5.
1878 2910 1918 2941 D.
1934 2911 1967 2940 de

1093 2953 1165 2993 orig.
1176 2952 1240 2994 jur.
1272 2952 1348 2985 Hoc
1367 2962 1473 2985 tamen
1492 2963 1555 2985 non
1572 2952 1731 2984 evincitur
1746 2956 1865 2989 verb0,
1881 2951 1967 2982 indu-

1093 2993 1179 3024 tium.
1198 2994 1253 3024 etfi
1270 2994 1333 3025 scio
1350 2996 1388 3026 ad
1406 3004 1510 3026 mores
1528 2993 1639 3026 referri
1650 2995 1667 3025 l.
1679 3004 1706 3025 2.
1718 2993 1760 3025 D.
1778 2995 1812 3024 de
1827 2991 1910 3030 vulg.
1927 2990 1967 3024 δ’

1087 3034 1309 3075 pupilsubflz‘t.
1326 3036 1344 3067 l.
1363 3046 1411 3072 29.
1431 3036 1473 3068 D.
1488 3037 1522 3066 de
1536 3037 1614 3067 liber.
1633 3031 1913 3076 &POsth·l·32-,D·
1931 3033 1967 3062 de

1092 3076 1174 3116 legib.
1193 3086 1263 3108 nam
1281 3086 1372 3114 aeque
1389 3078 1426 3108 ad
1442 3078 1528 3118 leges
1551 3077 1725 3115 respicere,
1746 3073 1811 3114 ipse
1826 3074 1966 3104 ammad-

1091 3118 1189 3148 vertit
1205 3120 1232 3148 d.
1248 3119 1298 3149 loc.
1315 3118 1356 3149 D.
1376 3118 1522 3156 Cujacius
1537 3128 1578 3150 ex
1594 3119 1612 3149 l.
1632 3126 1679 3155 24.
1695 3115 1736 3146 D.
1752 3116 1785 3145 de
1793 3111 1879 3154 statu
1889 3114 1962 3160 honr.

1090 3158 1109 3188 l.
1137 3167 1161 3189 1.
1190 3160 1233 3189 D.
1261 3161 1294 3190 de
1318 3162 1415 3200 usurp.
1432 3159 1468 3194 {9⁹
1483 3163 1599 3200 usucap.
1615 3158 1846 3197 Argumentum
1865 3154 1963 3194 mih13

1088 3200 1177 3240 quod
1203 3201 1242 3233 ad
1266 3201 1447 3242 querelam,
1472 3200 1493 3232 fi
1517 3209 1602 3232 certa
1617 3199 1704 3238 Lege
1722 3195 1961 3276 essetindusstiar}
