2036 3495
495 59 562 95 An
588 58 638 93 L1
649 67 680 93 n.
708 57 837 94 XXIII.
864 57 965 95 ΤῙτ.
991 57 1034 93 Π.
1063 58 1112 95 De
1128 58 1192 93 ritu
1209 59 1399 105 nuptiarum.

43 154 179 196 opinor,
201 161 242 184 ex
259 151 381 182 Vetere
399 147 628 190 Jurisconsulto
638 146 690 186 qui
708 146 825 187 scripsit
841 156 917 178 ante

44 197 211 228 civitatem
237 192 384 224 omnibus
420 191 473 230 qui
496 192 525 221 in
550 189 629 220 orbe
653 187 801 220 Romano
826 189 917 226 sunt,

43 239 148 270 datam
168 234 407 267 Constitutione
426 229 775 263 AntoniniCaracallae:
793 230 832 260 de
852 239 913 269 qua

44 280 110 311 dixi
139 277 192 309 sub
215 275 350 313 Titulo‚
382 275 434 305 De
448 271 532 316 statii
547 272 703 315 hominum.
728 279 800 302 ante
830 271 912 302 hanc

43 328 111 352 erat
131 318 258 360 quidem
282 325 356 347 cum
379 313 550 356 peregrinis
581 313 818 343 matrimonium
843 312 912 351 jure

42 361 202 403 gentium:
227 358 277 390 sed
291 357 376 399 justae
393 356 510 395 nuptiae
529 362 593 385 non
614 360 702 384 crant
723 354 791 392 jure
810 353 911 384 civili:

42 405 97 443 (ut
114 400 296 440 intelligitur
318 408 359 430 ex
384 397 554 437 Papiniano
581 394 682 425 collat.
709 393 761 435 leg.
788 394 912 431 Mosai'c.

43 444 81 479 ὅ)
98 443 179 474 Rom.
199 443 245 472 tii.
267 440 319 480 4.)
336 446 543 479 praeterquam
561 435 706 473 siquibus
721 436 912 466 nominatim

43 483 225 517 concessum
245 481 319 513 esset
334 481 381 520 jus
391 478 560 509 connubii:
578 476 722 508 utrcfert
738 477 912 516 Ulpianus,

42 524 76 560 iii
95 525 209 565 Frugm.
235 525 278 554 iit.
303 532 334 562 5.
352 520 381 552 ἀ
398 520 466 550 sunt
483 518 629 558 exempla
648 518 687 548 ab
704 518 770 548 aliis
787 518 911 557 prodita

42 576 117 598 cum
136 576 175 597 ex
196 564 306 601 Livio,
323 570 388 593 tum
406 559 714 596 exlnscriptionibus
727 558 910 590 Veteribus.

43 607 117 641 Hac
134 606 255 638 ratione
264 604 384 634 Seneca
400 603 474 633 loco
494 601 655 632 notiffimo
671 601 719 630 lib.
730 610 759 637 4.
774 600 818 630 De
832 603 908 630 berie-

38 649 92 690 fic.
111 658 135 679 c.
157 657 202 688 17.
220 643 399 682 Promifizibi
411 643 506 685 filiam
524 645 554 673 in
572 642 808 672 iizazrz'moniuiri:
818 639 914 681 postea

39 691 209 734 peregrinus
226 684 394 726 apparuisti.
418 695 475 716 non
488 682 526 724 eft
543 684 612 713 mibi
627 693 692 727 cirin
700 689 835 714 extraneo
850 692 916 713 coiz-

44 732 165 764 nubium
197 728 356 761 Hocante
383 725 531 757 Antonini
543 723 827 756 Constitutionem.
845 723 916 763 post

45 774 129 805 hanc
144 770 226 802 aliud
250 769 451 800 observatum
474 766 555 804 esse,
578 766 699 796 indicat
725 764 915 797 Prudentius

46 814 95 847 lib.
122 822 150 844 2.
179 812 301 850 Aiiversj
339 809 561 849 Symmachum
583 807 691 837 Verba
718 807 894 838 Prudentii.

110 851 263 893 Distanies
286 852 398 891 regione
423 850 528 890 plaigne.
553 848 705 888 divisoque
716 853 803 893 pomo
842 887 848 893 .

111 895 230 926 Liitora
260 892 436 924 conveniunt
470 900 546 922 nunc
571 895 625 931 per
652 890 821 920 vadimonia
837 897 869 919 in
885 897 917 919 u·

152 945 223 966 num

109 975 152 1012 Et
180 984 324 1007 commune
355 975 472 1013 forum,
509 982 588 1005 nunc
603 978 658 1013 per
688 970 855 1003 commercia
883 969 920 1004 ὅ)

154 1023 228 1048 iirtes

111 1059 161 1092 Ail
176 1064 276 1090 coeziiiii
291 1058 441 1095 celebrem,
462 1064 539 1087 nunc
552 1062 603 1096 per
616 1054 745 1096 genialia
754 1054 859 1094 fulcra

114 1100 242 1132 Exterizi
257 1101 294 1131 ad
307 1099 354 1139 jus
371 1099 521 1129 connubii:
543 1099 586 1128 ita
596 1096 742 1137 sanguine
759 1092 839 1135 rizilbo

121 1141 373 1175 Texituralieriii's
391 1149 426 1170 ex
438 1140 571 1180 gentibus
587 1147 648 1168 una
662 1143 800 1177 propago.

52 1183 100 1216 Ita
115 1183 179 1213 huc
198 1183 370 1213 deventum
397 1181 545 1217 tandeim
567 1187 601 1210 ut
624 1179 805 1218 (quodjain
821 1185 917 1208 anno·

53 1233 154 1256 tatum
171 1233 187 1254 a
205 1222 396 1254 Dotiiffimis
414 1220 516 1259 Viris,
539 1220 618 1259 Jano
634 1229 650 1249 a
668 1218 761 1250 Costa
779 1219 816 1249 ad
833 1219 858 1249 d.
875 1224 917 1257 pr.

55 1267 86 1297 ἃ
105 1266 243 1305 pluribus
261 1265 299 1294 ab
329 1262 504 1294 Ezecliiele
527 1261 738 1300 Spanhemio‚
762 1260 838 1291 Orbe
862 1259 920 1289 Ro-

54 1316 159 1343 mano,
191 1305 295 1336 Exere.
323 1314 350 1335 2.
381 1314 405 1334 c.
427 1303 496 1343 22.)
520 1304 601 1333 inter
619 1301 764 1332 homines
783 1300 917 1338 liberos,

54 1347 109 1378 sub
133 1347 255 1378 ditione
281 1345 423 1376 Romana
447 1343 657 1379 constitutos,
687 1341 773 1381 justae
796 1348 918 1371 contra-

53 1389 168 1420 hantur
185 1386 311 1425 nuptiae.
337 1393 367 1416 at
383 1393 455 1415 cum
473 1383 566 1415 servis
583 1383 702 1414 nullum
722 1381 784 1413 ess'e
800 1391 919 1413 connu-

53 1430 160 1465 bium,
182 1427 336 1467 Ulpianus
358 1424 458 1457 refert
479 1427 508 1456 d.
535 1426 581 1455 iit.
600 1435 629 1464 5.
648 1425 677 1455 ἃ
694 1425 822 1464 proprie
842 1423 920 1454 Pau-

56 1471 104 1502 lus
129 1467 169 1500 'lib
199 1478 215 1500 2
251 1468 380 1499 Sentent.
410 1468 454 1498 tit.
476 1476 522 1503 19.
551 1466 579 1507 §.
598 1465 720 1496 almer
733 1469 852 1503 servos,
876 1465 920 1495 in-

54 1512 143 1552 quit,
180 1509 217 1544 &²
239 1510 336 1541 liberos
352 1509 567 1539 munimentum
591 1507 721 1537 contrabi
742 1515 798 1537 non
809 1503 918 1546 potest,-

54 1551 273 1584 contziberniiim
286 1547 382 1590 potest.
401 1548 553 1588 Idemque
564 1548 646 1578 inter
655 1545 761 1578 servos
779 1547 808 1578 ἃ
825 1547 918 1578 ancil-

54 1594 99 1626 las
118 1593 137 1623 l.
158 1600 202 1629 14.
221 1590 241 1632 §
266 1600 295 1631 3.
314 1589 351 1621 D.
368 1590 393 1620 b.
411 1594 432 1620 t.
450 1589 502 1629 qui
520 1589 549 1620 δι·
575 1589 647 1619 inde
673 1588 919 1619 contubernales

58 1634 78 1666 l.
101 1642 145 1665 12.
165 1632 184 1673 §
211 1642 259 1673 3,.
279 1633 296 1661 l.
315 1640 362 1663 20.
376 1631 403 1672 §,
427 1639 450 1662 i.
475 1629 513 1661 D.
535 1631 567 1661 de
579 1627 711 1670 instruit.
728 1629 775 1660 vel
790 1627 923 1670 instrzimi

56 1675 110 1716 leg.
131 1675 149 1704 l.
168 1683 236 1705 220.
254 1672 280 1714 §.
299 1682 324 1704 1.
344 1674 388 1704 l).
406 1673 437 1703 de
451 1673 528 1702 verb.
539 1670 644 1713 signif.

74 1716 77 1718 ’
101 1714 197 1755 justas
225 1716 318 1755 igitur
344 1715 467 1754 nuptias
491 1714 558 1753 J'ure
584 1712 669 1744 civili
696 1712 779 1744 inter
794 1711 823 1744 se
838 1712 923 1744 cives

56 1756 189 1790 Romani
206 1755 420 1787 contrahunt:
442 1755 539 1787 modo
555 1753 615 1794 (fic
633 1761 790 1794 temperat
805 1753 922 1793 lustini-

57 1807 134 1830 anus
154 1800 179 1829 il.
195 1806 240 1836 pr.
255 1795 323 1835 ltili.
342 1797 369 1828 h.
388 1797 430 1837 t.)
451 1799 567 1828 coeant
583 1794 753 1827 secundum
767 1801 926 1836 ptaecepta

56 1839 192 1881 Legum.
222 1838 277 1870 Illa
301 1838 396 1879 quae?
425 1837 505 1870 Sunt
529 1839 709 1878 complura:
740 1837 792 1868 sed
816 1837 927 1869 licebit

57 1891 166 1914 omnia
183 1882 336 1912 reducere
353 1879 390 1911 ad
407 1887 543 1920 quatuor
557 1886 670 1920 capita.
696 1880 831 1919 primum
848 1877 924 1910 defi-

56 1925 127 1955 niet
145 1931 270 1953 aetatem
287 1920 403 1961 nuptiis
426 1922 686 1952 convenientem.
708 1921 840 1952 alterum
865 1929 917 1961 po-

53 1964 180 1997 stulabit
197 1962 381 1994 consensum
393 1970 557 2002 parentum
569 1986 578 2001 ,
590 1971 726 2003 quorum
745 1965 774 1994 in
787 1962 920 2002 potesta-

56 2012 90 2037 te
106 2004 164 2036 fiiit
181 2012 304 2041 nuptias
329 2004 529 2035 contractui-i.
554 2004 681 2035 tertium
709 2002 860 2044 spectabit
882 2005 922 2035 ad

55 2045 192 2086 ipsorum
212 2045 472 2077 contrabentium
487 2044 685 2076 consensum.
708 2053 853 2085 quartum
871 2054 920 2076 ca·

56 2086 167 2125 vehit,
191 2096 232 2118 ne
251 2095 383 2126 propter
407 2086 608 2128 cognationis
633 2085 837 2117 affinitatisve
854 2096 926 2126 pro-

56 2127 288 2169 pinquitatem,
312 2128 443 2160 aliamve
467 2136 560 2168 quam
576 2128 715 2167 causam,
738 2127 856 2168 nuptiae
872 2129 927 2160 im-

56 2169 238 2210 pediantur.

102 2210 203 2241 Prima
219 2218 294 2240 cura
315 2210 376 2240 erit
401 2209 484 2240 circa
507 2217 631 2242 aetatem
657 2210 782 2249 nuptias
799 2217 926 2241 contra-

55 2251 214 2283 hentium.
238 2259 306 2281 eain
322 2250 498 2289 Imperator
509 2252 535 2282 d.
549 2258 595 2291 pr.
613 2251 743 2289 aiteffe,
760 2251 780 2282 fi
796 2252 925 2291 quidem

55 2292 184 2325 masculi
195 2292 252 2324 sint
265 2293 419 2332 puberes,
429 2291 567 2323 foeminae
578 2300 681 2323 autem
694 2293 750 2323 viri
762 2300 923 2332 potentes.

55 2334 210 2365 videlicet
221 2355 231 2370 ,
242 2341 276 2363 ut
285 2332 445 2363 amoribus
457 2336 543 2374 vagis
559 2334 588 2364 ἅ
605 2333 763 2365 indecoris
780 2342 924 2364 occurra-

55 2381 124 2406 tur:
135 2373 298 2406 connubio
311 2373 492 2406 hominibus
502 2373 652 2405 concess'o
662 2384 703 2405 eo
712 2382 856 2413 tempore
866 2384 930 2415 quo

56 2423 165 2447 natura
176 2417 220 2447 eis
230 2416 281 2446 dat
291 2416 462 2455 generandi
473 2415 501 2447 ἃ
511 2414 696 2446 facultatem
716 2415 744 2447 ἃ
754 2414 929 2448 libidinem.

58 2457 179 2496 optime
194 2456 386 2489 Claudianus
401 2456 448 2486 lib.
468 2466 496 2488 2.
517 2456 562 2487 De
576 2457 709 2488 laudibus
727 2457 881 2488 stiliconis.

124 2515 136 2522 -
159 2515 170 2522 -
196 2517 199 2519 -
229 2497 273 2528 Ut
283 2499 392 2538 primos
410 2498 441 2527 in
458 2498 578 2538 conjuge
596 2500 711 2537 disceret
730 2498 830 2539 ignes,

119 2536 273 2578 Ordirique
288 2539 385 2570 viruit
404 2549 461 2569 non
478 2540 650 2570 luxuriante
660 2540 801 2580 juventa.

39 2575 113 2608 ·Est
135 2578 227 2618 igitur
249 2579 385 2619 legitima
409 2588 482 2610 zetas
509 2581 540 2611 in
567 2580 731 2621 proposito
756 2580 922 2621 pubertas:

59 2627 194 2664 eamque
226 2617 358 2651 Veteres
391 2622 421 2652 in
452 2621 594 2654 foeminis
621 2622 748 2661 quidem
776 2629 928 2662 putarunt

57 2667 248 2700 contingere
272 2669 354 2691 anno
371 2663 567 2694 duodecimo
595 2663 782 2703 completo:
816 2663 867 2695 sed
896 2665 928 2695 in

57 2699 202 2732 masculis
220 2702 396 2741 variarunt,
419 2703 630 2744 Proculejanis
648 2714 717 2736 eam
741 2706 829 2736 annis
855 2714 930 2744 qua·

60 2741 403 2787 tuordecimexpleti-s,
416 2737 563 2776 Caffianis
581 2756 619 2777 ex
638 2745 748 2777 habitu
764 2748 929 2786 corporis,

60 2782 130 2814 aliis
140 2792 221 2822 quos
237 2790 319 2813 inter
330 2781 448 2813 Priscus
459 2807 467 2821 ,
478 2785 515 2815 si·u
524 2795 540 2816 e
551 2786 721 2824 Javolenus
732 2810 740 2825 ‚
750 2786 813 2817 five
831 2785 929 2818 Nera,

60 2824 189 2862 tius,ex
199 2822 341 2863 utrisque
351 2822 727 2860 aestimantibus:auctore
744 2827 923 2866 Ulpianoz'n

59 2863 177 2906 Fragm.
193 2865 238 2895 zit.
250 2873 301 2896 XI.
319 2865 346 2906 §.
363 2865 416 2895 ult.
439 2865 499 2897 Sed
511 2866 835 2910 Imp.Justinianuspr.
850 2867 922 2908 Irzsb.

61 2905 151 2950 Qibv
171 2906 244 2936 mod.
269 2907 350 2937 rutel.
368 2906 426 2945 fin.
452 2906 480 2938 se
494 2907 542 2939 sua
561 2909 797 2942 Constitutione
811 2910 923 2951 juffisse

59 2953 122 2984 ait,
147 2947 346 2987 pubertatem
370 2950 400 2978 in
425 2948 563 2982 masculis
587 2950 688 2982 statim
704 2952 829 2983 initium
846 2953 926 2983 acci·

58 2997 135 3034 pere
156 2986 222 3027 post
235 2997 350 3034 annum
369 2989 527 3034 decimum
544 3000 689 3031 quartum
704 2995 901 3033 completum
918 3003 928 3032 ;

61 3031 94 3061 ἁ
108 3039 138 3061 in
159 3029 296 3061 foeminis
312 3038 453 3072 incipere
471 3029 570 3063 statim
594 3033 663 3073 post
679 3043 794 3066 annum
811 3035 927 3065 duode-

64 3071 194 3102 cimum.
218 3079 283 3110 quo
299 3070 366 3110 J'ure
391 3071 420 3102 id
446 3072 560 3104 dixerit
575 3073 774 3114 Imperator3
799 3074 862 3114 ipse
883 3076 928 3106 vi-

62 3111 156 3143 derit.
183 3120 253 3143 narn
270 3112 388 3143 dudum
399 3120 471 3144 ante
485 3113 526 3144 fic
541 3115 728 3154 obtinuiss'e,
743 3125 784 3147 ex
800 3116 926 3147 Macro*

62 3152 120 3187 bio
135 3153 286 3187 saturnal.
306 3153 355 3187 lib.
367 3163 394 3195 7.
411 3164 435 3187 c.
456 3163 484 3197 7.
496 3163 534 3186 ac
546 3156 564 3188 l.
581 3167 612 3198 5.
628 3156 671 3191 D.
684 3158 714 3190 ἃ
733 3157 753 3191 Ι.
769 3168 801 3197 4.
819 3158 852 3190 C.
863 3157 928 3202 ‚Qui

1768 63 1836 106 381

962 145 1071 187 testam.
1083 147 1149 191 suc.
1163 146 1234 187 poff.
1259 147 1358 179 evicit
1368 147 1490 189 pridem
1508 147 1728 189 hoc'Joannes
1746 149 1832 182 Got-

962 189 1025 220 lieb
1049 188 1245 221 Heineccius
1268 190 1308 221 V.
1336 189 1394 222 CL.
1419 199 1545 231 quem-s
1558 199 1591 222 ut
1608 200 1748 223 meretur
1763 194 1831 232 ejus

961 229 1117 274 industria·
1131 230 1574 271 adjuvandaeJurisprudentiae
1586 257 1595 271 ‚
1614 233 1743 264 lionoris
1758 243 1832 264 cau-

956 271 983 317 ia
998 271 1127 311 appello
1139 293 1147 308 ‚
1158 272 1205 301 lib.
1226 281 1253 303 1.
1270 272 1376 317 Antiq.
1388 272 1470 304 Rom.
1483 273 1654 315 Jiirisprud.
1668 273 1828 315 illustrant.

955 318 999 342 iic.
1026 321 1075 342 22.
1102 311 1264 344 Caeterum
1289 323 1446 346 minorem
1467 318 1555 348 annis
1572 316 1740 348 duodecim
1751 326 1831 357 nup—

956 361 1018 383 tani
1030 376 1039 391 ,
1051 353 1250 393 Pomponius
1268 355 1524 395 tuiiclegitimam
1539 368 1673 390 uxorem
1687 357 1760 389 fore
1769 359 1834 398 ait,

955 403 1027 424 cum
1044 393 1127 433 apud
1145 395 1246 425 virum
1263 395 1416 435 explefl'et
1434 397 1607 438 legitimam
1619 401 1747 431 aetatem
1763 400 1781 430 l.
1800 411 1831 440 4⁶

955 433 996 465 D.
1008 436 1033 464 l).
1047 441 1066 465 t.
1088 434 1122 465 In
1139 444 1278 474 eumque
1293 438 1426 468 modurn
1443 438 1473 469 in
1489 439 1506 468 l.
1520 449 1560 480 30
1584 440 1624 471 D.
1635 441 1765 486 Quando
1774 443 1835 474 dies

954 476 1071 517 legator.
1085 476 1202 507 Labeo.
1215 477 1423 522 Qgiodpiipz'llae
1437 479 1563 520 legatum
1571 480 1609 522 est
1619 508 1627 520 ‚
1637 484 1835 524 quandoque

955 516 1115 556 nupserit:
1131 516 1161 554 fi
1188 527 1220 549 ea
1243 520 1335 549 minor
1350 542 1360 557 ,
1388 529 1475 561 quam
1497 523 1655 562 viripotens
1682 526 1830 565 nupserit,

955 568 1021 589 non*
1037 565 1103 589 mite
1129 560 1155 589 ei
1180 559 1308 600 legatum
1324 561 1486 599 debebitur,
1510 565 1833 607 quamvirz'potensffle

956 602 1166 639 cwsierit:qziia
1184 610 1242 631 nori
1254 600 1344 641 potest
1360 604 1455 633 videri
1471 609 1582 643 nupta,
1593 615 1654 645 quie
1662 608 1834 648 virumpatz‘

960 640 1138 687 riori-potesb
1166 643 1261 681 Atqui
1279 651 1365 674 certa
1382 642 1427 674 est
1440 644 1515 683 juris
1530 646 1655 686 regula,
1679 649 1767 687 quod
1792 650 1833 681 ab

960 689 1053 713 initio
1085 684 1227 714 Vitiosum
1246 683 1317 722 est,
1348 693 1411 716 non
1436 685 1524 725 poss'e
1558 688 1657 719 tractu
1676 691 1834 728 temporis

961 723 1186 755 convalescere
1203 725 1222 756 l.
1240 734 1290 760 29·
1305 725 1344 756 D.
1361 727 1394 756 de
1409 736 1468 767 reg.
1486 728 1545 767 jur.
1570 727 1632 760 Sed
1651 729 1736 760 hune
1754 730 1836 763 scru-

959 766 1067 805 pulum
1085 767 1205 797 exemit
1220 765 1357 805 Jacobus
1375 766 1602 802 Gothofredus
1618 771 1655 801 ad
1674 772 1702 802 (l.
1720 771 1739 802 l.
1765 771 1768 782 '

997 807 1179 838 Secundum
1198 807 1320 848 Legum
1339 814 1536 848 praeceptum
1553 811 1732 852 Imperator
1745 815 1773 844 d.
1784 819 1837 855 pr.

959 845 1032 886 inst.
1052 848 1079 878 h.
1098 854 1119 878 t.
1138 847 1199 878 ess'e
1217 848 1276 884 ait,
1303 857 1337 879 ut
1362 851 1554 884 contraCturi
1580 855 1706 894 nuptias
1732 853 1840 886 filiifa-

963 889 1138 927 miliarum,
1162 897 1216 919 aut
1239 889 1525 928 fiiiaefamiliarum,
1548 893 1686 926 habeant
1704 895 1838 928 consen-

963 928 1028 961 sum
1045 938 1212 969 parentum
1229 939 1365 976 quorum
1383 933 1414 963 in
1428 934 1586 973 potestate
1603 935 1684 967 sunt.
1699 936 1742 968 Et
1759 947 1839 979 ptae-

962 970 1066 1015 fatur,
1085 972 1172 1011 quod
1191 971 1221 1003 id
1239 973 1306 1004 neri
1323 973 1460 1012 debere,
1479 975 1507 1006 ὅτ,
1524 977 1625 1009 civilis
1644 977 1674 1009 δι
1688 977 1839 1012 naturalis

960 1019 1042 1043 ratio
1069 1011 1186 1044 suadet.
1221 1012 1408 1054 Imperator
1419 1018 1536 1053 sziailere
1552 1018 1632 1049 dicit
1650 1028 1709 1059 pro
1728 1021 1838 1061 praeci-

962 1062 1057 1092 pere,
1081 1053 1144 1085 five
1160 1054 1332 1093 imperare:
1355 1063 1390 1087 ut
1405 1058 1435 1088 in
1452 1058 1472 1089 l.
1493 1067 1536 1098 17-
1554 1058 1583 1100 §.
1605 1060 1758 1093 1.›†D.h.t.
1775 1063 1794 1094 l.
1809 1072 1839 1096 Ι.

960 1095 987 1136 §.
1005 1098 1034 1125 6.
1048 1094 1090 1126 D.
1108 1095 1158 1126 Ne
1172 1097 1243 1135 quid
1252 1098 1283 1127 in
1293 1095 1378 1136 fliam.
1393 1098 1499 1138 public.
1518 1100 1549 1131 ἀ
1565 1102 1649 1140 apud
1667 1102 1840 1144 Apul'ejum

961 1137 1006 1166 lib.
1026 1146 1055 1171 9·
1074 1136 1268 1180 Metanzorpb.
1288 1147 1361 1169 cum
1380 1139 1526 1180 alioquin·
1546 1140 1641 1174 suasio
1667 1144 1706 1175 ab
1729 1145 1841 1177 aucto-

960 1179 1053 1208 ritate
1070 1177 1277 1218 distinguatur
1290 1180 1375 1219 apud
1389 1180 1577 1214 Suetonium
1589 1207 1598 1222 ,
1619 1184 1725 1217 Tiberio
1737 1196 1766 1218 τ.
1785 1187 1843 1228 ’27ι

962 1218 990 1259 §.
1009 1229 1037 1259 3.
1058 1218 1180 1249 Prooem.
1202 1217 1271 1258 [nst.
1288 1219 1307 1260 §
1331 1229 1376 1252 10.
1390 1220 1461 1262 Insb.
1482 1225 1515 1253 de
1529 1223 1639 1264 tesiam.
1649 1227 1742 1259 ordin.
1753 1228 1773 1258 l.
1785 1227 1841 1269 45.

964 1260 1006 1290 D.
1034 1260 1083 1291 Aci
1102 1259 1309 1305 SQt.'Trebell.
1336 1262 1381 1292 Ut
1397 1271 1432 1293 ut
1450 1265 1528 1296 erit:
1557 1267 1644 1305 quod
1661 1266 1839 1309 Imperator

964 1302 1038 1347 inii.
1055 1308 1103 1339 pr.
1121 1301 1216 1339 dieit‚
1241 1301 1365 1342 semper
1382 1304 1531 1344 procedit
1546 1305 1577 1337 in
1595 1305 1661 1338 filio
1680 1309 1709 1340 ἃ
1732 1308 1841 1343 filiafa-

964 1342 1065 1374 milias
1076 1341 1147 1380 ;sed
1165 1343 1196 1373 in
1212 1350 1334 1383 nepote
1345 1353 1382 1376 ac
1391 1354 1489 1386 nepte
1501 1369 1510 1383 ‚
1523 1356 1587 1379 non
1599 1356 1690 1388 aeque
1700 1360 1707 1381 :
1718 1360 1790 1383 nam
1808 1352 1843 1384 in

963 1391 1087 1423 nepote
1110 1392 1245 1415 uxorem
1263 1385 1419 1425 ducente,
1444 1395 1509 1418 non
1527 1395 1651 1421 tantum
1668 1393 1763 1432 avus,
1787 1392 1843 1427 sed

963 1433 1054 1462 pater
1070 1433 1202 1469 quoque
1215 1448 1225 1464 ,
1244 1425 1426 1458 consentire
1442 1428 1560 1461 debet.-
1576 1439 1674 1471 nepte
1694 1443 1770 1465 vero
1788 1444 1847 1467 nu-

963 1465 1186 1504 bente,iolius
1202 1467 1251 1497 avi
1269 1467 1421 1499 voluntas
1450 1468 1560 1501 sufficit
1577 1472 1596 1501 l.
1615 1473 1698 1514 16.§.
1719 1483 1743 1506 1.
1764 1475 1804 1507 D.
1814 1478 1845 1509 bt

964 1512 986 1538 t.
1002 1507 1031 1538 ἃ
1047 1507 1153 1539 recte:
1177 1508 1251 1547 quia
1268 1507 1298 1539 in
1318 1510 1422 1547 priore
1440 1509 1512 1541 casu
1531 1515 1658 1551 poterat
1672 1516 1847 1556 metu‘i,ne

963 1557 1006 1579 ex
1022 1556 1143 1587 nepote
1161 1549 1241 1589 patri
1257 1550 1360 1580 invito
1377 1549 1447 1582 suus
1466 1551 1558 1583 heres
1568 1553 1849 1594 agnasceretur:at:

965 1588 1017 1620 hic
1038 1596 1143 1620 metus
1167 1589 1198 1620 iii
1221 1589 1399 1630 posteri0re
1416 1601 1457 1623 ex
1472 1600 1572 1633 nepte
1591 1604 1657 1627 non
1676 1606 1754 1630 erat.
1779 1601 1847 1640 pla-

964 1639 1005 1662 ne
1021 1629 1042 1661 fi
1058 1638 1213 1670 nepotem
1236 1640 1276 1663 ex
1294 1641 1360 1664 uno
1373 1631 1441 1664 filio
1460 1634 1627 1673 &neptem
1638 1647 1679 1669 ex
1691 1637 1793 1673 altero
1810 1643 1846 1676 in.

965 1670 1122 1713 potestate
1141 1671 1296 1711 habeam,
1318 1673 1362 1705 ait
1380 1673 1589 1715 Pomponius,
1615 1681 1739 1719 nuptias
1759 1683 1845 1715 inter

967 1722 1106 1752 eos,me
1125 1712 1192 1745 solo
1210 1714 1514 1758 auctore,contrahi
1528 1717 1616 1758 posse
1632 1720 1652 1751 l.
1669 1723 1735 1762 3.d.
1749 1722 1849 1758 28³ssst

969 1755 1063 1795 igitur
1081 1753 1153 1786 filiis
1168 1753 1355 1788 autfiliabus
1373 1756 1561 1791 familiarum
1586 1770 1667 1802 opus
1689 1764 1848 1800 consensu

971 1803 1139 1840 parentum
1159 1806 1296 1838 quorum
1321 1799 1353 1830 in
1371 1800 1528 1839 potestate
1552 1801 1621 1834 fint.
1646 1813 1708 1835 nec
1725 1805 1847 1848 refert,

970 1838 1069 1878 qualis
1087 1837 1123 1869 fit
1135 1838 1314 1879 ,expreffus
1327 1849 1387 1878 ‚an
1405 1842 1528 1875 tacitus.
1542 1842 1658 1876 Itane?
1669 1846 1711 1877 ne
1720 1847 1845 1882 dubita.

969 1880 1054 1911 clare
1071 1880 1251 1912 Alexander
1268 1880 1286 1911 l.
1300 1891 1331 1922 5.
1349 1881 1382 1912 C.
1399 1882 1426 1913 b.
1444 1889 1466 1913 t.
1485 1883 1535 1918 Si.
1554 1889 1745 1927 utpropoiiis,
1759 1896 1846 1929 pater

967 1923 1111 1963 quondam
1126 1923 1226 1953 mariti
1242 1923 1288 1953 tui
1308 1924 1339 1953 in
1363 1925 1447 1965 cujus
1458 1923 1596 1965 potestate
1609 1928 1686 1968 fuit,
1720 1933 1845 1972 cognitis

964 1961 1187 2004 izupiiisvestri‘s
1208 1972 1266 1994 non
1287 1967 1486 1997 contradixit:
1509 1970 1603 1999 vereri
1615 1979 1672 2000 non
1685 1972 1782 2011 debes,
1805 1983 1844 2006 ne

964 2010 1090 2045 nepotem
1106 2006 1191 2041 licum
1209 2014 1267 2036 non
1281 2008 1428 2046 (ignescat.
1454 2007 1506 2040 Sic
1522 2009 1575 2041 ille
1592 2011 1626 2042 in
1647 2012 1775 2052 nuptiis.
1793 2014 1841 2046 Si-

971 2046 1089 2078 militer
1106 2047 1138 2077 in
1157 2046 1351 2086 sponsalibus
1362 2047 1474 2080 Paulus
1489 2050 1505 2079 li
1524 2059 1541 2090 7
1565 2050 1592 2092 ᾗ.
1618 2062 1642 2083 1.
1665 2052 1704 2084 D.
1715 2055 1747 2084 de
1757 2059 1845 2096 spon.

965 2088 1095 2127 salibus,
1119 2087 1270 2128 Intelligz',
1300 2089 1422 2130 inquit,
1438 2094 1549 2132 semper
1567 2099 1680 2133 patrem
1687 2094 1761 2134 filiae
1778 2107 1845 2129 con-

961 2131 1092 2170 sentire,
1116 2128 1171 2167 iiifi
1185 2130 1332 2160 evidenter
1357 2131 1512 2171 differiticit.
1537 2134 1578 2164 At
1603 2134 1686 2166 enim
1702 2136 1847 2175 justinia·

969 2180 1028 2202 nus
1044 2172 1071 2201 d.
1091 2177 1142 2211 pr·
1159 2169 1230 2211 hist.
1247 2172 1274 2202 b.
1294 2177 1316 2202 t.
1335 2173 1494 2214 innuptiis
1504 2172 1777 2211 filiorumfamilias
1792 2181 1849 2213 de·

969 2212 1081 2257 fiderat
1099 2220 1266 2251 parentum
1281 2212 1393 2253 jussum
1405 2238 1414 2253 ,
1431 2215 1460 2246 ἀ
1479 2215 1564 2247 hunc
1580 2226 1631 2248 eas
1647 2223 1844 2259 praecedere.

969 2252 1076 2285 Now:
1100 2254 1150 2284 sed
1174 2252 1196 2285 fi
1222 2263 1298 2285 vere
1323 2256 1435 2287 dixere
1459 2256 1641 2290 Alexander
1657 2260 1687 2292 ἀ
1706 2260 1844 2302 Paulus,

970 2295 1099 2326 tacitum
1111 2294 1253 2326 sufficere
1270 2297 1367 2335 patris
1375 2297 1582 2338 consensum,
1599 2300 1674 2341 quid
1684 2303 1846 2344 reliquum

976 2337 1041 2374 est3
1064 2335 1139 2374 nifi,
1163 2345 1197 2367 ut
1213 2343 1379 2377 putemus,
1398 2337 1535 2377 juss'urna
1550 2340 1722 2380 Justiniano
1739 2348 1847 2388 accipi

975 2386 1034 2417 pro
1060 2378 1245 2416 voluntate,
1271 2377 1322 2409 seu
1347 2378 1521 2419 consensu,
1552 2389 1587 2413 ut
1612 2384 1678 2415 inl.
1697 2387 1790 2428 29.§.
1809 2398 1845 2430 3.

974 2418 1017 2450 D.
1035 2420 1067 2449 de
1077 2417 1188 2463 inoffic3
1200 2419 1308 2465 testam.
1326 2418 1363 2454 ὅ)
1377 2421 1394 2450 l.
1418 2430 1444 2452 2.
1462 2421 1489 2462 §.
1510 2431 1534 2453 1.
1551 2423 1591 2454 D.
1609 2425 1701 2457 Solut.
1717 2431 1846 2463 matrim.

973 2459 1003 2490 ἃ
1019 2467 1142 2491 tantum
1159 2461 1238 2499 dict,
1258 2459 1369 2500 juss'um
1395 2463 1576 2500 praecedere
1601 2468 1770 2508 oportere,
1808 2479 1844 2503 uc

971 2503 1090 2541 nuptiae
1103 2501 1161 2532 fint
1176 2501 1215 2533 ab
1238 2502 1330 2532 initio
1352 2503 1454 2543 justae:
1480 2513 1516 2535 ac
1539 2504 1560 2537 fi
1576 2516 1617 2539 ex
1627 2508 1784 2546 postfaCto
1803 2512 1846 2543 se-

969 2550 1103 2582 quatur,
1126 2543 1213 2583 (quo
1234 2542 1303 2574 casu
1329 2544 1734 2593 ratihabitio-appellatur)
1757 2553 1845 2593 justae

971 2593 1013 2614 eit
1027 2593 1068 2615 eo
1085 2585 1213 2616 demum
1231 2584 1408 2617 habeantur
1427 2594 1592 2628 tempore,
1607 2592 1651 2623 ex'
1665 2601 1730 2632 quo
1747 2596 1843 2635 patris

972 2625 1137 2658 consensus
1153 2627 1364 2658 intervenerit
1391 2627 1408 2658 l.
1435 2637 1477 2669 13-
1494 2628 1520 2670 §.
1533 2633 1561 2661 6.
1578 2630 1619 2663 D.
1637 2634 1689 2664 Ad
1705 2636 1757 2675 leg.
1771 2634 1840 2673 Jul.

972 2668 1006 2697 de
1022 2667 1114 2698 adult.
1136 2666 1188 2698 Sic
1202 2666 1264 2698 fuit
1281 2675 1354 2699 ante
1378 2668 1456 2710 Imp.
1482 2671 1697 2711 justinianum.
1728 2684 1842 2706 verum

973 2708 1064 2738 aliter
1088 2708 1118 2739 se
1141 2718 1190 2739 res
1211 2708 1339 2748 habuit,
1365 2711 1528 2752 postquam
1551 2713 1593 2746 illi
1619 2716 1637 2746 l.
1661 2716 1710 2746 iili·
1732 2715 1764 2746 C.
1788 2716 1840 2747 Aa

974 2748 1126 2779 Senaruse.
1144 2748 1296 2795 Maced0732
1314 2750 1351 2785 ἐξ
1373 2752 1391 2782 l.
1415 2762 1461 2793 25.
1485 2754 1518 2785 C.
1532 2756 1564 2786 de
1580 2758 1643 2786 don.
1658 2758 1710 2785 int.
1726 2758 1782 2787 vir.
1802 2757 1841 2792 δ’

974 2799 1057 2820 uxor.
1074 2790 1210 2837 placui-t,
1227 2791 1484 2826 ratihabitionem
1499 2797 1689 2837 generaliter
1707 2797 1756 2835 (id
1773 2798 1839 2837 est,

966 2831 1028 2861 sine
1052 2839 1267 2877 exceptione,
1289 2834 1442 2875 quidquid
1466 2837 1504 2867 ab
1528 2838 1594 2868 aliis
1617 2845 1729 2867 contra
1744 2838 1839 2877 jacte-

965 2873 1034 2911 tur)
1051 2873 1185 2912 retrahi,
1209 2874 1239 2905 ὅ(
1257 2875 1447 2908 confirmare
1466 2887 1501 2909 ea
1519 2887 1586 2917 quae
1603 2878 1641 2908 ab
1658 2878 1751 2910 initio
1770 2879 1839 2911 sub-

970 2912 1074 2959 secuta
1090 2912 1170 2960 fint3
1193 2924 1299 2955 eoque
1315 2919 1478 2958 principali
1502 2919 1650 2949 mandato
1667 2919 1762 2959 patris
1784 2929 1839 2953 auc

973 2955 1132 2987 conlensui
1151 2965 1217 2987 non
1234 2957 1295 2990 ess'e
1309 2958 1488 2991 absimilem.

1014 2995 1065 3027 Sic
1082 2999 1112 3028 in
1131 2997 1353 3039 filiofamilias,
1377 3002 1469 3032 etiam
1488 3000 1519 3030 in
1536 2999 1744 3034 filiafamilias.
1769 3012 1839 3036 non

973 3038 1050 3070 item
1065 3038 1095 3070 in
1122 3039 1190 3071 filio
1205 3044 1424 3082 emancipato:
1450 3050 1518 3070 nam
1543 3041 1567 3070 is
1585 3043 1685 3079 potest
1703 3053 1855 3077 uxoremi

972 3079 1088 3111 ducere
1102 3079 1167 3112 fine
1183 3082 1280 3121 patris
1298 3082 1449 3113 consensu
1465 3081 1484 3110 l.
1499 3091 1547 3125 25.
1566 3081 1606 3112 D.
1621 3084 1648 3114 b.
1667 3090 1686 3115 t.
1714 3094 1775 3117 nec
1792 3088 1841 3118 in—

972 3121 1082 3160 terest,
1105 3130 1208 3154 utrum
1227 3123 1262 3154 fit
1279 3123 1395 3162 major,
1419 3131 1455 3151 :m
1474 3132 1595 3162 minor,
1619 3125 1707 3158 annis
1724 3128 1840 3170 viginti

971 3162 1121 3205 quinque.
1143 3163 1251 3240 Skaphe
1267 3164 1298 3195 in
1320 3163 1385 3195 filia
1407 3165 1620 3207 emancipata,
1644 3166 1697 3201 sed
1720 3171 1841 3210 minore

1160 3242 1163 3246 ‘
1255 3213 1275 3244 3
1750 3211 1839 3243 anni-³
