2052 3487
172 95 222 129 18.

205 177 279 218 Jaiii
302 177 411 210 (ludum
440 173 529 204 hercle
544 170 676 211 fabulor.
711 168 771 201 CL.
795 167 848 199 Pol
866 172 899 198 tu
916 167 1031 208 quidem

279 224 365 258 atque
382 218 467 247 ctiam
477 214 569 254 facis.

207 258 261 290 ST.
287 259 371 291 Huic
387 281 396 294 ‚
419 259 472 286 imo
497 253 586 286 hercle
608 252 688 283 mihi.

275 301 330 330 vix
345 307 440 328 veram
458 297 489 326 in
505 295 596 325 viarii.

208 340 269 378 CL.
293 340 351 371 Per
370 339 418 378 pol
434 337 507 376 slepe
524 341 633 375 peccas.
664 333 719 364 ST.
743 332 792 363 Ita
802 330 841 371 fit
854 354 865 373 ‚
887 330 939 361 ubi
960 330 1031 371 quid

280 385 424 419 tantopere
440 382 563 416 expetas.
685 414 691 418 ⁴
867 412 873 417 .

208 432 226 444 ⁶
262 420 353 452 Haiic
377 427 481 448 autem
501 414 661 447 memoriae
684 412 927 444 inconstantiam
952 410 1031 442 ficut

171 445 314 503 iif’plebe
340 459 493 491 Comicus
511 455 751 487 animadvertit:
784 455 827 484 ita
844 453 873 483 in
894 451 1031 492 Virgilio

170 503 305 543 Higinus
321 499 468 531 observat
485 497 673 536 aliquotie53
698 494 776 526 teste
792 493 902 525 Gellio
919 493 965 538 lib.
982 502 1027 538 io.

168 544 259 577 Noa.
277 542 368 573 Attic.
394 550 417 572 c.
441 545 486 571 16.
513 537 625 568 Refert
648 545 778 577 quoque
804 536 977 566 Suetonius
999 543 1032 565 iu

171 581 305 625 Augusto
328 593 351 613 c.
373 586 421 616 88.
446 588 517 611 euin
537 578 617 618 saepe
643 579 727 609 inter
746 576 947 608 scribendum
966 584 1032 606 non

170 619 290 658 litteras
307 624 407 655 niodo
427 645 437 661 ,
468 619 520 652 sed
545 619 678 661 syllabas
699 627 830 658 quoque
850 617 1032 657 praeterire,

169 675 223 698 :iut
240 672 421 706 permutare
433 686 443 701 ,
461 661 623 693 communi
640 660 805 691 hominum
824 667 944 689 errore.
970 656 1033 688 Sed

171 709 202 740 &
225 706 289 746 ipse
316 705 440 737 Gellius
465 704 513 735 lib.
537 712 584 742 15.
608 708 668 741 cap.
686 704 716 731 6.
744 699 868 730 scribit:
899 699 930 730 in
949 698 1033 729 libro

170 749 220 780 M.
239 747 359 785 Tullii,
383 746 434 786 qui
455 744 500 775 est
522 743 675 774 secundus
695 740 741 773 De
754 741 869 781 gloria,
901 738 1034 771 manife-

171 789 251 822 stum
269 797 408 820 errorem
428 785 489 816 esse
512 794 576 815 non
594 793 712 824 magnae
731 782 777 813 rei
793 805 802 821 ,
827 790 923 821 quem
949 789 1033 812 erro-

171 841 238 862 rem
257 830 336 867 effe,
370 827 463 868 possit
488 824 684 865 cognoscere
705 833 769 854 non
798 823 908 862 aliquis
930 823 1033 853 erudi-

173 880 278 903 torum
296 893 306 907 ,
340 869 392 899 sed
410 868 462 908 qui
480 875 602 898 tantum
625 867 707 903 ὁμήρε
727 865 838 905 legerit
856 865 887 893 τὲ
906 863 936 896 n':
961 872 1033 895 narn

173 912 365 944 Ciceronem
383 908 488 939 versus
508 908 663 947 quosdam
686 905 819 937 Homeri
838 915 919 945 quos
943 905 974 936 in
992 914 1033 935 eo

172 954 254 985 libro
271 953 301 982 iii
319 952 456 991 linguam
475 948 620 979 Latinam
645 948 762 986 vertit,
795 946 922 984 Ajacem
948 945 1033 977 face-

171 1004 205 1026 re
230 994 445 1032 loquentem3
476 999 547 1020 cum
573 999 629 1020 eos
656 988 739 1028 apud
765 987 944 1019 Homerum
967 996 1033 1018 non

171 1035 249 1075 Ajax
268 1035 371 1072 dicat,
396 1033 446 1062 sed
470 1030 610 1062 HeClor:
633 1029 785 1069 additque
801 1027 944 1066 Gellius,
967 1037 1034 1059 non

172 1085 235 1107 tam
254 1075 285 1106 id
303 1074 497 1110 mirandum,
521 1071 631 1103 errasse
650 1072 680 1102 in
697 1080 734 1101 ea
751 1080 784 1102 re
800 1069 849 1101 M.
869 1069 1034 1108 Tullium,

172 1126 265 1158 quam
291 1125 353 1146 non
388 1113 449 1145 effe
478 1113 542 1144 lioc
568 1112 677 1152 postea
702 1110 952 1142 animadversum
984 1112 1035 1142 vel

172 1159 212 1189 ab
230 1156 317 1196 ipso,
343 1156 393 1186 vel
413 1165 428 1185 a
447 1153 571 1185 Tirone
589 1154 706 1185 liberto
727 1153 792 1193 ejus
809 1175 817 1190 ,
840 1152 1034 1192 diligentissi-

171 1208 226 1230 mo
243 1198 374 1229 homine
392 1220 402 1235 ,
434 1196 463 1228 ἃ
489 1196 644 1233 librorum
670 1196 798 1235 patroni
818 1192 861 1224 sui
882 1193 1036 1225 studiosis-

170 1239 260 1273 fimo.

211 1290 241 1319 4.
267 1278 330 1311 Sed
350 1286 480 1319 putem,
505 1276 647 1309 Gellium
676 1276 780 1308 mirari
803 1285 870 1307 rem
887 1299 896 1314 ,
930 1283 1036 1315 neque

171 1330 310 1359 novam,
341 1329 446 1359 neque
470 1318 649 1351 insolitam:
674 1319 725 1358 qui
745 1317 915 1358 aliquando
940 1316 1035 1354 sensi,

173 1364 203 1394 ἀ
228 1361 478 1402 jurisconsultos
497 1360 621 1392 nostros
646 1358 805 1397 eri-oribus
822 1359 931 1390 iisdem
946 1357 1038 1389 fuiffe

172 1404 333 1436 obnoxios
364 1411 460 1443 atque
496 1410 724 1442 opportunos:
765 1409 901 1440 eosque?
920 1399 1037 1431 deinde

172 1455 234 1478 nec
261 1445 300 1476 ab
326 1443 397 1483 ipfis
417 1466 427 1481 ,
457 1453 517 1475 nec
532 1444 571 1474 ab
587 1440 815 1483 interpretibus
840 1449 953 1472 eorum
976 1440 1038 1472 effe

173 1485 245 1527 post
272 1493 322 1515 tot
338 1485 441 1515 secula
470 1484 661 1525 dispunelos.
703 1482 753 1513 Ex
777 1480 904 1523 Ulpiani
927 1489 1037 1520 certe,

174 1527 313 1560 hominis
338 1526 478 1566 alioquin
506 1525 590 1557 docti
617 1525 646 1556 ἃ
674 1523 802 1565 gravis,
832 1522 970 1555 hominis
994 1530 1037 1553 ta-

173 1578 267 1606 men,
293 1568 340 1607 &,
364 1568 453 1608 quod
476 1567 592 1608 magis,
616 1565 787 1606 occupati,
810 1564 894 1596 libro
915 1568 962 1598 18.
987 1564 1038 1595 Ad

172 1610 320 1642 Edictum
343 1609 490 1649 leguntur
514 1607 610 1648 vulgo
632 1607 701 1638 haec
725 1605 822 1637 verba
839 1629 849 1645 ‚
881 1605 964 1647 apud
986 1604 1037 1636 Li·

174 1652 292 1683 cinium
310 1650 460 1681 Rufinum
479 1650 509 1680 in
534 1649 593 1680 Tit.
612 1658 640 1690 7.
665 1648 832 1679 Collatiom's
852 1647 947 1689 legum
971 1645 1039 1678 Mo-

165 1695 316 1733 Jaicarum
340 1691 375 1725 ἐξ
400 1691 616 1728 Romanarum,
649 1698 786 1730 quorum
808 1696 879 1729 pars
899 1695 988 1720 extat
1005 1688 1037 1720 in

174 1735 195 1766 l.
212 1744 241 1775 3.
266 1732 302 1767 {5⁹
318 1743 348 1773 5.
374 1731 414 1763 D.
442 1732 490 1763 All
506 1732 592 1772 legem
609 1730 769 1772 Aquiliam.

212 1775 332 1816 injuria
354 1773 475 1811 occisum
497 1773 547 1814 effe
572 1775 670 1803 iiieriio
698 1772 855 1812 adjicitur:
884 1779 941 1802 non
961 1771 1037 1801 enim

227 1814 342 1857 sufficit
364 1816 485 1853 occisum
501 1838 509 1852 ,
532 1815 586 1854 secl
601 1818 706 1854 oportet
732 1812 845 1853 injuria
861 1813 889 1842 id
907 1811 958 1851 effe
968 1812 1037 1850 fac-

233 1863 306 1889 tum.
350 1856 474 1887 Proinde
492 1854 520 1892 fi
543 1856 609 1896 quis
629 1857 747 1891 servum
768 1853 906 1885 latronem
929 1853 1035 1882 occide-

235 1901 296 1936 rit,
317 1897 375 1939 lege
392 1895 513 1938 Aquilia
530 1906 586 1927 nou
610 1896 752 1926 tenebitur
765 1917 774 1932 ,
797 1897 868 1935 quia
885 1902 941 1924 non
958 1893 1036 1934 inju-

235 1941 282 1970 riu
303 1939 413 1968 occidit.
467 1937 522 1968 Sed
554 1936 590 1971 {3⁹
620 1945 823 1977 quemcumque
846 1935 936 1966 alium
952 1934 1036 1973 ferro

226 1981 261 2019 se
275 1984 414 2020 petentem
429 1981 478 2019 qui
502 1980 633 2009 occiderit
648 2000 657 2015 ,
686 1986 744 2007 vion
762 1977 911 2006 videbitur
925 1976 1038 2017 injuria

236 2019 363 2060 occidiffe
382 2030 390 2055 3
416 2020 537 2060 proinde
552 2018 581 2057 fi
598 2019 702 2058 furem
726 2017 923 2055 nocturnum,
954 2025 1037 2056 quein

237 2062 284 2093 lex
307 2063 451 2092 duodecim
473 2061 637 2092 tabularum
658 2060 812 2090 omnimodo
834 2060 976 2099 permittit
994 2066 1035 2087 oc-

235 2105 345 2141 cilere,
376 2107 427 2132 aut
445 2103 600 2140 diurnum,
630 2110 713 2142 quem
729 2109 761 2130 ea
782 2109 892 2140 quoque
913 2099 960 2129 lex
976 2104 1037 2138 pcr-

235 2145 346 2182 iuittit3
363 2144 415 2184 secl
432 2145 473 2173 ita
490 2144 618 2180 demum,
643 2140 713 2181 fise
729 2141 780 2171 telo
806 2141 958 2180 disentiat,
991 2140 1038 2169 vi-

236 2186 374 2222 deamus,
398 2194 436 2214 au
459 2184 516 2224 lege
533 2183 656 2224 Aquilia
673 2187 814 2212 teneatur.
859 2181 901 2212 Et
920 2181 1023 2219 Pompo

236 2227 304 2257 nius
325 2226 458 2262 dubitat,
481 2235 551 2255 rium
568 2227 623 2255 hac
655 2223 725 2264 (ita
744 2223 864 2260 editur,
888 2222 961 2260 haec,
986 2221 1037 2252 sed

235 2267 428 2308 legendum,
454 2266 515 2296 oie:
539 2265 570 2296 id
594 2264 638 2296 est
652 2287 662 2303 ,
687 2266 716 2295 in
736 2264 799 2294 hoc
815 2263 903 2294 casu:
936 2270 970 2293 ut
988 2263 1038 2294 All

237 2309 346 2349 Legem
363 2306 511 2348 Aquiliam
529 2312 586 2346 cap.
610 2316 638 2335 v.
658 2304 900 2344 demonstravi)
921 2304 967 2335 lex
983 2313 1040 2335 uon

230 2348 272 2387 fit
290 2351 320 2378 iii
339 2349 399 2383 usu.
421 2346 494 2384 &fi
511 2348 575 2388 quis
592 2346 676 2377 noftu
690 2348 789 2385 furem
811 2348 959 2385 occiderit,
982 2354 1040 2376 non

237 2392 421 2426 dubitamus,
435 2391 506 2429 quin
521 2396 578 2428 lege
598 2388 719 2429 Aquilia
739 2397 795 2419 non
812 2393 952 2418 teneatur.
985 2387 1041 2417 Siu

241 2437 336 2463 autem
359 2440 423 2460 cum
442 2429 528 2470 ,ooffiut
556 2430 784 2469 apprehendere,
815 2429 917 2459 maluit
939 2428 1042 2459 occide-

237 2482 267 2503 re
279 2495 287 2509 ‚
311 2472 402 2512 inagis
418 2470 472 2511 est,
499 2476 529 2501 ut
546 2471 654 2512 injuria
670 2469 765 2509 fecisse
781 2471 937 2508 videatur,
968 2469 1041 2500 ideo-

239 2522 292 2554 que
308 2515 392 2542 etiarn
409 2512 467 2552 lege
486 2513 618 2542 Cornelia
635 2508 784 2542 terrebitur.
829 2510 975 2552 Injurz'am
991 2519 1041 2541 au-

240 2560 297 2585 tem
321 2554 367 2583 bic
385 2556 508 2592 ciccipere
535 2563 585 2583 izos
606 2558 709 2592 oporiet
734 2562 790 2582 non
807 2552 1043 2593 quemadmodum

240 2594 278 2630 ἐξ
293 2595 369 2625 circa
387 2594 565 2635 iujuriarum
581 2593 719 2624 aaronem
735 2593 933 2624 contumeliam
948 2602 1041 2634 quan·

239 2638 305 2667 darn
321 2659 330 2673 ,
355 2636 406 2675 sed
425 2636 499 2676 quod
521 2645 577 2665 mm
603 2635 665 2674 jure
674 2634 793 2674 focium
810 2633 848 2674 est
866 2658 875 2672 ,
906 2635 956 2666 hoc
977 2633 1016 2674 est
1031 2656 1042 2673 ‚

242 2683 345 2709 contra
358 2677 428 2718 jus,
453 2678 482 2707 id
498 2674 553 2718 est,
575 2675 603 2714 fi
626 2677 709 2715 culpa
732 2678 797 2717 quis
817 2677 958 2706 occiderit.
1000 2675 1043 2706 Et

242 2720 302 2750 ideo
328 2719 473 2749 interdurn
498 2724 619 2758 utraque
643 2717 715 2748 aelio
736 2719 882 2749 concurrit
912 2716 948 2751 ἑὲ)
972 2717 1044 2758 legis

240 2759 369 2801 quiilioe
387 2758 422 2793 &²
444 2760 641 2800 iujuriarum.
665 2759 716 2797 secl
733 2759 796 2789 duce
818 2763 905 2789 eruut
922 2756 1042 2798 ‹estima-

240 2803 348 2839 tiones,
373 2801 431 2831 alia
445 2801 562 2838 (larnai,
587 2800 645 2830 alia
664 2800 848 2830 contumeliae.
882 2799 980 2841 Igitur
999 2801 1042 2830 in-

235 2843 350 2885 juriam
375 2842 420 2871 hic
444 2843 613 2880 accipiemus
637 2842 774 2872 dawinum
787 2841 877 2882 culpa
901 2842 1002 2872 datum
1017 2850 1044 2871 e-

241 2886 315 2915 ziam
338 2885 374 2914 ab
391 2892 437 2922 eo,
459 2885 509 2923 qui
528 2892 624 2913 necere
638 2881 741 2912 noluit.

182 2927 265 2967 Quid
292 2925 345 2955 hic
370 2925 412 2955 ait
441 2922 621 2964 Ulpianus?
642 2922 663 2954 si
689 2922 758 2962 quis
784 2920 887 2954 furem
914 2922 1040 2955 noctur-

184 2975 280 3005 num,
305 2975 378 2997 cum
405 2965 508 3007 poffet
528 2964 789 3005 apprehendere,
820 2964 930 2996 maluit
956 2965 1041 2996 occi-

185 3009 281 3039 dere:
313 3009 412 3048 magis
437 3006 517 3045 effe,
549 3014 584 3037 ut
602 3006 710 3045 injuria
739 3003 847 3036 fecisse
877 3006 1042 3045 videatur,

186 3049 326 3089 ideoque
345 3050 439 3080 etiam
457 3049 528 3089 lege
545 3047 676 3078 Cornelia
692 3053 847 3078 teneatur.
890 3046 1042 3078 Potestne

187 3098 268 3119 vero
296 3090 468 3130 quidquam
492 3089 650 3129 ineptius,
687 3095 740 3119 aut
773 3086 912 3128 Ulpiano
938 3088 1041 3119 minus

186 3129 434 3162 consentaneum
453 3131 617 3172 proferri?
643 3128 712 3170 Ego
730 3130 800 3160 sane
817 3137 834 3159 a
856 3130 953 3169 genio
972 3137 1045 3160 meo

186 3178 357 3211 numquam
372 3171 560 3212 impetravi3
582 3181 647 3214 quo
665 3171 767 3204 minus
786 3178 823 3202 ea
841 3169 920 3214 legis
940 3170 1044 3202 Corne-

733 249 801 282 Vah
823 249 938 280 tandem
959 249 1031 279 redii

712 82 1063 116 V'GERARDI
1113 77 1339 113 Nonne

1072 165 1116 196 12·ae
1139 164 1263 196 mentio
1289 163 1497 205 imprudentis
1521 162 1582 196 esse
1606 163 1790 202 videretur,
1813 163 1843 196 ὃς
1867 165 1933 204 ejus

1074 206 1128 246 qui
1157 206 1266 237 dicere
1297 206 1401 245 legem
1432 205 1602 246 Aquiliam,
1642 204 1823 236 sustineret:
1861 216 1932 238 nam

1073 247 1137 278 huc
1154 254 1259 278 totum
1275 247 1352 284 illud
1373 244 1732 287 UlpianiFragmentum
1754 246 1934 287 pertinere,

1073 297 1137 319 non
1159 287 1282 328 dicam,
1313 287 1475 328 colligitur
1501 297 1541 319 ex
1566 287 1702 325 Titulo,
1725 296 1778 318 aut
1803 286 1934 327 Inscrip-

1073 330 1163 360 tione
1188 329 1271 360 illius
1300 329 1391 367 loci,
1413 336 1467 359 aut
1500 338 1539 360 ex
1575 329 1781 360 connexione
1811 338 1935 366 rerum,

1073 379 1265 409 quamquam
1282 370 1334 401 illa
1349 368 1546 402 sufficerent:
1565 368 1617 402 sed
1638 377 1768 411 apparet
1787 379 1826 400 eit
1846 370 1937 401 claris

1073 410 1203 451 Ulpiani
1216 412 1332 443 verbis.
1356 413 1583 452 interpretatur
1602 412 1684 442 enim
1703 411 1780 451 legis
1801 411 1935 450 Aquilio:

1073 460 1170 493 caput
1197 455 1355 492 primum3
1385 454 1416 483 in
1442 461 1548 493 eoque
1576 452 1672 483 verba
1704 453 1792 491 liaec,
1825 453 1938 493 injuria

1074 494 1216 524 occiderit.
1243 493 1325 524 unde
1341 502 1413 525 cum
1432 492 1655 533 praesumeret,
1680 493 1725 524 ire
1747 495 1777 524 in
1802 494 1938 524 nonnul-

1078 535 1121 566 las
1141 534 1280 575 species,
1304 535 1335 566 in
1360 535 1474 575 quibus
1499 544 1606 566 venire
1631 534 1734 575 posset
1755 534 1935 572 dubitatio,

1076 584 1180 607 utrum
1199 576 1303 607 caedes
1321 585 1379 616 per
1396 575 1536 615 injuriam
1559 575 1643 607 fafta
1668 576 1852 612 videretur,
1877 585 1939 606 nee

1075 626 1135 655 ne;
1159 625 1254 657 atque
1272 618 1353 648 adeo
1370 617 1527 648 incideret
1549 618 1578 648 in
1598 616 1702 648 furem
1729 616 1938 647 noeturnum:

1077 658 1208 690 dubium
1225 667 1290 689 non
1310 657 1373 696 est,
1395 658 1448 689 ubi
1478 659 1582 699 primo
1606 659 1682 689 loco
1700 658 1778 688 dicit
1793 680 1801 693 ,
1829 657 1939 688 viden·

1076 699 1152 731 dum
1170 698 1252 737 effe,
1276 708 1314 730 an
1334 700 1404 740 lege
1426 699 1550 740 Aquilia
1572 708 1736 737 teneatur,
1760 699 1812 738 qui
1833 697 1939 731 sui-em

1077 740 1144 772 telo
1165 739 1196 772 se
1221 739 1450 772 defendentem
1471 741 1650 776 occiderit3
1672 743 1700 770 <St
1725 740 1840 770 deinde
1867 738 1937 770 sub-

1073 782 1164 822 jicit,
1188 791 1260 814 eum
1285 782 1338 823 qui
1360 780 1464 813 furem
1492 782 1588 813 noctu
1612 781 1751 819 occidit,
1775 780 1826 811 sed
1850 788 1940 811 metu

1075 823 1211 862 mortis,
1235 823 1298 865 (ut
1322 824 1418 863 paulo
1446 823 1568 862 plenius
1593 822 1781 862 exprimitur
1805 822 1835 852 in
1860 823 1888 853 d.
1916 822 1938 861 l.

1074 864 1137 906 5.)
1162 865 1233 904 lege
1253 865 1377 904 Aquilia
1401 874 1464 895 non
1483 865 1604 902 teiiei·i;
1627 865 1701 901 quin
1726 864 1756 894 in
1781 864 1941 894 contraria

1076 914 1207 945 quoque
1233 903 1361 944 specie,
1385 906 1416 936 in
1439 914 1500 944 qua
1517 908 1585 944 quis
1610 906 1735 943 maluit,
1761 903 1865 935 fui-eni
1884 913 1941 935 oc-

1075 946 1203 984 cidere,
1228 955 1342 986 quam,
1362 955 1434 978 cuni
1453 946 1574 986 posset,
1598 946 1858 986 apprehendere,
1883 955 1943 985 po-

1076 988 1137 1019 tius
1155 987 1294 1018 indicare
1311 988 1416 1028 legem
1426 989 1601 1028 Aquiliam,
1619 997 1712 1027 quam
1733 986 1916 1019 Corneliam
1928 1010 1939 1025 ,

1077 1029 1234 1060 voluerit:
1259 1029 1416 1068 primum,
1440 1030 1512 1069 quia
1533 1036 1606 1059 ante
1630 1029 1708 1060 nihil
1735 1028 1876 1068 quaefivit
1899 1029 1940 1058 de

1078 1070 1149 1111 lege
1166 1069 1335 1108 Cornelia3
1351 1079 1457 1110 neque
1475 1072 1620 1109 oportuit
1639 1079 1709 1100 eum
1718 1070 1828 1107 aliter,
1845 1079 1941 1109 quam

1077 1112 1117 1143 ad
1137 1112 1351 1152 interrogata,
1376 1109 1588 1151 respondere:
1612 1110 1726 1141 deinde
1744 1111 1775 1141 in
1801 1110 1940 1150 ejusdem

1078 1151 1261 1193 quaestionis
1285 1152 1501 1191 explicatione
1519 1161 1596 1184 mox
1613 1152 1727 1182 iteruin
1751 1151 1849 1192 legis,
1873 1161 1942 1185 nou

1081 1193 1239 1226 Corneliae
1256 1215 1266 1232 ,
1291 1193 1343 1225 sed
1366 1193 1500 1233 Aquiliae
1517 1216 1527 1232 ,
1557 1193 1701 1224 meminit
1726 1193 1755 1224 tl.
1778 1192 1798 1223 l.
1817 1202 1846 1232 5.
1865 1191 1893 1233 §.
1915 1201 1943 1223 1.

1079 1235 1178 1266 tertio
1196 1236 1388 1275 proponitur
1403 1235 1508 1265 caedes
1530 1233 1592 1265 ess'e
1609 1243 1665 1273 per
1691 1233 1833 1274 injuriam
1853 1243 1942 1264 com-

1079 1275 1182 1307 missa:
1207 1275 1347 1315 injuriam
1364 1283 1490 1314 autern,
1515 1284 1548 1306 ut
1573 1274 1726 1315 Ulpianus
1748 1282 1887 1315 utroque
1909 1275 1943 1306 in

1080 1318 1155 1349 loco
1183 1316 1312 1355 scribit,
1345 1316 1398 1348 hic
1429 1318 1576 1357 accipere
1608 1326 1668 1347 nos
1697 1323 1832 1356 oportet
1856 1325 1943 1354 non,

1080 1358 1351 1399 quemadmodum
1368 1358 1452 1389 circa
1470 1359 1651 1398 injuriarum
1662 1357 1818 1388 aaronem
1830 1380 1839 1392 ,
1863 1366 1942 1389 con-

1081 1399 1243 1431 tumeliam
1260 1399 1449 1439 quamdam,
1472 1397 1524 1431 sed
1544 1400 1632 1438 quod
1655 1408 1719 1430 non
1737 1398 1803 1438 jure
1821 1397 1942 1430 factum

1081 1440 1145 1479 est,
1170 1440 1234 1471 hoc
1252 1437 1313 1480 est,
1336 1449 1448 1472 contra
1463 1441 1531 1480 jus,
1555 1439 1617 1471 five
1632 1439 1651 1471 fi
1670 1440 1763 1480 culpa
1793 1439 1862 1479 quis
1887 1448 1943 1471 oc-

1080 1482 1215 1520 ciderit,
1240 1483 1294 1512 etii
1312 1482 1451 1513 noluerit
1467 1483 1496 1513 d.
1521 1482 1540 1512 l..
1564 1491 1595 1522 5.
1614 1481 1644 1522 §.
1666 1490 1692 1512 1.
1710 1482 1738 1512 d.
1756 1486 1777 1512 c.
1797 1490 1827 1520 7.

1118 1533 1150 1563 5.
1175 1522 1378 1564 Quamquam
1403 1523 1486 1555 enim
1511 1522 1542 1554 in
1566 1524 1637 1563 lege
1658 1522 1783 1560 Aquilia
1810 1520 1943 1553 sufficiat

1079 1564 1173 1605 culpa
1195 1564 1454 1605 qualiscumque,
1485 1565 1580 1595 etiam
1602 1563 1752 1595 levissima
1775 1563 1794 1593 l.
1823 1572 1874 1602 44.
1898 1562 1943 1594 D.

1079 1606 1140 1637 eod.
1166 1607 1213 1636 tit.
1236 1606 1267 1636 in
1287 1605 1359 1647 lege
1390 1614 1494 1637 tamen
1515 1605 1665 1636 Cornelia
1684 1605 1775 1636 dulus
1798 1613 1857 1645 pro
1875 1602 1944 1634 fac·

1081 1653 1116 1678 to
1140 1647 1315 1687 accipitur3
1338 1656 1400 1678 nec
1416 1647 1508 1687 culpa
1526 1647 1606 1685 lata,
1629 1646 1747 1678 nedum
1765 1646 1865 1684 levis,
1888 1652 1944 1675 aut

1081 1687 1253 1726 leviffima,
1276 1697 1336 1728 pro
1361 1689 1437 1720 dolo
1455 1687 1591 1719 habetur
1607 1687 1624 1718 l.
1643 1697 1671 1728 7.
1692 1687 1734 1718 D.
1771 1685 1822 1718 Aa
1853 1687 1943 1727 legem

1082 1728 1244 1760 Corneliam
1270 1731 1303 1760 cle
1318 1728 1443 1768 ficariis.
1486 1728 1530 1760 Et
1553 1729 1689 1769 proinde
1718 1729 1780 1769 legi
1811 1727 1943 1768 quidem

1081 1769 1233 1810 Aquiliae,
1258 1771 1335 1802 item
1357 1779 1474 1801 naturae
1489 1793 1498 1808 ,
1522 1771 1643 1810 culpae,
1666 1771 1798 1801 nomine
1822 1769 1943 1809 obliga-

1079 1811 1164 1841 bitur
1184 1811 1237 1850 qui
1255 1811 1448 1843 nocturnum
1476 1811 1599 1849 furem,
1623 1811 1677 1842 ubi
1705 1810 1808 1850 poss'ct
1831 1819 1943 1849 appre-

1078 1850 1220 1883 hendere
1238 1852 1266 1882 δι
1282 1852 1438 1891 servare,
1463 1853 1572 1884 maluit
1605 1852 1758 1892 perdere,
1790 1852 1888 1882 invita
1912 1851 1943 1883 &

1078 1899 1212 1924 vetante
1244 1893 1440 1925 humanitate
1461 1895 1489 1925 d.
1512 1894 1530 1924 l.
1561 1905 1587 1933 5.
1615 1893 1651 1928 ὃ*
1675 1895 1701 1924 d.
1724 1900 1744 1925 t.
1772 1901 1799 1933 7.
1830 1901 1942 1923 vei-um

1080 1933 1150 1974 lege
1175 1933 1326 1966 Cornelia
1352 1944 1416 1966 non
1448 1935 1633 1971 tenebitur,
1667 1935 1748 1974 qnasi
1774 1932 1942 1964 conmisso

1081 1975 1177 2006 dolo:
1206 1983 1277 2005 cum
1303 1975 1413 2015 utique
1440 1977 1469 2007 ei
1499 1977 1569 2017 lege
1594 1975 1776 2006 Duodecim
1803 1974 1943 2005 Tabula-

1080 2024 1149 2047 rum
1183 2017 1287 2046 caedes
1319 2017 1466 2048 nocturni
1491 2016 1568 2048 furis
1591 2017 1653 2055 (ut
1684 2015 1839 2055 Ulpianus
1871 2016 1943 2055 ait)

1080 2057 1269 2088 omnimodo
1286 2081 1295 2095 ,
1320 2058 1352 2088 id
1372 2057 1418 2089 est
1435 2081 1445 2097 ,
1477 2058 1540 2090 sine
1561 2057 1763 2089 distinctione
1788 2065 1883 2096 atque
1910 2056 1942 2087 in

1080 2097 1261 2136 inlinitum,
1285 2100 1503 2139 permittatur:
1527 2106 1627 2140 puto,
1651 2099 1739 2139 quod
1770 2098 1846 2129 dolo
1875 2107 1943 2129 non

1081 2139 1264 2183 delinquat,
1292 2140 1380 2179 cujus
1403 2142 1503 2178 ratio,
1536 2140 1659 2171 turbata
1680 2147 1734 2170 aut
1757 2146 1864 2177 metu,
1888 2147 1943 2169 aut

1080 2181 1179 2211 lubita
1207 2189 1304 2220 atque
1327 2181 1496 2221 improvisa
1519 2181 1583 2219 ira,
1617 2190 1683 2212 non
1708 2181 1750 2212 lui
1778 2181 1854 2221 juris
1880 2180 1943 2218 est;

1080 2229 1115 2252 ut
1134 2221 1265 2252 confilio
1289 2223 1416 2262 potius,
1442 2232 1537 2262 quam
1561 2223 1703 2263 impetu,
1726 2222 1872 2253 videatur
1888 2222 1942 2253 de-

1083 2271 1235 2294 cernere:
1258 2272 1329 2294 nam
1358 2264 1422 2304 (ut
1439 2263 1557 2295 Persius
1576 2265 1619 2294 ait
1637 2263 1700 2294 Sat.
1724 2264 1779 2305 3.)

1121 2321 1175 2327 —
1197 2303 1269 2334 Face
1279 2303 1429 2345 suppofita
1437 2305 1576 2345 fervescit
1585 2305 1732 2345 sanguis,
1756 2304 1791 2338 δ”
1808 2305 1855 2335 ira

1124 2345 1291 2377 Scintillam
1310 2347 1403 2385 oculi,
1427 2348 1570 2388 dicisque,
1585 2346 1737 2387 facisque,
1761 2348 1836 2386 quod
1849 2344 1906 2385 ipfh

1124 2387 1277 2426 Nonsaiii
1296 2386 1346 2427 effe
1364 2388 1503 2427 hominis,
1526 2397 1584 2419 non
1599 2388 1695 2427 *sanus
1713 2387 1792 2429 jure!
1818 2384 1942 2425 Orestes.

1084 2425 1185 2469 quue
1207 2427 1273 2459 fine
1299 2429 1397 2460 dubio
1425 2428 1487 2467 est,
1524 2430 1612 2470 quod
1635 2428 1824 2469 Augustinus
1842 2427 1889 2458 lib.
1917 2437 1943 2458 1.

1085 2468 1133 2500 De
1158 2470 1241 2501 libero
1268 2470 1387 2501 arbitrio
1413 2469 1540 2509 scribit,
1564 2470 1611 2501 Ea
1638 2470 1817 2500 vindicanda
1833 2467 1890 2506 fibi
1908 2468 1944 2498 le-

1081 2519 1147 2552 gem
1167 2510 1268 2551 populi
1302 2511 1454 2553 affirmem,
1485 2522 1547 2553 quoe
1576 2512 1645 2547 latis
1668 2509 1730 2548 sint
1761 2510 1944 2540 conciliandae

1080 2552 1151 2592 paci
1176 2552 1335 2584 hominibus
1361 2553 1522 2593 imperitis,
1555 2551 1590 2587 &¹
1616 2558 1726 2594 quauta
1756 2550 1869 2591 poffuut
1892 2557 1946 2590 per

1084 2593 1224 2624 hominem
1240 2594 1316 2634 regi:
1339 2594 1403 2625 illas
1420 2604 1487 2626 vero
1503 2594 1600 2634 culpas
1617 2593 1690 2624 alias
1701 2601 1801 2634 poenas
1822 2593 1943 2630 hahere,

1084 2644 1103 2666 a
1118 2635 1222 2676 quibus
1245 2634 1311 2674 sola
1335 2635 1454 2667 liberare
1481 2634 1554 2676 poffe
1578 2635 1696 2666 videtur
1712 2634 1870 2674 sapientia.
1900 2631 1944 2662 Et

1086 2677 1181 2715 paulo
1199 2675 1280 2716 post.
1324 2676 1428 2709 Videri
1445 2677 1497 2708 tihi
1513 2678 1598 2718 legem
1613 2673 1712 2716 istam,
1737 2685 1799 2716 quae
1814 2675 1945 2713 regendis

1085 2718 1256 2748 civitatibus
1273 2717 1391 2757 fertur,
1413 2718 1506 2750 multa
1528 2720 1689 2751 concedere,
1718 2726 1780 2757 quae
1800 2723 1853 2756 per
1868 2715 1946 2745 (iivi-

1085 2768 1154 2789 nam
1177 2759 1390 2799 providentiam
1420 2760 1645 2796 ‘iu'ndicantum⁴
1663 2758 1699 2792 &⁹
1735 2756 1826 2788 recte:
1856 2765 1946 2797 neque

1086 2801 1179 2838 enim,
1202 2801 1272 2841 quia
1294 2810 1350 2831 non
1366 2802 1462 2832 omnia
1471 2801 1570 2839 facit,
1593 2801 1651 2831 ideo
1672 2809 1733 2836 qum
1747 2799 1828 2837 facit
1843 2799 1945 2837 iiiipro-

1085 2842 1180 2872 barula
1203 2841 1263 2881 effe.
1309 2841 1391 2873 Vera
1413 2842 1483 2873 liaec
1501 2841 1531 2873 &
1548 2849 1653 2873 certa:
1677 2840 1708 2871 in
1727 2839 1834 2880 primis
1860 2837 1946 2879 post·

1085 2891 1180 2921 quam
1210 2882 1325 2914 Paulus
1349 2883 1419 2914 libro
1447 2894 1478 2924 5.
1508 2883 1742 2918 Sententiarum,
1775 2880 1825 2912 Aci
1858 2880 1946 2920 legem

1085 2923 1246 2954 Corneliam
1270 2924 1304 2954 de
1313 2923 1429 2962 ficariis
1453 2923 1490 2959 ἐξ
1506 2923 1660 2963 veneficis,
1684 2923 1767 2961 apud
1785 2921 1946 2953 Licinium

1087 2964 1237 2996 Rufinum
1266 2964 1299 2996 in
1319 2966 1346 2997 d.
1381 2964 1440 2996 Tit.
1469 2975 1499 3004 7.
1532 2975 1597 2997 rem
1621 2972 1730 3005 aperte
1756 2963 1785 2994 ἃ
1808 2963 1854 2994 liis
1875 2970 1945 3007 quae

1085 3006 1151 3037 diiii
1169 3007 1401 3038 convenienter
1418 3006 1549 3038 definit:
1566 3015 1659 3045 cum,
1675 3006 1803 3047 Siquis,
1821 3004 1945 3042 inquit,

1077 3047 1180 3086 furem
1203 3046 1377 3079 nocturnum
1396 3047 1443 3078 vel
1467 3049 1624 3087 diurnum,
1647 3057 1712 3079 cum
1723 3053 1752 3085 se
1783 3044 1834 3075 telo
1851 3043 1947 3081 defen-

1087 3089 1181 3126 deret,
1203 3090 1354 3128 occiderit,
1377 3089 1430 3120 hac
1452 3090 1566 3131 quidem
1591 3089 1650 3131 lege
1675 3097 1732 3118 non
1749 3091 1876 3122 tenetur,
1895 3085 1946 3123 sed

1087 3129 1187 3160 melius
1204 3130 1334 3169 fecerit,
1376 3130 1407 3161 ui
1431 3139 1496 3162 eum
1524 3129 1767 3171 comprehensum,
1799 3127 1946 3157 transmit-

1088 3171 1205 3202 tendum
1226 3172 1264 3203 ad
1277 3171 1344 3205 Prae
1356 3172 1430 3205 idem
1446 3169 1675 3215 Magistratibus
1695 3168 1837 3201 obtulerit.
1862 3165 1948 3239 biam

1896 3217 1949 3240 en·
