2052 3487
414 131 478 168 An
529 128 689 167 Lmen
739 130 973 174 Aonium
1024 130 1170 168 Lina-R
1222 125 1517 175 Szrtentaxis.

80 222 150 265 quis
173 222 257 255 enim
283 216 449 263 distinguat
466 222 496 253 in
520 228 553 252 re
581 219 787 267 obscuraQin
805 230 866 263 qua
888 231 944 268 ne-

78 273 134 297 mo
159 265 254 297 caedis
272 263 454 297 manifestus
479 262 547 300 est„
570 270 639 301 quis
663 271 807 295 omnium
833 272 941 304 potius

79 307 151 348 lege
169 306 290 346 Aquilia
309 303 612 336 teneatur?'abeuiit
631 303 726 344 igitur
744 305 775 335 in
785 305 944 338 diversum

81 348 111 379 δε
133 347 350 389 disputationis
373 344 545 383 subtilitas,
570 344 598 375 ἀ
617 345 775 392 puniendi·
794 346 943 392 maleficii

82 390 176 420 ratio.
220 389 281 420 Sed
302 388 439 428 placuit,
465 395 523 426 pro
545 392 709 417 communi
732 387 869 419 utilitate
891 389 944 420 de-

81 430 190 469 finire,
224 438 334 461 ornnes
362 428 481 465 teneri,
506 425 561 458 etsi
593 437 690 458 nemo
716 429 874 469 arguitur:
901 431 944 461 ita

81 472 165 503 enim
192 470 292 503 solent
321 469 435 507 nostri3
458 468 608 509 quotiens
637 469 715 500 nihil
738 470 800 500 line
823 471 944 510 captio·

81 522 122 544 ne
139 512 315 552 investigari
332 509 435 551 potest
448 533 457 548 ‚
481 510 602 550 eligunt
625 511 656 541 id
674 512 761 550 quod
779 512 944 544 minimum

80 554 196 585 habeat
214 553 383 593 iniquitatis
400 551 419 581 l.
444 560 515 583 200.
536 550 575 581 D.
595 552 628 581 de
644 553 751 593 regulis
763 553 852 594 juris.
885 552 945 600 lgi-

80 603 150 633 tur,
174 595 304 626 homine
321 603 336 624 a
360 593 501 634 pluribus
525 592 653 632 occiso,
678 602 790 625 omnes
813 597 843 625 in
874 594 944 626 soli-

81 637 156 668 dum
174 643 332 667 tenentur.
355 634 417 666 Sed
434 634 627 675 quomodo?
639 635 769 675 perinde
789 636 873 676 quasi
890 635 946 668 fin-

80 678 144 719 guli
163 676 343 715 peccarint3
366 676 473 716 itaque
490 674 690 716 consequens
707 676 771 716 est,
795 686 849 715 ut,
873 677 893 708 s1
910 687 944 708 u-

80 728 139 750 nus
159 717 274 755 solvat,
297 724 432 748 caeteros
448 726 511 748 non
532 717 662 753 liberet,
689 727 761 749 cum
776 717 812 750 fit
830 727 945 759 poena:

82 761 116 792 id
136 758 199 797 est,
225 767 297 790 cum
316 767 444 798 poenam
469 757 590 798 solvat,
623 758 674 790 sed
699 758 782 790 suam
799 759 818 790 l.
846 769 890 790 ιι.
913 759 944 800 §.

82 811 111 833 2.
138 800 178 831 D.
204 800 252 831 Aa
275 799 362 841 legem
383 799 546 841 Aquiliam.
594 798 710 840 Neque
735 799 838 831 obstat
862 800 945 831 aftio

81 842 179 884 Quod
189 848 292 873 metus
301 840 409 873 causa:
434 850 513 882 qua,
526 850 558 871 re
577 849 633 880 per
650 841 765 872 multos
788 848 875 872 metu
893 841 946 887 ab·

83 885 145 916 lata
163 906 173 922 ,
200 891 312 914 omnes
338 882 479 914 similiter
510 889 659 913 tenentur
676 904 685 920 ,
718 881 770 913 sed
797 889 830 912 ut
854 891 946 913 unius

84 924 200 957 solutio
226 924 264 955 ad
289 923 514 956 liberationem
537 924 659 955 caeteris
683 922 829 970 proficiat
856 923 874 954 l.
896 932 945 962 14.

85 967 114 1010 §.
135 968 188 997 ult.
214 965 249 1000 ἐξ
268 966 287 996 l.
303 967 363 1006 seq.
384 964 423 996 D.
442 966 518 1006 quod
539 970 629 995 metus
646 969 741 997 causa.
766 964 895 1010 interest
914 974 946 995 e-

84 1017 168 1045 nim,
193 1007 280 1047 quod
306 1007 388 1038 attio
406 1006 506 1048 Quod
525 1012 628 1038 metus
651 1004 741 1036 causa
765 1006 947 1037 naturaliter

86 1048 322 1090 persequutoria
341 1047 492 1085 habetur,
517 1046 570 1078 etsi
591 1047 721 1086 poenalis
743 1046 778 1078 sit
803 1056 859 1087 per
876 1056 947 1093 cau-

85 1090 148 1122 sam
173 1099 237 1121 non
263 1088 413 1120 restituta:
444 1087 657 1128 poss'eslionis:
682 1096 794 1120 contra
822 1088 948 1127 Aquilia

87 1140 196 1163 natura
212 1130 346 1170 poenalis
358 1130 509 1167 habetur,
520 1128 755 1174 persequutoria
771 1138 834 1175 non
853 1129 947 1160 habe-

89 1179 160 1209 tur,
182 1179 389 1211 praeterquam
408 1180 465 1212 per
488 1170 696 1201 occasionem.
719 1177 760 1200 ita
779 1179 808 1200 in
828 1170 946 1209 altera,

90 1213 178 1253 quod
203 1221 281 1243 unus
307 1211 417 1251 solvit,
447 1212 587 1250 reliquos
620 1211 750 1242 liberat:
774 1212 802 1241 in
831 1211 948 1258 altera,

90 1255 177 1294 quod
194 1263 272 1285 unus
288 1252 397 1292 solvit,
420 1261 482 1283 non
504 1251 623 1282 relevat
640 1251 801 1292 reliquos:
826 1261 899 1292 qula
915 1262 947 1285 in

88 1296 184 1326 altera
202 1294 297 1333 magis
315 1303 397 1332 rem,
421 1292 451 1323 in
475 1291 572 1323 altera
593 1292 689 1332 magis
710 1302 859 1333 poenam,
884 1293 943 1326 sol-

89 1345 163 1366 vere
179 1334 375 1375 intelligitur.
417 1332 619 1374 Quamquam
641 1335 670 1365 ἃ
698 1333 762 1365 hoc
778 1335 944 1368 difficulta-

85 1383 151 1407 tem
176 1375 306 1414 recipit,
330 1382 461 1415 propter
489 1374 648 1406 actionem
674 1373 727 1406 De
757 1376 887 1416 dejectis
913 1377 944 1409 δε

84 1415 205 1449 effufis:
229 1425 310 1456 qua,
333 1415 354 1448 fi
379 1416 454 1457 quid
483 1415 640 1456 dejectum
669 1417 721 1448 vel
744 1416 877 1450 effusum
907 1418 944 1450 fit

85 1467 126 1490 ex
157 1458 290 1498 plurium
314 1457 482 1489 coenaculo
498 1480 507 1496 ,
530 1466 643 1489 omnes
669 1460 797 1498 quidem
821 1460 851 1490 in
877 1458 946 1492 soli-

83 1500 160 1532 dum
179 1506 346 1538 tenentur,
370 1498 421 1531 sed
439 1499 459 1530 {i
475 1508 553 1532 unus
571 1498 715 1539 solverit,
740 1500 856 1542 reliqui
869 1501 946 1533 libe-

85 1547 194 1572 rantur
217 1540 233 1571 l⁴
257 1549 282 1572 1.
307 1540 336 1582 §.
354 1541 408 1572 ult.
434 1539 471 1575 ἐξ
488 1540 517 1572 ll.
533 1541 613 1583 seqq.
639 1540 672 1571 D
688 1543 722 1572 cle
743 1542 780 1573 iis
797 1543 850 1584 qui
875 1543 946 1586 dejer-

86 1592 140 1613 cer.
166 1581 212 1612 vel
226 1581 365 1623 effuder.;
389 1582 417 1614 ἃ
435 1589 540 1614 tamen
562 1582 630 1614 haec
652 1592 742 1623 aeque
768 1584 900 1626 poenalis
919 1595 948 1617 a·

85 1623 149 1654 ctio
164 1622 227 1661 est,
251 1630 287 1654 ac
310 1624 360 1655 illa
376 1633 444 1664 quae
465 1623 508 1656 est
524 1624 601 1665 legis
619 1625 762 1665 Aquiliae.
807 1625 870 1658 Sed
889 1627 946 1658 ob-

85 1662 272 1696 servandum
298 1664 363 1704 est;
397 1667 484 1705 quod
507 1665 638 1697 homine
662 1676 678 1697 a
702 1667 843 1707 pluribus
876 1677 946 1710 per-

85 1704 171 1737 cusso
189 1729 199 1742 ‚
230 1707 320 1746 plura
341 1705 421 1738 faeta
444 1706 647 1747 accusantur3
674 1717 779 1748 neque
802 1710 946 1751 iniquum

84 1745 153 1784 est,
176 1746 218 1777 sui
242 1754 403 1787 quemque
426 1747 498 1779 faCti
519 1757 643 1786 poenam
668 1749 813 1790 praestare
828 1751 849 1782 l.
866 1761 885 1788 9
903 1752 945 1784 D.

86 1789 120 1819 ae
137 1787 288 1827 noxaliBus
306 1787 485 1820 aaronitas:
508 1788 561 1820 sed
578 1798 650 1821 cum
672 1800 712 1822 ex
730 1792 864 1831 plurium
881 1803 947 1825 coe-

84 1828 202 1861 naculo
220 1828 296 1868 quid
314 1829 469 1869 deJectum
487 1837 540 1860 aut
559 1829 692 1863 effusum
713 1831 774 1871 est,
799 1843 858 1865 una
879 1842 946 1866 tan-

85 1877 155 1901 turn
171 1869 315 1909 culpatur
325 1870 460 1910 dejectio
477 1877 530 1901 aut
548 1870 675 1903 effusio:
697 1872 729 1903 in
745 1882 806 1911 qua
822 1880 948 1916 aequum

86 1909 153 1947 est,
177 1919 268 1942 unam
294 1909 401 1943 saltem
425 1910 729 1944 condemnationem
754 1913 841 1954 fieri;
864 1916 893 1947 ἃ
916 1917 947 1948 in

86 1951 221 1983 solidum
230 1952 356 1993 quidem
368 1953 466 1984 teneri
477 1962 588 1985 omnes
601 1965 609 1986 :
625 1952 677 1987 sed
687 1964 752 1987 non
770 1955 827 1988 alia
837 1957 947 1997 causa,

86 2002 183 2033 quarn
201 1993 288 2032 quod
311 2003 388 2025 unus
411 1994 584 2035 ignoratur.

131 2033 180 2065 Ex
203 2033 250 2066 his
269 2033 406 2074 sequitur
427 2035 556 2076 elegans
579 2034 732 2075 quaeflio,
755 2047 849 2079 quam
873 2038 948 2079 Juli-

87 2084 166 2106 anus
189 2076 341 2115 proponit
364 2076 393 2107 ἀ
414 2075 544 2115 definit,
569 2076 620 2108 sed
643 2077 818 2112 infeliciter
843 2081 948 2114 verbis

87 2115 291 2156 sequentibus
315 2117 334 2147 l.
357 2125 407 2158 51.
427 2116 467 2150 D.
493 2118 545 2149 Aa
565 2117 651 2160 legem
672 2120 832 2160 Aquiliam.

128 2154 178 2189 Ita
198 2158 371 2189 vulneratus
391 2156 430 2199 esi}
445 2161 563 2197 servus,
585 2166 618 2190 ut
634 2169 663 2190 eo
684 2160 744 2192 iflu
759 2170 869 2195 certum
884 2163 948 2203 effet

147 2201 335 2231 moriturum:
357 2201 444 2231 medio
466 2201 566 2231 deinde
588 2206 708 2241 tempore
730 2203 808 2235 heres
830 2204 946 2245 institu-

147 2245 197 2271 tus
212 2238 268 2278 ell,
293 2240 329 2275 &²
344 2239 440 2282 postea
463 2243 498 2273 ab
516 2241 571 2273 alio
595 2241 669 2273 istus
690 2244 807 2285 aleceffit.
832 2257 944 2287 quaero,

152 2290 191 2311 an
208 2291 272 2312 cum
289 2288 408 2323 utroque
424 2284 457 2313 de
473 2283 558 2319 occiso
578 2282 636 2325 lege
654 2284 779 2326 Aquilia
794 2290 843 2328 agi
854 2288 946 2329 poffit.

150 2321 325 2361 Respondit,
355 2323 480 2364 occidzffe
509 2325 615 2355 dicitur
641 2327 728 2367 vulgo
757 2330 869 2368 quidem
896 2332 948 2371 qui

152 2364 252 2393 mortis
275 2363 385 2403 causam
407 2365 527 2405 quolibet
552 2367 630 2396 modo
649 2369 790 2407 praebuit:
811 2371 858 2407 led
889 2372 947 2411 lege

149 2403 270 2445 Aquilia
295 2406 318 2435 is
332 2406 443 2436 demum
465 2407 554 2436 teneri
573 2408 649 2447 visus
668 2406 726 2449 est,
749 2412 800 2451 qui
822 2413 949 2445 adhibita

150 2446 183 2475 vi
196 2467 204 2483 ‚
221 2444 257 2479 &⁷
271 2445 353 2487 quali
360 2455 447 2477 manu
456 2447 570 2486 causam
586 2451 683 2480 mortis
694 2452 873 2493 prabuiffen
890 2460 949 2486 tra·

154 2485 200 2520 ἑῖα
216 2487 348 2518 videlicet
358 2489 588 2528 interpretatione
604 2492 682 2522 vocis
697 2502 714 2522 a
729 2494 855 2526 cadendo
880 2496 916 2530 &2⁹
931 2507 949 2528 cz

152 2529 234 2560 caea'e.
257 2527 372 2568 Rursus
390 2530 513 2570 Aquilia
529 2530 589 2570 lege
604 2534 692 2563 teneri
705 2532 948 2575 existimatisunt

153 2573 210 2600 non
230 2569 325 2609 fhlum
340 2593 349 2608 ,
372 2572 422 2612 qui
445 2572 487 2601 ita
505 2572 716 2613 vzllneraffent,
737 2582 771 2606 ut
804 2576 951 2616 confestim

152 2611 216 2641 vita
228 2613 380 2651 privarent
392 2635 400 2648 ‚
410 2614 461 2651 secl
476 2615 560 2643 etiam
577 2614 624 2652 hi,
644 2624 764 2654 quorum
780 2627 816 2649 ex
833 2619 953 2650 vumere

154 2658 262 2681 certam
283 2652 346 2691 effet
362 2652 483 2694 aliquem
502 2656 566 2685 vita
589 2655 774 2695 exceffurum,
820 2659 954 2698 [sciturfi

155 2693 219 2731 quis
230 2693 310 2729 servo
325 2695 503 2733 mortiferum
517 2694 628 2726 vulnus
646 2696 786 2736 inflixerit
797 2723 806 2738 ,
821 2702 953 2733 eundem-

155 2740 208 2770 que
223 2733 295 2763 alius
313 2743 349 2765 ex
365 2736 516 2767 intervallo
540 2738 582 2768 ita
595 2738 781 2778 percufferit‚
804 2748 837 2772 ut
860 2749 953 2773 matu-

158 2772 220 2801 rius
231 2774 452 2814 interficeretur,
475 2787 561 2818 quam
578 2787 614 2809 ex
628 2781 720 2816 priore
734 2781 853 2813 vulnere
869 2785 952 2815 mori-

160 2815 371 2855 turusfuerat‚
392 2815 577 2856 statuendum
599 2818 654 2859 est,
679 2828 835 2863 utrumque
857 2834 954 2856 eorum

163 2851 232 2899 lege·
247 2855 364 2894 Aquilia
391 2860 487 2889 teneri.
526 2861 611 2900 idque
639 2860 677 2901 est
706 2866 872 2905 consequens
898 2876 950 2896 au-

158 2891 289 2925 &mirati
301 2903 444 2937 veterum,
467 2901 534 2940 qui,
558 2912 622 2932 curu
639 2913 657 2933 a
675 2904 808 2943 pluribus
833 2905 953 2949 [idem]

147 2938 258 2973 servus
280 2936 322 2966 ita
341 2936 509 2971 vulneratus
534 2942 617 2981 effet,
650 2950 684 2974 ut
707 2955 763 2976 non
787 2953 954 2987 appareret,

159 2975 245 3022 eujus
269 2975 328 3007 istu
345 2980 467 3020 periiffet
482 3004 491 3019 ‚
519 2992 611 3014 omnes
630 2985 687 3026 lege
713 2987 835 3028 Aquilia
866 2991 955 3020 teneri

150 3017 374 3056 judicaverunt.
417 3020 580 3060 Azstimatio
608 3032 703 3057 autem
729 3030 868 3069 perempti
896 3039 953 3061 non

156 3059 252 3088 cadem
270 3059 301 3088 in
324 3061 473 3098 utriusque
490 3071 609 3102 persona
625 3067 697 3106 fiet,·
721 3078 789 3099 nam
809 3071 860 3110 qui
875 3072 953 3110 prior

158 3098 327 3130 vulneravit
344 3125 352 3138 ‚
378 3106 491 3133 tantum
506 3103 668 3145 prestabit,
691 3112 797 3149 quanti
817 3121 848 3141 in
876 3122 950 3144 anno

151 3140 285 3179 proximo
299 3141 377 3172 bomo
390 3143 511 3183 plurimi
520 3146 634 3185 fuerit,
651 3152 774 3189 repetitis
791 3160 826 3182 ex
835 3153 879 3183 die
889 3155 951 3185 vul-

158 3182 235 3210 neris
253 3185 384 3213 trecentis
397 3187 552 3227 sexaginta
568 3189 803 3230 quinquediehus.
821 3191 954 3234 posterior

138 3221 186 3295 Ίῇη
209 3223 401 3296 ῖᾱΙτεηεὺίιιιν
412 3249 423 3266 ,
445 3229 550 3269 quanti
563 3231 641 3262 hoino
658 3233 781 3273 plurimi
795 3236 891 3268 venire
901 3243 953 3279 pa·

163 3272 215 3295 om.
257 3287 265 3297 .

1789 136 1857 180 igi

1054 221 1143 252 tuerit
1159 221 1190 253 in
1206 231 1281 254 anno
1293 224 1442 264 proxim,
1461 231 1515 264 qno
1531 221 1595 253 vita
1612 219 1743 268 exceffit'g
1759 222 1789 253 in
1804 223 1860 264 qa&

1043 265 1170 303 pretium
1198 273 1308 306 quoque
1330 266 1495 296 hereditatis
1514 264 1579 295 erit.
1633 263 1772 311 Ejusdem
1794 267 1860 305 erge

1040 305 1125 344 servi
1141 304 1222 342 oecisi
1242 307 1356 337 nomine
1371 307 1445 338 alius
1465 305 1601 346 majorem
1612 307 1707 344 ,alius
1722 312 1860 336 minorem

1050 343 1262 385 aestimationem
1272 347 1427 388 praeflabit.
1450 356 1501 377 nec
1518 348 1622 377 mirum
1633 370 1643 386 ,
1661 357 1725 378 cum
1742 352 1863 387 uterque

1052 395 1150 417 eorum
1166 396 1202 418 ex
1210 389 1324 429 diversa
1341 390 1426 426 causa
1443 387 1479 422 ὅ)
1494 386 1614 425 diverfis
1630 389 1799 435 tempuribus
1816 396 1864 417 oc*

1048 427 1145 468 cidzffe
1162 429 1301 460 hominem
1318 430 1501 472 intelligitur.
1534 428 1651 472 defi
1666 439 1730 471 quis
1741 430 1861 469 absurde

1048 479 1067 500 a
1076 470 1154 499 nobis
1163 470 1219 500 baec
1231 469 1367 509 constitut·
1376 472 1549 511 putaverit,
1561 477 1662 511 cogitet
1672 473 1752 512 lunge
1762 472 1862 518 absur-

1049 511 1115 541 dius
1131 509 1283 551 constitui,
1308 519 1443 543 neutrum
1461 511 1519 553 lege
1540 512 1659 552 Aquilia
1675 519 1784 549 teneri,
1803 515 1863 558 aut

1049 551 1173 582 alterum
1197 555 1314 591 potius,
1338 563 1402 584 cum
1436 563 1525 594 neque
1549 555 1693 593 impunita
1716 553 1859 591 maleficia

1049 591 1102 632 effe
1118 600 1260 633 oporteat,
1285 600 1336 624 nec
1350 595 1445 634 facile
1462 591 1596 634 constitui
1608 593 1709 635 paffit‚
1735 602 1800 625 uter
1812 603 1862 634 poe

1051 635 1112 664 tius
1128 636 1187 675 lege
1204 641 1346 666 teneatur.
1390 635 1493 667 Multa
1508 641 1606 666 autem
1617 636 1686 677 jure
1704 636 1785 667 civili
1793 645 1860 666 con-

1052 680 1101 706 tra
1115 677 1253 707 rationem
1269 677 1438 717 disputandi
1449 683 1503 716 pro
1519 677 1646 707 utilitate
1666 678 1805 708 communi
1819 681 1862 708 re-

1051 721 1132 754 cepta
1153 716 1222 756 effe,
1248 718 1505 749 innumerabilibus
1527 719 1610 748 rebus
1623 720 1740 758 probari
1758 716 1859 759 potest.

1050 764 1142 787 unum
1163 759 1278 789 interim
1292 759 1411 800 posuiffe
1430 766 1579 790 contentus
1596 769 1652 790 ero.
1695 760 1771 790 Cum
1792 761 1861 800 plu-

1051 806 1095 827 res
1121 800 1228 829 trabem
1258 801 1381 831 alienam
1401 801 1531 841 furandi
1561 806 1647 841 causa
1670 798 1861 840 sustulerint,

1051 847 1139 878 quam
1148 839 1263 881 singuli
1272 842 1355 880 ferre
1370 852 1427 873 non
1439 841 1548 883 poffent
1560 865 1569 881 ‚
1578 842 1661 882 furti
1675 842 1786 873 actione
1801 853 1860 873 om-

1052 887 1103 908 nes
1121 886 1209 910 teneri
1228 881 1455 921 existimantur:
1478 884 1614 925 quamvis
1623 884 1730 924 subtili
1744 885 1857 915 ratione

1050 919 1110 949 dici
1118 920 1220 961 poffit‚
1238 925 1377 955 neminem
1393 934 1488 956 eorum
1509 926 1616 957 teneri:
1634 926 1703 967 quia
1720 927 1861 957 neminem

1053 969 1155 992 verum
1164 961 1204 998 sit
1220 972 1281 994 eam
1294 963 1445 1007 sustuliffie.

991 998 1189 1041 Proponitur
1205 1004 1309 1038 servus
1326 1009 1369 1037 ita
1380 1008 1562 1039 vulneratus
1580 1007 1642 1040 effe
1659 1018 1676 1040 a
1695 1008 1810 1047 Titio;
1826 1014 1863 1039 ut

992 1048 1115 1073 certum
1133 1043 1228 1084 estet,
1254 1055 1295 1077 eo
1314 1048 1446 1080 vulnere
1465 1050 1655 1081 moriturum
1675 1049 1747 1082 effe.
1774 1050 1862 1082 idem

991 1086 1186 1124 proponitur
1203 1086 1312 1126 postea
1330 1097 1345 1118 a
1368 1090 1559 1129 Sempronio
1579 1091 1658 1124 ictus
1679 1090 1859 1124 decesfiffe:

992 1125 1025 1155 id
1043 1124 1088 1156 est
1102 1148 1111 1163 ‚
1136 1125 1237 1158 statim
1257 1129 1416 1161 deceffisse
1433 1140 1472 1162 ex
1493 1132 1576 1171 ictu,
1604 1134 1653 1165 vel
1671 1134 1734 1173 (ut
1753 1131 1863 1173 Ulpia-

993 1174 1052 1196 nus
1069 1165 1138 1198 infit
1156 1168 1175 1198 l.
1196 1178 1240 1200 x1.
1260 1169 1289 1210 §.
1316 1180 1344 1211 3.
1365 1170 1405 1201 D.
1430 1173 1490 1204 eod.
1508 1174 1585 1214 tit.)
1599 1175 1810 1206 exanimatus.
1828 1173 1863 1205 id

994 1207 1101 1238 thema
1119 1208 1181 1247 est,
1207 1211 1236 1240 ὅ(
1254 1212 1445 1252 intelligitur
1463 1222 1503 1245 ex
1519 1214 1537 1245 l.
1564 1224 1609 1255 15.
1635 1215 1665 1256 §.
1685 1225 1709 1247 1.
1734 1217 1793 1246 eod.
1811 1216 1862 1246 tit,

992 1248 1022 1278 ἀ
1039 1248 1099 1279 illis
1119 1259 1190 1289 quae
1210 1249 1383 1291 sequuntur
1399 1254 1430 1285 in
1445 1262 1492 1295 pr.
1518 1254 1545 1296 §.
1567 1264 1591 1286 1.
1618 1256 1654 1291 ἐπ’)
1674 1266 1701 1288 2.
1726 1259 1752 1289 d.
1771 1257 1791 1288 l.
1809 1265 1862 1297 51⁴

991 1298 1062 1320 nam
1081 1290 1111 1322 in
1132 1291 1180 1323 his
1191 1293 1338 1325 omnibus
1347 1293 1391 1325 est
1407 1295 1477 1327 fere
1494 1297 1578 1328 idem
1596 1296 1864 1330 sermonistenor‚

991 1329 1091 1371 Igitur
1120 1334 1313 1374 proponitur
1329 1334 1436 1368 servus
1458 1338 1502 1368 ita
1519 1347 1535 1368 a
1553 1337 1646 1370 Titio
1667 1338 1729 1370 ess'e
1751 1341 1863 1370 vulne-

991 1379 1100 1412 ratus;
1124 1382 1158 1404 ut
1181 1382 1304 1408 certum
1323 1376 1420 1416 esset,
1444 1387 1484 1409 eo
1511 1379 1643 1411 vulnere
1669 1381 1864 1412 moriturum

992 1412 1064 1445 effe.
1089 1414 1174 1446 idem
1194 1419 1388 1457 proponitur
1403 1419 1514 1460 postea
1533 1429 1550 1451 a
1571 1421 1763 1463 Sempronio
1782 1421 1864 1453 ictus

990 1453 1092 1487 statii-n
1119 1457 1289 1490 deceffisse.
1333 1459 1516 1501 Quaeritur,
1540 1472 1579 1494 an
1606 1463 1685 1495 servi
1712 1463 1863 1495 dominus

991 1496 1083 1537 poffit
1104 1506 1176 1529 cum
1197 1507 1337 1540 utroque
1357 1501 1398 1533 de
1416 1502 1708 1544 occisoexperiri?
1731 1504 1774 1536 Et
1787 1505 1866 1546 Juli-

990 1546 1068 1569 anus
1086 1545 1187 1580 putat.
1210 1550 1305 1581 quam
1323 1541 1366 1574 ob
1382 1543 1475 1575 rem?
1491 1545 1563 1585 quia
1579 1555 1690 1587 parum
1711 1546 1862 1587 distingui

990 1580 1114 1621 potest,
1131 1590 1202 1613 uter
1216 1584 1314 1625 inagis
1329 1584 1480 1616 occidisse
1497 1586 1661 1619 videatur:
1676 1588 1755 1619 alter
1774 1589 1863 1620 enim

989 1622 1158 1654 mortifere
1179 1625 1358 1657 vulneravit
1375 1625 1518 1666 servum,
1541 1629 1621 1660 alter
1647 1629 1862 1662 exanimavit:

989 1664 1069 1696 alter
1093 1665 1230 1705 praebuit
1255 1668 1352 1698 morti
1374 1667 1515 1707 causam,
1541 1670 1621 1702 alter
1643 1671 1784 1702 occidit:
1809 1671 1865 1702 de-

995 1706 1115 1745 nique,
1141 1707 1171 1738 in
1197 1708 1268 1749 lege
1296 1708 1422 1750 Aquilia
1454 1719 1520 1741 non
1552 1711 1681 1751 quidem
1708 1711 1863 1744 occidisse

990 1746 1176 1788 intelligitur
1196 1749 1221 1780 is
1238 1750 1290 1789 qui
1311 1750 1458 1791 quolibet
1481 1752 1601 1792 modo,
1626 1752 1678 1785 sed
1696 1755 1749 1794 qui
1771 1753 1864 1785 adhi-

990 1788 1056 1819 bita
1073 1791 1122 1826 vi,
1148 1789 1178 1821 ὅ(
1196 1790 1279 1830 quasi
1299 1801 1410 1830 manu,
1435 1793 1557 1825 causam
1573 1796 1685 1827 mortis
1704 1795 1861 1836 praebuit:

990 1829 1186 1862 monstrante
1203 1831 1235 1862 id
1261 1832 1370 1871 verbi,
1394 1835 1483 1873 quod
1500 1843 1516 1865 a
1541 1836 1697 1869 caedendo
1723 1837 1812 1868 venit
1830 1835 1863 1868 &

990 1878 1007 1900 a
1025 1871 1114 1901 caede
1128 1893 1138 1909 ,
1160 1872 1358 1911 proprietate
1383 1882 1481 1914 atque
1502 1877 1638 1917 origine.
1662 1886 1724 1909 nec
1753 1885 1863 1910 tamen

990 1910 1055 1942 hoc
1072 1910 1113 1942 fic
1129 1920 1297 1953 acceptum
1314 1916 1377 1953 est,
1401 1915 1486 1956 quasi
1506 1918 1641 1958 proinde
1665 1919 1817 1951 occidere
1834 1919 1862 1952 is

990 1959 1111 1984 tantum
1131 1954 1275 1986 videatur
1290 1956 1344 1996 qui
1357 1955 1521 1989 hominem
1541 1959 1583 1990 ita
1602 1960 1803 2000 vulneravit,
1819 1967 1857 1992 ut

991 2001 1064 2024 eum
1081 1994 1252 2027 confestim
1271 2000 1336 2028 vita
1351 2000 1513 2038 privaret3
1529 1999 1582 2032 sed
1599 2001 1628 2033 ἀ
1648 2001 1702 2032 hic
1717 2002 1804 2042 qu’us
1819 2010 1864 2034 ex

991 2035 1123 2067 vulnere
1142 2045 1266 2069 certum
1292 2038 1369 2070 esset
1386 2048 1460 2071 eum
1486 2041 1550 2072 vita
1567 2041 1765 2075 excessurum
1783 2042 1860 2075 effe.

992 2077 1110 2116 patitur
1133 2087 1211 2119 ergo
1237 2079 1391 2119 loquendi
1417 2082 1498 2113 ratio
1526 2082 1556 2113 δι
1584 2083 1794 2126 ambiguitas,
1825 2091 1863 2116 ut

992 2124 1147 2158 uterque,
1167 2119 1250 2160 quafi
1267 2121 1444 2162 occiderit,
1468 2123 1539 2165 lege
1556 2124 1682 2164 Aquilia
1700 2134 1861 2158 teneatur.

991 2158 1081 2190 Idem
1098 2159 1205 2192 suadet
1224 2161 1378 2194 Veterum
1396 2163 1428 2194 in
1447 2174 1480 2195 re
1499 2165 1631 2197 obscura
1643 2167 1789 2200 adversus
1800 2168 1864 2200 dis-

990 2201 1124 2239 putandi
1144 2201 1350 2235 subtilitatem
1369 2205 1451 2236 ratio
1469 2213 1565 2247 atque
1580 2207 1761 2242 auctoritas.
1805 2209 1861 2241 Ne

990 2241 1099 2273 multis
1116 2252 1197 2284 opus
1215 2243 1269 2276 fit:
1291 2254 1388 2284 ecce,
1411 2239 1518 2280 servus
1538 2257 1554 2279 a
1577 2249 1719 2289 pluribus
1734 2250 1861 2283 occisus

991 2283 1056 2322 est,
1080 2282 1133 2315 sed
1156 2286 1243 2324 cujus
1263 2286 1325 2318 iCtu
1344 2287 1494 2328 perierit,
1518 2298 1629 2330 parum
1650 2292 1762 2332 liquet.
1781 2294 1863 2325 item

991 2324 1096 2364 plures
1107 2326 1239 2358 alienam
1253 2328 1374 2359 trabem
1392 2328 1522 2362 furandi-
1536 2332 1626 2363 causa
1653 2332 1863 2372 sustulerunt,

991 2364 1043 2397 sed
1066 2366 1174 2408 singuli
1193 2377 1262 2401 eam
1286 2369 1371 2401 ferre
1388 2379 1453 2401 non
1482 2380 1677 2410 potuerunt:
1700 2375 1805 2413 potest
1827 2376 1863 2408 iu

991 2406 1045 2438 ista
1065 2407 1169 2447 speeie
1179 2410 1260 2449 dici,
1278 2420 1388 2442 eorum
1405 2413 1564 2444 neminem
1579 2413 1747 2447 sustulisse:
1763 2417 1862 2449 etiam

992 2448 1098 2488 potest
1121 2450 1151 2481 in
1180 2451 1230 2482 illa
1261 2452 1341 2490 dici,
1365 2453 1527 2484 neminem
1552 2455 1637 2495 quasi
1662 2456 1861 2491 homicidam

992 2489 1145 2530 obligari:
1162 2493 1233 2532 quia
1249 2502 1344 2525 nemo
1363 2495 1577 2527 convincitur.
1601 2496 1663 2530 Sed
1682 2507 1722 2529 ne
1741 2499 1861 2531 utilitas

994 2532 1144 2571 puniendi
1163 2533 1309 2565 maleficii
1331 2534 1529 2574 probationis
1547 2537 1656 2579 inopia
1672 2540 1864 2573 interverta-

995 2579 1064 2611 tur;
1088 2574 1248 2615 utrimque
1273 2575 1440 2616 obtinuit,
1470 2579 1567 2626 magis
1592 2589 1705 2613 omnes
1722 2605 1732 2620 ‚
1763 2592 1861 2622 quam

995 2615 1156 2647 neminem
1170 2639 1178 2653 ,
1203 2616 1350 2657 obligari.
1374 2617 1406 2648 id
1425 2627 1503 2650 vero
1521 2622 1541 2652 ii
1559 2621 1588 2652 in
1608 2622 1668 2655 illis
1691 2622 1860 2663 speciebus

995 2654 1124 2695 placet,·
1154 2658 1230 2697 quid
1259 2661 1289 2690 ni
1315 2659 1345 2690 in
1376 2659 1536 2700 proposita
1559 2662 1714 2696 dicetur?
1736 2666 1767 2697 in
1796 2675 1860 2703 qua

996 2705 1102 2736 neque
1133 2698 1287 2730 maleficia
1312 2700 1466 2740 impunita
1491 2702 1553 2734 effe
1576 2713 1728 2745 oportet,
1752 2717 1860 2748 neque

995 2736 1092 2769 facile
1118 2739 1266 2771 constitui
1291 2741 1423 2782 potest,
1448 2750 1518 2775 uter
1543 2747 1651 2785 potius
1683 2749 1859 2781 occiderit:

996 2780 1083 2818 quod
1102 2781 1298 2821 altetfecit,
1323 2791 1356 2814 ut
1380 2783 1480 2816 homo
1502 2795 1700 2820 moreretur:
1724 2791 1803 2822 alter
1826 2791 1860 2822 in

994 2819 1086 2851 causa
1103 2820 1182 2860 fuit,
1207 2831 1241 2854 ut
1257 2825 1407 2856 maturius
1424 2835 1613 2860 moreretur.
1657 2830 1860 2871 Haeejuliani

998 2860 1151 2894 sententia
1170 2874 1178 2896 :
1211 2865 1262 2897 sed
1281 2875 1386 2906 neque
1403 2868 1517 2900 rationi
1537 2871 1656 2910 amica,
1682 2881 1786 2913 neque
1803 2872 1860 2904 usu

998 2904 1189 2944 receptaest.
1213 2905 1239 2938 E
1264 2917 1297 2938 re
1323 2908 1401 2947 erit,
1429 2910 1462 2941 id
1488 2913 1596 2951 paucis
1623 2912 1860 2947 demonstrasse.

998 2943 1097 2986 Quod
1117 2947 1158 2978 ait
1175 2947 1335 2988 Julianus,
1360 2949 1524 2983 hominem
1550 2954 1699 2985 occidisse
1723 2955 1859 2995 intelligi

997 2993 1053 3018 eos
1063 3010 1072 3025 ,
1082 2996 1217 3027 quorum
1230 3000 1269 3021 ex
1282 2992 1412 3023 vulnere
1424 3000 1495 3025 eum
1509 2995 1571 3025 vita
1589 2994 1784 3026 excessurum
1793 2997 1857 3029 ess'e

995 3028 1138 3060 constat:
1155 3031 1185 3062 id
1203 3032 1390 3064 veriffimurn
1403 3032 1465 3073 est,
1480 3044 1551 3066 cum
1563 3035 1730 3066 mortifere
1746 3038 1859 3070 vulne-

994 3077 1078 3101 ratus
1098 3070 1197 3103 homo
1218 3076 1328 3113 periit,
1345 3082 1410 3105 non
1430 3084 1566 3116 accepto
1586 3076 1654 3115 post
1671 3077 1733 3108 alio
1745 3079 1857 3112 vulne-

993 3118 1037 3142 re.
1060 3119 1091 3143 at
1108 3122 1180 3145 curn
1200 3123 1216 3144 a
1246 3113 1338 3147 Titio
1357 3117 1491 3156 primum
1518 3115 1685 3148 mortifere
1709 3119 1855 3153 vulnera-

997 3160 1066 3190 tus,
1091 3154 1207 3187 deinde
1224 3166 1240 3187 a
1257 3157 1449 3197 Sempronio
1466 3160 1508 3188 ita
1536 3157 1695 3197 percussus
1721 3160 1785 3201 est,
1809 3164 1856 3195 utl

995 3194 1164 3227 confestim
1191 3206 1443 3234 exanimaretur,
1480 3198 1563 3229 aliud
1593 3199 1762 3235 dicendum
1792 3204 1858 3236 est.-

995 3237 1087 3278 quia,
1110 3237 1166 3273 ctfi
1181 3240 1353 3273 moriturus
1368 3238 1474 3310 ἑὲῐίὶὶιῑ
1492 3249 1531 3274 ex
1548 3237 1629 3274 Titii
1644 3242 1795 3281 vulnere,
1812 3253 1856 3275 ta-

1423 3289 1440 3313 2
1780 3294 1856 3318 men
