2052 3487
440 161 504 195 Di:
551 159 917 205 Jurttsmcrioua
966 168 1017 194 ET
1071 158 1274 196 IMPERIO.
1327 158 1471 196 Liui.

67 252 218 292 iensum,
256 251 309 284 sed
341 249 449 292 paucis
481 246 750 280 confirmandum.
804 246 872 284 lpse
906 247 939 280 si-

69 295 187 329 militer
213 294 232 325 l.
259 303 287 334 7.
319 291 347 334 ὃ.
377 301 421 323 10.
450 289 491 321 D.
516 291 550 321 cle
568 289 662 331 pastis
687 291 729 320 ait
747 312 756 326 ,
796 288 937 321 Frondem

68 339 130 369 dolo
152 335 255 377 ineffe,
286 343 345 374 pro
373 332 502 363 faudem
535 331 634 362 videri
671 331 817 361 eamdem
846 331 934 363 dolo.

68 387 134 420 quo
151 371 249 410 modo
259 373 448 417 Augustinus
460 397 469 412 ,
487 372 617 413 Expofit.
634 372 819 412 quvungel
839 371 931 412 Joan.

14 442 21 450 .
68 420 154 452 trust.
177 427 206 461 7.
223 428 256 453 ca
278 440 286 449 .
310 425 334 447 1.
352 421 417 447 tom.
435 425 462 451 9.
476 423 544 455 pag.
566 423 613 450 29.
633 414 683 444 col.
707 422 730 444 1.
754 412 853 452 infin.
875 414 933 444 Do-

69 454 114 493 lus
129 461 212 497 fraus
229 468 243 489 e
277 457 439 497 ‚fizizulatz'o
457 454 505 497 eft.
533 456 620 487 Idem
640 454 739 486 rursus
758 454 932 495 Ulpianus,

68 502 165 535 Pacta
187 506 327 532 conventa
347 499 469 540 judiciis
490 500 564 528 lmnae
576 496 648 536 fiilei
663 496 745 536 inqfft‘
765 496 783 526 l.
810 507 834 536 7.
852 496 880 537 ᾗ.
899 507 929 537 5.

65 543 111 577 D.
128 545 185 574 eod.
211 543 259 574 tiz.
283 549 342 581 pro
358 539 406 571 his
425 539 585 570 contineri
603 538 620 569 l.
641 548 689 579 y2.
710 538 750 568 D.
765 540 797 568 cle
820 545 934 569 concru-

68 586 161 617 benaa
178 583 336 620 empcione,
362 581 391 612 ἃ
422 590 533 612 eorum
555 582 623 620 jure
647 589 684 610 ac
710 580 841 610 nomine
859 589 932 611 cen-

67 627 125 658 seri
154 625 336 664 haberique.
363 622 425 662 Et,
450 622 487 654 In
510 629 599 662 empto
612 628 753 662 puratum
779 621 881 661 z‘ncffe,
903 623 935 652 iu

60 673 165 709 parum
191 675 245 696 nou
271 665 406 695 continuo
429 669 555 705 emptum
578 664 719 694 contineri
737 662 756 694 l.
776 672 826 702 47.
847 662 875 704 §.
909 672 931 694 1.

66 708 109 741 D.
142 711 174 738 (le
201 707 301 748 legatis
325 706 373 737 ub.
398 715 428 746 3.
448 715 506 746 pro
532 706 620 745 quod
646 713 790 745 emptum
808 705 852 734 est
869 728 877 743 ‚
903 705 935 735 id

67 758 208 791 paratum
242 747 333 786 effe,
375 748 462 787 quod
496 756 576 777 vero
609 755 753 786 paratum
787 744 831 776 cst
854 768 863 783 ,
906 745 935 776 id

65 801 129 824 non
149 792 307 822 continuo
325 797 470 829 emptum
491 788 602 820 videri.
628 787 745 819 Praeter
766 785 937 830 Ulpianum

68 834 165 865 utitur
185 833 212 862 dt
241 831 358 862 Cicero
386 839 427 861 eo
446 830 547 861 verbo
567 829 683 860 eodem
709 836 762 859 aut
784 837 847 868 par1
868 830 933 859 len-

67 873 118 911 su,
147 873 189 904 De
206 879 315 904 usuum
334 871 461 903 Deorum
478 871 526 902 lib.
548 880 575 909 ¹1.
596 881 618 901 c.
637 880 687 910 42.
706 879 777 901 cum
793 868 933 907 sicinfit‚

68 915 184 947 Horum
202 917 275 945 enim
289 915 440 955 sementia:
455 914 581 943 omnium
600 921 656 943 nou
680 912 758 942 modo
767 908 933 951 superstiti-

68 967 146 989 onem
178 957 301 993 tollunt,
325 957 356 986 in
381 965 439 996 qua
464 952 535 993 inest
560 955 644 984 timor
670 955 765 984 inanis
787 952 933 988 Deorum3

58 1000 112 1040 fid
135 1000 220 1029 etium
240 998 421 1038 religionem,
446 1006 507 1037 quse
530 994 661 1026 Deorum
677 994 759 1025 cultu
775 995 821 1031 pio
843 994 932 1024 conti-

67 1046 162 1071 netur.
188 1038 296 1070 Utitur
320 1038 349 1069 δι
367 1037 504 1069 Ovidius
530 1037 692 1068 Heroiclum
717 1034 830 1076 epistola
849 1044 932 1081 awti.

68 1090 136 1124 qut·
161 1080 205 1112 est
224 1081 356 1112 Helenae
378 1080 416 1110 ad
442 1078 596 1111 Paridem.
624 1076 738 1109 Versus
756 1075 878 1108 Ovidii.

106 1123 167 1163 Ipse
190 1123 260 1152 inim
284 1121 392 1163 quoties
410 1123 524 1158 iratur,
549 1120 703 1157 adultera,
726 1119 821 1149 dices!

132 1164 251 1195 Oblitus
269 1161 361 1202 nostro
379 1163 486 1193 crimen
504 1160 585 1201 inqffe
602 1167 695 1191 tuum.

110 1204 219 1236 Deliuz·
230 1203 285 1244 fies
308 1205 379 1234 idem
399 1202 576 1242 reprehensor
595 1200 630 1235 δ’
660 1199 770 1232 (rufior.

69 1247 133 1281 Sed
153 1246 221 1276 latis
249 1252 397 1285 apparet,
420 1244 496 1274 illud
519 1241 670 1283 Ulpiani,
695 1242 832 1273 Mixtum
850 1242 934 1280 impe*

67 1289 143 1320 rium
159 1285 216 1327 ast,
242 1288 289 1316 cui
304 1284 558 1325 etiumjuristlifiz'o
574 1283 663 1324 inest,
687 1290 810 1314 tantum
830 1283 935 1320 velle,

66 1338 153 1369 quoa
174 1329 307 1359 mixtum
328 1327 495 1366 imperium
514 1325 577 1365 eil,
602 1325 668 1356 hoc
682 1326 776 1356 etiarn
792 1324 935 1365 jurisdic-

68 1370 188 1403 tionem
215 1368 365 1409 appellari
420 1368 501 1399 Sane
533 1368 702 1406 imperium
731 1376 790 1407 pro
816 1374 935 1406 genere

67 1419 179 1452 ponit:
202 1410 267 1450 ejus
297 1409 417 1449 species
444 1411 519 1440 (luas
545 1408 643 1447 facit,
667 1418 708 1440 ex
735 1409 780 1439 liis
803 1409 933 1438 alteram

67 1451 234 1493 imperium
264 1460 406 1489 merum,
430 1451 561 1482 alteram
594 1451 762 1490 imperium
796 1456 931 1481 mixtum

67 1503 185 1531 vocat,
209 1494 237 1524 ἃ
255 1502 423 1533 utramque
446 1492 485 1523 ab
502 1493 657 1532 exemplis
676 1491 806 1524 definit:
831 1498 864 1522 ut
882 1490 930 1520 sae-

67 1544 109 1577 pe
144 1535 298 1572 Veteres,
331 1533 448 1565 Isidoro
482 1534 560 1565 teste
585 1534 633 1564 lib.
670 1544 697 1565 2.
728 1533 888 1574 Originum
908 1542 931 1562 c.

69 1586 119 1614 29·
143 1578 215 1613 vers.
240 1578 388 1606 undecima
411 1583 442 1616 p.
466 1580 538 1609 882.
572 1574 834 1615 &jurisconsulti
859 1574 878 1605 l.
904 1584 932 1605 2.

69 1618 97 1661 §.
126 1628 149 1649 1.
173 1618 192 1649 l.
211 1622 239 1648 6.
258 1617 286 1658 §.
315 1626 340 1648 1.
364 1616 407 1649 D.
430 1618 462 1648 cle
483 1627 578 1648 rerum
594 1615 740 1654 cu'vzstone.
758 1616 776 1647 l.
797 1627 826 1656 5.
847 1615 887 1646 D.
903 1617 935 1647 cle

87 1659 157 1690 auis
189 1660 206 1690 l.
231 1668 258 1699 7.
284 1657 324 1689 D.
342 1660 376 1689 de
405 1657 566 1690 immistis
596 1657 633 1692 ὅ)
665 1658 815 1699 relegatis.-
839 1657 934 1689 etiam

83 1708 245 1741 inperator
270 1699 298 1741 §.
319 1709 347 1736 π,
372 1697 444 1740 lost.
468 1704 500 1730 (le
512 1701 581 1741 jure
596 1700 728 1733 naturali
742 1700 878 1741 gentium
898 1699 929 1733 &⁵

66 1742 146 1773 civili
186 1742 287 1774 Prima
306 1735 446 1781 Ulpiano
476 1741 597 1782 species
625 1743 713 1773 venit
735 1750 856 1772 merum
878 1741 933 1772 im-

69 1785 208 1825 perium:
234 1784 264 1813 id
283 1792 362 1813 vero
391 1782 453 1814 effe
472 1781 559 1820 infit,
583 1783 672 1814 verbi
696 1783 814 1823 gratia,
836 1783 931 1823 gladii

70 1825 263 1865 potestatem
288 1823 404 1855 habere
417 1847 425 1862 ,
450 1823 480 1855 &
497 1824 571 1854 alias
591 1823 782 1864 potestatem
803 1824 930 1855 vocari:

71 1875 106 1898 nt
130 1876 159 1896 in
185 1867 238 1896 illo
267 1864 437 1904 Lampridii
461 1867 491 1895 in
516 1866 581 1895 vita
601 1866 766 1895 Alexandri
785 1864 887 1895 Severi
906 1876 931 1896 c.

68 1918 120 1947 49.
144 1907 274 1940 Honores
284 1907 363 1950 juris
375 1906 470 1950 gladii
486 1915 638 1949 uunquam
655 1907 744 1938 vendi
757 1905 860 1950 poffus
873 1904 931 1948 est,

1811 167 1853 203 81

982 249 1095 287 diceus,
1118 249 1221 290 neceffe
1236 248 1304 290 effe,
1329 255 1383 289 ut,
1406 252 1457 292 qui
1471 252 1557 289 emit,
1581 252 1700 283 vendat.
1718 250 1781 294 Ego
1795 261 1853 284 uon

974 293 1077 331 patiar
1101 299 1269 324 mercatores
1283 291 1467 332 pozellsuum:
1513 292 1612 324 Vides
1639 293 1777 334 speciem
1795 294 1854 326 im-

980 333 1060 373 perii
1087 342 1191 364 unam.
1236 333 1318 376 Qua:
1346 334 1476 366 altera?
1510 334 1682 374 Imperium
1715 335 1854 368 mixtum

978 374 1028 405 cui
1047 375 1143 405 ctiam
1159 375 1338 414 jurisdiffio
1355 375 1451 407 inest:
1478 376 1506 408 id
1526 377 1589 414 cll,
1616 377 1703 415 quod
1722 377 1784 408 alio
1796 386 1854 408 no-

977 417 1062 448 mine
1079 416 1174 447 etiam
1191 416 1369 455 JurisdiCtio
1387 417 1576 457 appellatur.
1602 418 1715 449 Paulus
1738 418 1749 449 l
1778 427 1803 449 1.
1821 417 1853 460 §.

980 468 1006 489 1.
1034 456 1072 488 D.
1096 459 1129 487 (le
1146 456 1235 498 officio
1252 458 1317 498 ejus
1336 459 1386 489 cui
1399 460 1540 490 mandata
1553 460 1721 500 jurisdictio
1746 457 1785 498 esi
1810 461 1855 491 di-

977 500 1023 530 cit
1035 522 1043 537 ,
1071 498 1224 539 Imperium
1242 500 1318 540 quod
1328 499 1529 540 jurisdiftiom
1546 504 1679 532 cohaerec:
1705 501 1770 542 pari
1787 500 1853 533 for-

976 550 1026 573 ma
1050 549 1110 581 qua
1136 540 1327 580 Papinianus
1354 541 1374 571 l.
1392 550 1439 581 72.
1468 541 1498 582 §.
1521 545 1550 573 6.
1586 541 1626 573 D.
1656 544 1691 573 de
1716 543 1855 573 conditio-

976 584 1060 613 nibus
1086 581 1122 616 &2⁹
1145 580 1434 621 demonstrationibus
1466 583 1529 621 ait,
1554 583 1709 615 Rationem
1735 585 1855 625 legundi

974 625 1072 663 legato
1088 633 1145 654 non
1163 623 1313 653 cohoerere:
1337 622 1535 663 significans,
1560 626 1720 656 rationem
1747 625 1854 666 legato

979 664 1189 705 adscriptam,
1230 674 1294 695 non
1325 664 1388 695 effe
1419 665 1543 705 legandi
1569 666 1737 698 rationem.
1785 666 1855 707 Ipse

981 714 1112 746 quoque
1137 705 1250 737 Paulus
1274 705 1293 737 l.
1322 711 1389 737 126.
1415 705 1443 747 §.
1467 715 1491 738 1.
1518 705 1561 739 D.
1581 708 1615 737 cle
1630 709 1784 738 verborum
1808 710 1855 737 ol>-

979 749 1168 788 ligurionihus
1184 771 1193 785 ,
1224 746 1333 777 Minus
1345 771 1354 785 ,
1385 749 1489 788 inquit
1501 771 1510 787 ,
1543 746 1583 789 est
1599 751 1630 779 in
1648 759 1676 780 eo
1695 749 1855 789 usufructu

980 799 1062 831 quem
1073 796 1125 829 per
1139 789 1166 825 se
1181 790 1245 830 quis
1253 787 1384 828 promisit
1425 799 1512 830 quum
1527 790 1559 821 in
1578 799 1606 821 eo
1626 792 1679 832 qui
1690 791 1856 831 proprieta-

981 839 1036 862 tem
1060 831 1233 861 comitatur:
1260 839 1337 870 pr0,
1362 831 1392 861 in
1421 840 1461 862 co
1479 831 1532 872 qui
1559 832 1762 872 proprietate
1779 841 1855 863 cen-

978 872 1082 910 sctur,
1108 872 1158 902 vel
1177 872 1229 912 qui
1250 871 1324 902 alias
1349 872 1528 912 proprietas
1555 873 1672 905 dicitur
1689 874 1707 905 l.
1733 879 1781 914 78.
1809 872 1854 906 D.

976 915 1087 955 dejure
1099 914 1219 944 dotium.
1245 911 1298 944 Est
1319 913 1416 954 igitur
1436 912 1576 955 Ulpiano
1597 916 1732 947 mixtum
1752 917 1854 956 impe-

977 956 1056 987 rium
1074 956 1125 986 cui
1150 955 1245 985 etiam
1261 955 1438 994 Jurisdittio
1456 955 1549 987 inest:
1576 957 1607 988 id
1631 957 1692 995 eil,
1718 964 1752 988 ut
1773 957 1853 990 Pau·

978 998 1025 1029 lus
1050 997 1208 1037 loquitur,
1234 997 1322 1035 quod
1344 997 1553 1034 jur-isditlioni
1587 998 1753 1038 cohaeret3
1779 999 1853 1036 vel,

978 1047 1010 1070 ut
1028 1037 1092 1079 ipsc
1108 1037 1270 1077 explicui,
1296 1038 1384 1077 quod
1408 1038 1503 1070 etiam
1517 1039 1696 1079 jurisdictio
1717 1040 1856 1081 appella-

977 1087 1037 1112 tur.
1067 1079 1129 1110 Sed
1147 1080 1178 1110 id
1196 1079 1316 1116 quale?
1341 1080 1383 1110 ait
1403 1078 1577 1120 Ulpianus,
1602 1082 1696 1120 Quod
1720 1085 1751 1113 in
1777 1082 1853 1113 dan-

979 1123 1017 1153 da
1038 1122 1197 1152 bonorum
1223 1119 1413 1158 possessione
1431 1121 1581 1153 consistit.
1628 1121 1784 1164 Ulpianus
1799 1124 1854 1153 de-

979 1162 1158 1194 finitionem
1181 1161 1276 1192 tradit
1300 1162 1340 1192 ab
1360 1163 1532 1203 exemplo:
1557 1162 1668 1202 estque
1693 1174 1729 1195 ea
1747 1166 1853 1206 perin-

980 1205 1020 1235 de
1048 1202 1251 1242 accipienda,
1276 1202 1359 1242 quasi
1385 1205 1530 1244 roganti,
1554 1205 1630 1244 quid
1655 1205 1690 1238 iit
1716 1209 1854 1238 mixtum

979 1246 1169 1286 imperium,
1199 1243 1263 1275 five
1289 1244 1486 1284 jurisdictio,
1519 1246 1711 1286 respondeat
1743 1246 1855 1289 Ulpia·

979 1297 1055 1325 τως,
1073 1287 1210 1318 mixtum
1223 1285 1393 1325 imper-ium
1407 1285 1492 1324 ‚five
1507 1287 1853 1327 Jurisdistionem,effe

976 1329 1066 1360 verbi
1095 1328 1215 1370 gratia,
1237 1327 1286 1367 jus
1318 1328 1429 1360 dandae
1456 1329 1618 1360 bonorum
1643 1329 1850 1370 poss'effionis.

976 1380 1037 1402 nec
1053 1372 1094 1401 ad
1116 1370 1180 1401 hoc
1199 1367 1331 1399 subsistit
1355 1367 1522 1409 Ulpianus.
1547 1371 1682 1411 amplius
1702 1371 1765 1410 ait,
1789 1371 1854 1403 effe

976 1412 1005 1444 ὅ(
1022 1411 1142 1452 Judicis
1164 1410 1257 1442 dandi
1275 1411 1449 1442 licentiam.
1476 1411 1554 1443 nihil
1574 1412 1659 1444 enim
1670 1413 1754 1445 aliud
1766 1414 1853 1454 agit,

976 1463 1049 1485 cum
1068 1452 1211 1492 subjicit,
1234 1451 1413 1491 Jurt‘sclz'fflo
1429 1451 1468 1493 est
1484 1455 1569 1484 etz'zmz
1582 1454 1694 1495 judicis
1708 1455 1798 1485 dandi
1817 1455 1853 1485 li-

976 1496 1089 1530 ceum,-
1106 1503 1200 1534 quam
1221 1500 1255 1524 ut
1272 1492 1439 1531 ostendat,
1466 1495 1495 1526 ἀ
1514 1495 1675 1527 bonorum
1693 1495 1855 1536 poss'effio-

976 1546 1071 1573 nem,
1097 1536 1124 1566 ἃ
1149 1535 1266 1575 judicis
1290 1535 1476 1574 dationem,
1502 1537 1619 1576 pariter
1640 1537 1670 1568 ὅ(
1689 1538 1781 1568 mixti
1795 1538 1855 1569 im-

977 1578 1056 1619 perii
1077 1577 1106 1608 ὃ(
1133 1575 1359 1617 3ω·]”3(1ἰί“ῑίοηῑε
1379 1577 1487 1608 haberi
1507 1587 1515 1608 ε
1548 1579 1630 1610 adeo
1649 1577 1712 1610 sive
1729 1579 1856 1619 jurisdi-

980 1620 1143 1656 cuonem,
1181 1617 1244 1649 five
1270 1618 1403 1650 mixtum
1426 1619 1614 1659 imperium,
1645 1620 1751 1656 dicas3
1784 1629 1854 1653 rem

979 1662 1097 1692 eodem
1123 1659 1289 1697 recidere,
1315 1659 1344 1690 ὅτ.
1378 1668 1549 1700 utrumque
1579 1661 1701 1692 duabus
1731 1660 1854 1693 absolvi

978 1701 1137 1742 partibus:
1164 1701 1196 1732 id
1219 1698 1283 1739 est,
1306 1699 1426 1739 Judicis
1439 1701 1532 1733 dandi
1553 1702 1680 1733 licentia
1695 1726 1704 1741 ‚
1721 1702 1751 1734 ὅ(
1770 1703 1854 1735 Prae-

978 1744 1056 1776 toris
1076 1742 1267 1784 cognitione
1287 1751 1324 1772 ac
1343 1743 1478 1773 decreto
1498 1743 1586 1783 cujus
1606 1745 1788 1784 exemplum
1807 1745 1854 1778 cst

977 1786 1064 1816 datio
1091 1785 1250 1815 bonorum
1278 1782 1484 1823 posseffionis.
1515 1784 1636 1817 Verum
1662 1794 1769 1825 patet,
1796 1785 1852 1819 Ul-

977 1827 1106 1866 pianum
1124 1825 1292 1864 imperium
1306 1825 1442 1856 mixtum
1461 1826 1764 1866 cumjurisdiftione
1775 1837 1854 1860 con·

976 1867 1130 1905 fundere3
1155 1866 1185 1897 &
1211 1865 1277 1905 ejus
1300 1866 1425 1905 qualem
1453 1867 1852 1908 qualemdcfinitionem,

974 1917 1035 1950 pro
1057 1907 1213 1941 Veterum
1231 1915 1342 1948 more,
1356 1909 1512 1950 exemplis
1528 1911 1639 1951 paucis
1658 1910 1850 1954 exposuisse.

775 2028 987 2066 CAPUT
1037 2028 1142 2064 III.

144 2137 218 2186 ,Quo
230 2134 325 2182 fhnsu
345 2136 496 2182 Ulpianus
518 2133 559 2175 δέ)
582 2134 699 2171 Paulus
717 2137 880 2182 imperium
902 2134 944 2174 ὃ)
961 2137 1211 2183 jurisdictionem
1237 2136 1436 2184 distinxerint
1461 2139 1481 2174 l.
1498 2148 1532 2184 4..
1564 2138 1608 2176 D.
1631 2139 1666 2176 de
1677 2141 1778 2188 juris-

464 2186 609 2228 aliumne,
646 2181 687 2224 &³
709 2186 730 2222 l.
751 2189 808 2221 26.
832 2196 882 2233 pr.
909 2182 951 2224 ἐξ
974 2184 1002 2233 §.
1024 2197 1055 2221 1.
1082 2187 1125 2222 D.
1153 2187 1205 2221 Ad
1225 2187 1450 2233 municipalem.

34 2303 36 2307 ·
72 2288 348 2363 Difficultatem
361 2296 465 2320 tamen
478 2288 526 2319 his
544 2288 630 2320 idem
641 2297 680 2319 ex
699 2288 879 2320 transverso
892 2289 937 2320 in·

170 2329 238 2369 jicit
260 2329 441 2368 Ulpianusl.
463 2341 492 2370 4.
510 2329 553 2361 Ι),
570 2331 602 2360 de
612 2330 817 2372 jurisdictione
832 2330 938 2362 verbis

73 2369 136 2402 istis
173 2370 281 2411 Jubere
300 2372 396 2401 caveri
408 2372 542 2411 praetoria
551 2369 761 2412 stipulatione,
786 2371 822 2407 &⁵
838 2373 937 2413 iupos-

63 2410 212 2452 seffimem
235 2414 365 2449 mittere,
385 2414 498 2453 imperii
521 2415 612 2454 magis
641 2411 680 2453 eft
695 2437 704 2452 ,
731 2423 819 2455 quam
843 2414 936 2455 juris-

72 2451 213 2484 dz‘rssmru's.
242 2455 311 2488 Ait,
340 2453 402 2485 effe
422 2463 491 2494 quae
510 2454 608 2495 magis
624 2454 746 2495 imperii
768 2454 855 2495 sunt;
872 2456 936 2494 ait,

72 2493 134 2525 esse
152 2505 221 2535 quae
247 2504 345 2535 m'=gls
370 2495 596 2535 jurisdiftionis
620 2495 786 2528 habentur.
812 2497 939 2529 videtur

71 2535 168 2576 igitur
189 2538 277 2567 aliam
292 2536 562 2577 jurisdictionem,
586 2537 670 2569 aliud
689 2537 876 2578 imperium,
893 2538 936 2568 fa-

72 2585 156 2608 cere.
204 2579 263 2609 I-ed
288 2588 350 2609 non
384 2577 428 2609 est
454 2579 516 2617 ita3
539 2587 646 2619 neque
682 2578 822 2621 Ulpiano
854 2579 935 2610 ratio

71 2615 150 2654 fuit,
175 2621 365 2662 generaliter
380 2629 450 2660 quae
475 2620 625 2660 imperii,
658 2630 791 2661 quaeque
814 2620 937 2661 jurisdi-

72 2657 183 2690 ettonis
203 2660 261 2692 fint
278 2686 284 2698 ,
309 2661 441 2692 definire
453 2671 474 2701 3¹
489 2660 541 2693 sed
557 2662 633 2702 quid
650 2662 681 2694 in
698 2662 937 2703 Magistratibus

74 2701 315 2739 municipalibus
347 2702 553 2741 observetur,
577 2702 646 2735 fere
681 2704 713 2736 id
749 2704 930 2735 ostendere.

74 2737 151 2783 Hoc
173 2740 334 2783 Inibi-iptio
350 2744 489 2776 indicat:
506 2753 576 2785 quae
588 2743 716 2784 Ulpiani
733 2745 771 2776 ad
790 2744 937 2776 Edifturn

76 2779 189 2811 librum
213 2793 345 2822 primum
365 2783 515 2825 praefert:
538 2794 604 2826 quo
622 2795 694 2817 eum
715 2787 755 2817 de
774 2785 937 2827 Magistra-

77 2826 168 2852 tuum
187 2826 417 2865 municipalium
435 2827 594 2866 potestate
618 2826 733 2869 egisse,
757 2835 846 2868 patet
861 2836 901 2858 ex
916 2827 935 2858 l.

76 2871 126 2908 35.
154 2862 196 2894 D.
220 2865 268 2895 Ad
282 2868 496 2907 municipalem,
520 2868 539 2900 l.
567 2877 592 2900 1.
616 2869 634 2900 l.
659 2879 688 2908 4.
716 2868 758 2900 D.
783 2871 816 2899 cle
832 2870 936 2900 damno

75 2903 199 2942 ιηῐεὲῖο,
233 2911 261 2936 ot
296 2907 434 2945 pluribus
464 2909 693 2942 Pantleelzarum
727 2909 936 2951 Fragmentis.

75 2944 138 2991 Sed
165 2946 193 2976 <St
213 2946 325 2978 Paulus
345 2947 449 2981 scribit
465 2949 606 2982 fimiliter
623 2951 661 2983 ad
681 2950 827 2983 Edictum
854 2951 936 2982 libro

73 2994 198 3033 primo:
225 2987 290 3025 Eo,
315 2998 376 3030 quae
393 2992 485 3031 magis
500 2993 613 3033 imperii
621 2996 715 3032 suut,
739 3003 827 3034 quam
845 2993 934 3033 iuris-

74 3026 209 3059 dzfflvnis
220 3051 228 3067 ,
254 3028 466 3071 Magzstratum
480 3034 680 3073 municipalem
689 3035 793 3074 fucere
807 3044 864 3065 non
873 3041 936 3075 pos-

63 3068 108 3110 ſse.
135 3068 236 3107 Item,
265 3070 488 3111 llfltigijllrutibus
504 3075 725 3114 municipalibus
742 3085 797 3106 non
819 3077 936 3117 permit·

72 3111 96 3141 ti
105 3111 135 3142 iu
153 3112 297 3152 integrum
314 3110 480 3154 restituere,
502 3120 555 3145 aut
573 3116 643 3147 bona
656 3117 698 3147 rei
703 3119 859 3155 servandae
869 3127 935 3148 cau-

64 3151 104 3192 sa
133 3152 229 3193 jubere
247 3153 397 3193 pufficteri,
424 3161 478 3186 aut
505 3157 578 3186 dotis
592 3157 746 3195 servundae
763 3160 848 3191 causa
861 3182 869 3195 ,
890 3159 936 3190 vel

71 3193 229 3233 legatorum.
265 3197 469 3228 'ornandorum
492 3196 588 3237 εατιξα.
613 3197 632 3229 l.
658 3202 708 3231 26.
727 3206 774 3239 pr.
799 3199 835 3234 δ”
853 3199 881 3242 §.
911 3210 935 3233 1.

70 3233 112 3281 D.
140 3235 189 3280 Au
208 3238 416 3277 munwpczlem.
442 3237 537 3270 Unde
559 3247 708 3279 apparet,
733 3240 824 3272 aliter
847 3242 935 3282 juris-

58 3274 245 3350 “dlclt'mneln
265 3278 395 3319 sonare,
419 3280 511 3313 aliter
527 3280 717 3322 imperium:
742 3281 795 3316 sed
814 3291 936 3318 tantum

137 3326 190 3349 om.
232 3343 238 3351 .

981 2287 1012 2318 in
1030 2289 1293 2330 municipalibus,
1317 2299 1384 2322 non
1409 2291 1504 2324 etiam
1525 2292 1556 2324 in
1575 2294 1720 2332 caeteris,
1745 2292 1852 2336 Magi-

982 2328 1150 2363 stratibus:
1172 2339 1207 2362 ut
1231 2340 1309 2363 mox
1337 2332 1463 2372 plenius
1478 2333 1655 2366 ostendam.
1682 2335 1726 2367 At
1743 2344 1800 2366 cur
1818 2339 1850 2368 in

981 2373 1253 2418 municipalibus?
1278 2373 1352 2414 quia
1368 2373 1516 2407 Edictum
1534 2383 1753 2447 ¹perpetuum,
1775 2386 1851 2409 cum

983 2412 1031 2445 his
1056 2414 1144 2445 dedit
1169 2415 1342 2446 notionem
1364 2415 1404 2446 de
1432 2416 1530 2453 quibu
1547 2417 1617 2448 dam
1636 2416 1753 2456 caulis,
1778 2426 1852 2451 eam

981 2464 1046 2486 non
1065 2456 1233 2495 imperium
1251 2455 1351 2495 dixit,
1375 2455 1427 2488 sed
1441 2456 1710 2497 Juristliftionem3
1734 2458 1852 2499 ipsam-

981 2506 1044 2537 que
1067 2506 1132 2528 non
1159 2497 1188 2528 in
1215 2496 1375 2528 infinitum
1400 2499 1574 2537 conceffit,
1598 2497 1651 2532 sed
1677 2509 1778 2541 usque
1808 2502 1850 2533 ad

980 2545 1102 2571 certam
1129 2537 1300 2570 summam:
1323 2539 1366 2570 uti
1387 2539 1472 2571 idern
1492 2539 1605 2572 Paulus
1628 2541 1747 2573 eodem
1765 2542 1849 2575 libro

979 2579 1083 2620 primo
1115 2580 1154 2611 ad
1181 2578 1331 2611 Ediftum
1364 2580 1463 2612 docet
1485 2581 1504 2613 l.
1525 2586 1573 2617 28.
1597 2581 1642 2615 D.
1667 2584 1726 2615 eod.
1750 2585 1797 2615 tic.
1825 2585 1848 2615 l.

979 2621 1032 2652 ult.
1059 2620 1101 2652 D.
1121 2623 1155 2651 de
1173 2620 1396 2662 jurisdictione,
1420 2621 1458 2657 ὃ)
1482 2622 1529 2654 lib.
1553 2634 1583 2664 5.
1604 2624 1735 2656 Sentent.
1751 2627 1799 2657 tic.
1817 2637 1849 2666 5.

979 2661 1007 2703 ᾗ.
1022 2671 1048 2694 1.
1072 2661 1134 2694 His
1150 2662 1252 2700 adde,
1278 2663 1365 2703 quod
1386 2672 1455 2695 eam
1475 2673 1539 2696 non
1551 2674 1609 2704 pro
1626 2666 1775 2698 tribunali
1797 2668 1851 2698 de-

980 2703 1045 2743 dit,
1067 2702 1120 2735 sed
1137 2704 1177 2735 de
1193 2704 1289 2741 plano
1308 2705 1408 2736 dedit.
1433 2705 1524 2737 Adeo
1542 2706 1572 2738 ἂ
1590 2706 1627 2738 ΙΙ.
1649 2707 1735 2740 ViR.
1762 2707 1785 2739 1.
1805 2707 1849 2739 Ι).

979 2752 1032 2776 aut
1054 2744 1124 2776 llll.
1150 2744 1234 2777 VIR.
1260 2744 1283 2776 Ι.
1308 2744 1350 2777 D.
1374 2754 1428 2777 aut
1460 2746 1563 2779 Illlll.
1590 2747 1675 2780 VlR.
1701 2749 1724 2782 Ι.
1749 2748 1791 2781 Ι).
1817 2750 1850 2780 id

980 2785 1044 2826 est,
1071 2786 1229 2819 Duumvir
1244 2786 1304 2827 juri
1321 2788 1482 2828 dicundo,
1507 2797 1560 2821 aut
1575 2789 1774 2832 Quatuorvir
1788 2790 1849 2830 juri

980 2827 1139 2866 dicundo,
1163 2837 1217 2860 aut
1233 2829 1396 2869 sevirjtzri
1421 2831 1582 2870 dicundo,
1608 2832 1714 2871 paffim
1733 2833 1848 2872 legitur

980 2869 1011 2900 in
1032 2870 1170 2910 antiquis
1187 2869 1468 2911 Inscriptionibus‚
1494 2872 1523 2904 ἃ
1539 2873 1767 2912 jurisdictionis
1782 2880 1850 2903 mu—

980 2911 1123 2952 nicipalis
1147 2911 1272 2943 mentio
1297 2911 1379 2953 saepe
1403 2912 1441 2944 fit
1467 2914 1498 2945 in
1524 2914 1720 2955 Fragmentis
1744 2913 1847 2953 Juris,

980 2960 1015 2983 ut
1033 2953 1052 2983 l.
1064 2962 1114 2990 29.
1135 2952 1176 2983 D.
1194 2954 1422 2995 Admunicz'pal.
1442 2955 1478 2989 δ’)
1495 2955 1581 2987 alibi:
1600 2954 1720 2995 imperii
1737 2962 1847 2987 autern

979 2994 1090 3032 mixti,
1123 3002 1176 3026 aut
1208 2995 1374 3028 tribunalis
1408 2997 1628 3036 municipalis,
1656 2995 1781 3027 mentio
1812 2996 1848 3028 in

979 3034 1176 3077 Fragmentis
1200 3036 1281 3077 Juris
1300 3046 1366 3068 non
1397 3037 1443 3070 fit.
1487 3038 1578 3075 Scio,
1603 3037 1775 3068 Suetonius
1798 3037 1846 3069 De

978 3077 1066 3108 claris
1089 3077 1263 3110 Rhetoribus
1280 3088 1306 3110 c.
1329 3082 1359 3110 6.
1382 3078 1424 3112 fic
1447 3079 1560 3118 inquit.
1586 3077 1676 3119 Cujus
1703 3078 1846 3110 Albutius·

979 3119 1060 3150 Suus
1086 3118 1299 3158 Novarienfis,
1322 3130 1412 3161 quum
1440 3120 1575 3151 ceduuate
1603 3119 1636 3149 in
1649 3121 1748 3160 patria
1765 3120 1845 3160 fuu-

975 3167 1111 3201 geretur,
1134 3171 1226 3202 quum
1241 3161 1325 3201 forte
1335 3162 1389 3202 jus
1411 3162 1530 3198 diceret,
1554 3160 1589 3190 ob
1604 3160 1639 3191 z'z's
1656 3166 1758 3194 contra
1773 3171 1844 3203 quor

975 3203 1182 3242 pronutialmt,
1201 3203 1320 3243 pedihus
1334 3212 1349 3232 e
1365 3201 1505 3232 tribunali
1528 3201 1673 3233 detractus
1689 3201 1737 3243 est.
1780 3203 1844 3235 sed

978 3243 1151 3275 Suetonius
1178 3244 1315 3275 tribunal
1341 3242 1468 3274 abusive
1494 3243 1574 3274 dixit
1596 3243 1703 3275 locum
1728 3246 1759 3275 in
1776 3254 1843 3285 quo

979 3284 1088 3326 politis
1098 3284 1247 3319 lubselliis
1258 3282 1444 3357 confidlebat
1454 3283 1656 3326 Magistratus
1666 3286 1724 3326 juri
1735 3286 1845 3359 diesim·

1804 3336 1843 3359 οι
