2036 3495
156 107 226 152 433
580 90 613 133 G
643 109 664 133 iz
699 106 721 131 it
752 107 772 131 a
806 106 828 130 R
863 105 887 131 n
923 106 935 129 1

162 192 299 225 effeetus
319 191 383 230 est3
399 197 432 223 ut
450 185 600 221 incendio
617 183 734 216 exustis
751 183 863 225 pupilli
878 183 1040 223 chirogra-

161 234 233 274 phis
245 257 254 271 ,
279 233 346 274 effus
366 233 531 264 debitores
550 226 600 257 vel
616 235 657 257 ex
675 225 856 257 inventario
873 225 1041 256 conveniri

161 274 281 315 posfint
298 276 317 305 ι.
334 284 384 313 57.
413 272 443 302 D
469 271 499 300 h.
515 273 537 314 ζ.

207 314 369 346 Confesto
394 319 490 350 porro
517 309 698 340 inventario
717 331 728 346 ,
760 307 857 339 debet
879 313 968 339 tutor
991 316 1043 344 res

162 356 277 397 pupilli
301 353 454 388 mobiles,
478 358 594 391 praeter
617 358 726 381 aurum
750 349 778 380 ἀ
804 357 989 390 argentum3
1012 349 1043 380 δι

164 397 250 436 quod
267 401 420 436 praeterea
438 391 549 423 servari
573 393 707 431 nequit,
730 390 806 421 item
834 390 980 422 animalia
999 389 1043 421 su·

166 444 348 478 pervacua,
372 433 474 465 statim
505 431 686 467 distrahere.
710 431 851 472 alioquin
877 430 966 463 suum
988 440 1042 472 pe-

164 476 300 508 riculum
322 474 495 507 factumst.
516 483 543 514 7.
567 473 595 515 §.
615 483 642 505 1.
668 474 715 504 D.
742 472 779 507 ὅ)
800 474 819 504 l.
834 481 883 510 24.
909 473 943 505 C.
968 473 996 503 h.
1019 478 1041 504 t.

164 516 218 548 Ex
239 516 373 557 pecunia
392 516 466 547 inde
483 514 636 553 collefita,
658 514 765 546 addita
781 514 901 552 reliqua
924 523 995 554 quae
1013 523 1043 544 a·

163 558 231 599 pud
254 557 408 598 pupillum
434 558 627 596 reperiatur,
659 555 772 593 debet,
803 555 824 586 si
848 555 964 587 summa
988 563 1041 595 pa·

167 600 281 638 tietur,
305 599 422 639 praedia
438 596 683 638 comparare,&
703 599 732 628 ci
750 597 793 627 rei
810 597 978 635 pecuniam
990 597 1042 628 de-

164 649 290 681 ponere
307 640 324 670 l.
342 650 372 679 5.
394 640 438 671 D.
454 639 490 673 ἐξ
506 639 523 670 l.
543 648 590 677 24.
612 637 645 669 C.
663 637 690 668 h.
708 643 728 669 τ.
751 637 772 668 fi
788 637 903 676 cessat,
926 647 943 668 a
960 637 1042 668 Prae-

168 688 242 713 tore
264 683 412 723 cogitur3
441 680 490 719 δι,
513 679 535 711 fi
563 679 630 710 vilis
659 677 715 716 lit,
745 680 840 710 etiam
872 682 1043 711 coercetur

167 723 306 754 vinculis
327 722 463 762 publicis
485 723 504 752 l.
521 730 550 761 3.
566 719 595 761 §.
610 723 656 750 16.
669 718 710 750 D.
721 718 886 760 desuspett.
900 725 960 755 tut.
979 728 1043 751 non

165 765 271 796 minus
304 764 423 805 poterit
445 761 612 793 conveniri
637 762 668 791 in
692 759 812 792 usuras:
845 760 899 792 nisi
930 760 952 792 fi
988 768 1045 801 per

167 814 243 837 eum
262 815 326 837 non
349 804 393 836 est
418 800 557 841 sactum,
583 811 649 842 quo
674 801 778 833 minus
799 810 1001 841 compararet
1022 802 1043 834 1.

167 855 196 888 7.
218 846 247 888 §.
264 856 295 887 3.
311 846 339 877 b.
357 851 379 876 t.
423 843 535 876 Usuras
553 852 650 884 porro
667 843 814 883 intelligo
841 843 900 874 hac
924 844 954 875 in
977 842 1044 884 spe-

166 888 218 920 cie
235 886 425 928 graviffimas
442 895 512 926 quae
530 884 729 926 appellantur
747 885 917 925 legitimae,
935 885 966 916 in
981 885 1045 926 pri·

166 929 228 969 mis
244 927 265 960 fi
281 928 491 959 comminatio
505 925 662 968 praeceffit
677 925 697 956 l.
715 925 776 966 ᾖς
804 934 831 965 7.
851 925 887 960 ὅ)
907 935 953 958 10.
969 927 998 958 b.
1017 931 1040 957 t,

166 969 269 1012 Quod
287 969 307 1001 ii
326 968 443 1001 summa
466 969 504 1000 ad
525 968 645 1009 praedia
679 976 745 998 nori
770 966 921 999 sufficiet:
945 976 1042 1008 pecu-

166 1015 252 1052 niam
275 1010 395 1043 foenori
421 1009 596 1044 collocabit
624 1009 652 1039 d.
672 1008 690 1039 l.
709 1018 757 1047 24.
777 1007 810 1038 C.
827 1008 855 1040 h.
872 1013 893 1040 ε.
921 1009 951 1039 <St
975 1010 1042 1049 qui-

167 1055 240 1086 dem
255 1054 337 1085 intra
352 1052 403 1087 lex
420 1053 540 1092 primos
557 1050 689 1082 menses.
712 1049 733 1081 fi
756 1058 820 1081 non
845 1050 1042 1088 collocabit3

169 1095 385 1128 convenietur
400 1093 465 1132 ipse
482 1094 513 1124 in
532 1091 634 1124 usuras
651 1091 716 1131 eius
741 1093 885 1131 pecuniae
907 1091 927 1122 l.
950 1100 996 1131 15.
1013 1091 1042 1122 h.

168 1143 192 1169 z.
237 1135 336 1174 Dixi,
374 1135 458 1167 lntra
483 1134 536 1166 sex
560 1134 679 1173 primos
705 1131 843 1164 menses:
867 1141 937 1163 nam
957 1132 1046 1171 quod

168 1178 208 1211 ad
238 1178 391 1217 reliquam
421 1177 536 1208 attinet
569 1174 765 1214 pecuniam,
798 1173 913 1206 deinde
943 1173 1043 1204 confi-

167 1219 333 1257 ciendam3
357 1215 391 1249 ei'
414 1217 616 1257 deponendae
640 1215 787 1246 tribuitur
810 1214 940 1254 spatium
965 1215 1045 1246 duo-

165 1271 236 1304 rum
261 1259 432 1292 mensium:
458 1260 501 1291 uti
518 1268 559 1290 ex
581 1256 756 1288 collatione
773 1256 791 1287 l.
809 1265 838 1296 7.
861 1255 892 1297 §.
912 1264 957 1287 ιι.
973 1256 1002 1287 b.
1020 1262 1042 1287 t.

169 1302 320 1334 observat
347 1300 385 1333 V.
412 1299 471 1332 CL.
495 1299 633 1339 jacobus
657 1296 806 1338 Ciijacius
823 1320 833 1334 ,
865 1298 910 1328 lib.
931 1308 960 1336 5.
988 1297 1044 1328 Ob-

161 1342 242 1385 fhrv.
260 1354 284 1375 c.
312 1353 359 1374 12.
402 1341 464 1377 Sed
480 1351 516 1372 ea
537 1340 714 1372 foenerandi
736 1338 900 1370 neceffitas
923 1345 1046 1369 curato·

165 1385 254 1421 ribus
272 1383 392 1415 remissa
416 1382 536 1415 Novell.
556 1391 604 1422 72.
625 1391 647 1411 c.
667 1384 696 1411 6.
721 1381 831 1420 plane,
855 1380 874 1410 li
899 1380 973 1420 quis
993 1389 1046 1419 pe-

169 1429 295 1462 cuniam
316 1425 398 1456 malo
416 1433 506 1455 more
524 1424 553 1454 in
572 1422 640 1453 usus
659 1420 730 1452 suos
745 1421 925 1457 convertit,
949 1422 973 1451 is
991 1430 1044 1452 ne-

168 1477 232 1507 que
256 1467 355 1508 spatio
374 1464 528 1504 temporis
546 1468 673 1501 utetur3
696 1462 725 1493 ὃ(
743 1463 773 1493 in
798 1461 988 1503 graviflimas
1015 1471 1047 1494 u-

166 1509 250 1544 sui-as
266 1507 479 1538 convenietur
496 1506 516 1536 l.
535 1513 563 1544 7.
581 1504 609 1545 §.
631 1513 677 1535 11.
695 1506 723 1534 b.
740 1508 762 1534 t.

212 1549 285 1581 Huc
303 1556 404 1585 usque
424 1545 554 1586 exposui
573 1543 851 1576 administrationis
868 1543 950 1584 quafi
968 1552 1046 1584 prae-

169 1591 305 1623 ambula.
352 1587 449 1621 Nunc
467 1583 564 1628 ipsam
583 1587 745 1627 attingam.
769 1586 799 1617 in
817 1585 939 1617 catalis
956 1594 1046 1616 com-

168 1632 323 1674 probatur
349 1630 475 1671 regula,
499 1627 627 1667 Tutor,
657 1635 814 1668 quatenus
833 1627 947 1658 attinet
971 1635 1047 1667 pro-

168 1673 346 1704 videntiam
378 1671 585 1713 pupillarem,
618 1678 677 1710 pro
701 1669 834 1706 domino
863 1667 997 1699 habetur
1025 1667 1046 1699 l.

165 1724 215 1755 27.
236 1713 276 1745 D.
295 1715 323 1745 b.
344 1719 366 1744 t.
412 1712 457 1743 Ea
477 1719 583 1743 autem
602 1711 806 1751 providentia
825 1709 877 1740 vel
900 1710 938 1740 ad
960 1708 1048 1740 exhi-

169 1754 306 1788 bendam
324 1754 436 1796 pupilli
455 1752 620 1795 pei-sonam
632 1774 642 1791 ,
667 1752 772 1789 velad
789 1750 1046 1783 administrandas

168 1796 235 1839 ejus
253 1807 323 1835 res,
346 1796 497 1837 pertinet.
521 1794 585 1826 Sed
603 1803 672 1834 pars
691 1792 787 1824 officii
811 1792 910 1833 prima
932 1792 969 1822 ad
988 1800 1046 1831 pu-

164 1838 234 1880 pilli
255 1837 421 1879 personam
446 1836 584 1876 spectat:
607 1845 642 1867 ac
668 1835 817 1866 continet
840 1835 996 1874 integram
1014 1842 1044 1864 e·

165 1882 215 1922 J'us
232 1879 484 1917 exhibitionem3
508 1878 540 1909 id
565 1876 628 1915 est,
653 1877 761 1909 locum
779 1876 809 1906 in
835 1884 900 1916 quo
927 1875 1044 1905 debeat

167 1922 283 1954 morari
299 1928 396 1960 atque
415 1920 541 1951 educari
559 1928 565 1949 :
589 1927 654 1950 tum
677 1919 826 1949 alimenta
839 1939 847 1955 ‚
869 1916 900 1947 id
917 1915 980 1953 est,
999 1916 1042 1946 vi-

171 1964 276 2002 Ctum,
300 1962 504 2000 vestimenta,
528 1969 680 2001 praeterea
697 1958 835 1990 famulos
852 1958 881 1991 ei
907 1956 1044 1988 necessa-

170 2005 256 2043 rios,
280 2003 311 2035 ἃ
329 2003 493 2044 postremo
511 2001 715 2042 disciplinam.
739 1999 877 2038 scilicet,
901 2000 973 2039 quia
996 2006 1043 2029 tu-

171 2054 224 2078 tor
250 2054 315 2076 non
348 2044 449 2075 minus
480 2044 591 2084 pupilli
615 2042 783 2080 moribus,
824 2050 916 2081 quam
950 2040 1043 2072 rebus

172 2086 285 2128 praeest
302 2086 320 2117 l.
343 2095 378 2116 12
408 2084 437 2126 §.
454 2094 483 2124 3.
509 2084 549 2116 D.
568 2084 596 2116 b.
618 2091 642 2115 t.
668 2084 778 2124 ibique
795 2081 1043 2113 Gothofredus:

173 2130 295 2161 &ideo
319 2127 520 2168 praecipitui·;
546 2133 580 2157 ut
605 2126 717 2157 statuat
739 2123 894 2164 impensas
917 2132 975 2164 pro
998 2124 1043 2153 ia-

174 2169 346 2201 cultatibus
362 2168 391 2199 &
413 2169 569 2208 dignitate
590 2167 720 2207 pupilli,
744 2175 809 2197 non
834 2167 945 2204 utique
969 2173 1044 2203 quas

173 2212 320 2244 minimas
344 2210 449 2250 potest
471 2209 490 2239 l.
514 2218 559 2249 ¹3·
576 2210 603 2238 d.
620 2215 641 2239 t.
665 2217 702 2238 ac
725 2207 822 2238 fuerit
848 2206 1044 2246 prudentire‚

173 2261 210 2285 ut
239 2251 402 2284 advocatis
432 2251 542 2291 pupilli
567 2250 713 2290 cognatis
738 2248 913 2286 amicisque
937 2254 1046 2283 curet,

175 2304 192 2326 a
211 2294 351 2326 Praetore
369 2291 492 2324 definiti
504 2316 512 2328 ,
530 2299 683 2332 quantum
703 2299 760 2328 pro
777 2289 898 2329 pupillo
916 2297 1048 2329 erogare

175 2336 313 2374 debeat3
335 2344 375 2365 ne
391 2334 531 2373 alioquin
549 2335 577 2363 ci
603 2331 728 2363 necess'e
751 2330 810 2369 fit,
833 2329 979 2368 impensis
1004 2328 1044 2360 fa-

177 2377 253 2415 tiis,
276 2376 389 2417 judicis
412 2375 545 2406 arbitrio
570 2373 774 2413 permittere,
799 2379 932 2411 quantas
958 2380 1047 2411 repu-

177 2419 316 2449 tationes
333 2426 374 2448 eo
391 2417 523 2448 nomine
546 2424 618 2446 eum
638 2414 745 2445 facere
770 2420 920 2454 oporteat
942 2412 961 2442 l.
980 2422 1008 2452 3.
1027 2412 1046 2443 l.

176 2460 231 2490 ult.
249 2458 284 2493 ἑὸ)
301 2464 350 2490 tot.
367 2460 413 2489 tit.
435 2456 607 2498 Ulnpupill.
627 2458 704 2487 educ.
724 2456 782 2486 del).
830 2453 908 2485 Haec
931 2454 968 2484 ad
993 2463 1048 2494 pti-

176 2500 243 2541 pilli
267 2500 508 2531 exhibitionem.
533 2499 572 2530 de
598 2506 658 2539 qua
689 2497 784 2538 paulo
809 2496 897 2536 plura
918 2494 988 2526 libro
1006 2495 1049 2536 si·-

178 2547 284 2584 querite
302 2542 346 2571 tit.
364 2551 392 2572 2.

218 2581 250 2613 In
276 2590 379 2612 rerum
402 2580 703 2614 administrationem
733 2578 865 2611 veniunt
891 2578 1049 2615 actiones,

177 2623 371 2657 solutiones,
394 2625 611 2664 erogationes,
635 2621 856 2653 alienationes.
888 2619 1052 2650 Familiam

181 2666 303 2697 ducent
320 2663 471 2694 actiones.
497 2665 527 2695 ἀ
544 2663 775 2694 observandum
789 2684 799 2699 ,
822 2661 909 2702 quod
923 2660 991 2700 jure
1011 2660 1054 2690 ci-

178 2706 234 2737 vili
251 2705 327 2737 nulli
343 2704 419 2736 licet
436 2705 539 2736 alieno
558 2704 696 2745 experiri
723 2703 863 2735 nomine.
889 2699 920 2733 δι
948 2709 1054 2731 tamen

180 2747 304 2779 tutorio
321 2745 451 2777 nomine
474 2753 507 2775 ut
530 2747 641 2777 liceret
663 2745 821 2785 experiri,
843 2744 906 2775 fuit
930 2742 980 2774 vel
1003 2750 1055 2772 ne-

180 2788 322 2821 ceffitate
345 2785 527 2823 inductum3
557 2788 599 2817 ita
622 2787 758 2826 placuit,
790 2795 825 2816 ut
848 2784 1056 2826 quemadmo-

181 2831 256 2862 dum
280 2829 373 2866 alibi,
397 2827 484 2859 sicin
502 2826 697 2865 actionibus,
722 2834 810 2858 tutor
834 2826 954 2858 domini
980 2825 1056 2855 loco

179 2872 352 2902 haberetur
363 2892 373 2907 ,
384 2869 413 2900 &
431 2869 518 2907 quod
530 2869 651 2908 pupillo
663 2868 920 2907 deberetur‚jure
930 2872 1056 2907 peteret

180 2913 200 2944 l.
228 2921 273 2952 15.
297 2911 316 2942 Ι.
337 2920 385 2943 22.
408 2910 450 2940 D.
466 2909 493 2940 b.
511 2914 531 2939 t.
556 2916 652 2947 atque
668 2909 778 2940 hocin
797 2918 919 2940 tantum
945 2915 1056 2938 verum

181 2953 247 2991 est,
272 2961 306 2984 ut
328 2962 368 2983 nc
386 2958 475 2982 tutor
491 2950 620 2989 quidem
639 2958 771 2989 cogatur
792 2960 928 2987 cavere,
952 2948 1054 2988 pupil-

182 2996 246 3026 lum
265 3002 361 3025 ratam
382 3002 446 3023 rem
465 2991 757 3028 habiturum;quafi
774 3001 837 3023 rein
855 2993 884 3022 in
901 2991 1054 3031 judicium

180 3036 320 3067 deducat
336 3035 351 3065 l.
375 3044 424 3074 23.
442 3033 486 3063 D.
507 3032 543 3067 ἐξ)
560 3032 579 3063 l.
607 3041 653 3073 ¹3-
674 3030 706 3062 C.
723 3032 746 3060 b.
766 3038 786 3063 t.
810 3032 861 3063 nili
886 3033 907 3064 si
930 3031 1055 3062 dubite-

177 3085 253 3114 tur,
277 3087 314 3107 an
344 3084 433 3106 tutor
457 3073 513 3110 sit,
545 3073 595 3104 vel
627 3081 664 3103 an
691 3072 783 3102 duret
808 3080 914 3109 tutor,
937 3073 987 3103 vel
1015 3080 1053 3102 an

176 3117 280 3159 gestus
305 3118 334 3147 ei
361 3114 542 3147 cominiss'us
569 3113 625 3145 fit:
647 3121 770 3153 aequum
800 3114 883 3144 enim
909 3113 973 3151 est,
1003 3113 1054 3144 ad-

179 3158 346 3190 versarium
373 3167 436 3189 non
462 3157 566 3195 decipi
603 3156 752 3194 idemque
776 3153 806 3184 in
837 3162 983 3184 curatore
1009 3154 1055 3193 jus

177 3199 224 3233 est
237 3202 266 3232 d.
283 3200 302 3231 l.
322 3208 372 3240 23.
416 3197 579 3231 Caeterum
602 3196 690 3238 quod
715 3204 774 3237 pro
798 3195 931 3227 domino
960 3194 1055 3226 aab&

994 94 1254 129 NooDT
1310 92 1520 128 Coitaf.

1083 190 1134 213 tur
1149 188 1257 220 tutor,
1282 190 1432 222 quantum
1449 182 1488 212 ad
1504 181 1646 215 actiones
1662 183 1794 217 attinet:
1817 188 1884 219 tum
1900 187 1957 221 dee

1083 232 1170 255 mum
1193 223 1397 262 observatur3
1421 222 1441 254 li
1465 223 1531 263 ipse
1557 225 1756 264 experiatur:
1785 236 1856 260 nam
1881 237 1956 268 pros

1084 271 1266 296 curatorem
1279 273 1319 295 ex
1337 263 1387 295 sua
1405 263 1537 304 persona
1553 264 1583 295 in
1602 274 1666 297 rem
1686 268 1794 307 pupilli
1813 269 1863 300 vel
1882 272 1957 301 ado-

1085 305 1232 338 lescentis
1246 304 1353 337 facere
1370 314 1434 337 non
1455 305 1572 345 potest.
1614 306 1754 348 Pupillus
1771 318 1878 342 autern
1903 311 1957 343 vel

1084 347 1228 385 adultus,
1250 354 1357 377 tutore
1375 345 1426 378 seu
1442 355 1590 378 curatore
1607 348 1861 390 interveniente,
1886 361 1958 390 pro-

1085 395 1268 419 curatorem
1284 388 1432 419 ordinare
1448 387 1564 428 potest.
1589 389 1643 428 ipsi
1662 392 1758 423 etiam
1783 399 1906 424 tutores
1925 393 1956 425 ἃ,

1085 437 1250 460 curatores
1266 428 1337 469 post
1353 428 1414 460 litis
1438 429 1704 463 contestationem
1728 442 1745 464 a
1769 431 1799 464 se
1821 432 1958 474 factam,

1085 479 1151 502 non
1183 468 1397 510 prohibentur
1420 479 1643 510 procuratores
1674 473 1749 508 dare
1764 494 1774 512 ,
1805 474 1958 515 exemplo

1086 517 1330 555 procuratorum
1353 511 1405 550 qui
1423 512 1512 544 litem
1537 512 1706 545 contestati
1723 537 1733 554 ,
1754 515 1818 554 ejus
1835 515 1959 548 domini

1086 550 1191 584 effee'ti
1212 552 1282 583 lunt
1299 551 1327 597 l..
1339 559 1385 597 η.
1403 552 1436 584 C.
1454 554 1488 583 de
1498 556 1709 593 procuratorib.
1740 554 1840 600 Quod
1856 557 1878 588 ss
1895 556 1957 589 dif-

1084 593 1152 625 fusa
1167 593 1236 624 sunt
1253 592 1364 633 pupilli
1381 595 1528 633 negotia,
1551 603 1605 625 aut
1620 596 1775 637 dignitas,
1793 604 1886 637 εἰπε,
1903 607 1958 629 va-

1085 635 1197 666 letudo
1213 635 1345 672 tutoris,
1369 643 1441 665 eum
1458 634 1661 676 distringant,
1685 639 1715 670 &
1738 640 1879 671 nondum
1901 638 1962 671 fari

1086 675 1225 716 pupillus
1244 675 1420 714 poffit,aut
1437 674 1545 708 absens
1554 677 1729 715 fit,utnon
1740 680 1959 720 poffitprocu·

1087 724 1224 748 ratorem
1243 715 1351 747 fiicere
1360 724 1400 747 ex
1410 715 1600 748 auctoritate
1610 721 1723 751 tutoris
1733 730 1741 751 :
1752 720 1831 753 solet
1841 723 1963 762 pericu-

1090 758 1122 789 lo
1134 758 1249 789 tutoris
1259 757 1345 788 aftor
1354 765 1370 787 a
1381 756 1523 789 Praetore
1533 758 1751 792 constitui.Sic
1760 761 1871 794 Paulus
1880 764 1899 793 l.
1910 773 1961 802 24.

1089 800 1136 831 D.
1147 800 1174 831 b.
1187 805 1208 830 t.
1219 798 1346 830 additin
1363 796 1392 839 §.
1407 807 1432 829 1.
1444 797 1587 831 fieadem
1605 801 1703 832 tutela
1719 802 1858 842 pluribus
1874 803 1965 836 fimul

1088 842 1226 881 gerenda
1247 839 1391 881 permiss'a
1408 837 1453 870 est
1471 840 1521 873 vel
1536 850 1552 871 a
1573 850 1724 881 parente,
1747 844 1798 874 vel
1814 854 1830 874 a
1846 854 1962 877 contu-

1089 882 1231 919 toribus,
1252 881 1301 927 vel
1320 890 1337 912 a
1353 879 1557 921 Magistratu:
1581 881 1634 914 hio
1649 883 1787 925 benigne
1801 885 1895 917 etiam
1906 887 1962 918 uni

1087 933 1182 969 agere
1198 921 1396 969 permissum:
1419 931 1554 963 nempe,
1571 924 1645 964 quia
1661 925 1725 956 duo
1743 925 1831 958 limul
1846 935 1962 967 agere,

1087 967 1119 997 id
1136 965 1198 1002 est,
1217 964 1305 995 simul
1320 972 1410 1004 aeque
1425 965 1619 1004 commode,
1635 974 1729 1007 agere
1745 976 1810 999 non
1827 968 1962 1008 poss'unt.

1086 1005 1129 1037 Et
1145 1006 1339 1037 notandum:
1363 1005 1451 1045 quod
1469 1004 1583 1038 Paulus
1597 1008 1658 1046 ait,
1677 1008 1815 1049 benigne
1833 1011 1963 1050 permit-

1086 1047 1108 1078 ti
1125 1056 1237 1087 agere:
1263 1049 1335 1087 quia
1351 1045 1371 1077 fi
1387 1047 1426 1077 ad
1446 1047 1544 1078 verba
1560 1046 1791 1088 deflectamus,
1808 1059 1871 1082 non
1890 1060 1964 1091 pos-

1088 1087 1178 1133 sunt,
1202 1086 1257 1119 riifi
1281 1088 1345 1119 duo
1369 1096 1480 1128 agere:
1505 1087 1558 1120 sed
1583 1089 1752 1131 benignius
1776 1091 1841 1130 est,
1864 1093 1962 1125 etiarn

1090 1138 1142 1161 uiii
1156 1129 1316 1175 concedi,
1339 1137 1451 1170 agei-e:
1474 1130 1546 1170 quia
1564 1139 1642 1163 unus
1662 1139 1751 1164 tutor
1765 1131 1890 1166 facilius
1909 1143 1964 1167 ex-

1088 1172 1292 1211 peditiusque
1309 1169 1452 1202 aulones
1467 1171 1497 1202 δι
1513 1179 1643 1203 exercet
1663 1173 1692 1204 &
1715 1174 1854 1214 excipit3
1878 1184 1919 1207 ne
1934 1184 1965 1207 a·

1088 1212 1210 1252 lioquin
1230 1212 1329 1243 tutela
1350 1220 1408 1251 pei·
1425 1213 1544 1243 multos
1567 1212 1725 1255 spargatur
1739 1216 1758 1247 l.
1773 1225 1801 1256 3,
1819 1215 1848 1257 ἓ.
1864 1220 1894 1249 6.
1916 1217 1962 1249 D6

1085 1254 1143 1298 itt.
1170 1254 1250 1292 Uni·,
1264 1253 1447 1299 inquam:&
1463 1254 1599 1286 maxime
1617 1255 1690 1287 huic
1702 1257 1753 1297 qui
1774 1256 1961 1299 diligentior

1090 1303 1169 1331 erit,
1193 1295 1222 1325 ἃ
1243 1303 1329 1333 prior
1350 1303 1444 1334 agere
1469 1297 1641 1336 occupavit
1664 1306 1727 1339 arg.
1753 1298 1773 1329 l.
1789 1308 1839 1340 32.
1855 1300 1903 1331 l).
1928 1301 1965 1331 tie

1083 1337 1327 1376 procuratoribus.
1372 1335 1453 1367 Haec
1468 1336 1487 1367 fi
1506 1345 1577 1377 agat
1595 1338 1740 1377 pupillus.

1128 1375 1234 1418 Quid,
1258 1375 1276 1407 fi
1295 1377 1530 1409 conveniatur?
1553 1380 1648 1409 ctiam
1666 1380 1746 1410 tueri
1764 1389 1836 1412 eum
1861 1381 1961 1414 debet:

1089 1424 1176 1449 tutor
1192 1418 1211 1449 l.
1221 1424 1280 1464 030.-
1297 1418 1343 1463 D
1361 1417 1389 1448 b.
1408 1423 1429 1448 r..
1452 1416 1504 1449 sed
1524 1426 1628 1451 utrum
1645 1427 1784 1452 tutorem
1804 1420 1902 1461 ipsum
1925 1433 1962 1454 oe

1089 1466 1197 1499 portet
1217 1460 1369 1498 judicium
1395 1457 1568 1498 suscipere3
1591 1469 1629 1491 an
1656 1462 1828 1501 pupillum,
1852 1470 1962 1496 tutore

1088 1499 1247 1531 auCtorc?
1270 1498 1426 1539 Ulpianus
1450 1499 1467 1529 l.
1490 1508 1517 1530 1.
1537 1499 1566 1541 ἓ.
1594 1510 1621 1531 2.
1637 1502 1683 1532 D.
1705 1503 1733 1533 b.
1757 1508 1778 1533 t.
1803 1505 1867 1542 ait,
1898 1504 1961 1537 effe

1089 1541 1189 1572 tutori
1205 1541 1501 1578 licentiam3utrum
1518 1539 1582 1581 ipse
1599 1541 1685 1572 malit
1700 1543 1854 1581 judicium
1870 1543 1964 1576 susci-

1089 1590 1185 1623 pei·e;
1210 1591 1247 1612 an
1266 1581 1420 1622 pupillum
1444 1581 1615 1620 exhibere,
1640 1590 1675 1614 ut
1697 1584 1872 1624 judicium,
1895 1585 1962 1626 ipso

1089 1623 1236 1662 auctore,
1260 1622 1451 1662 suscipiatur.
1477 1624 1518 1654 ita
1539 1631 1662 1663 tamen,
1687 1633 1721 1656 ut
1747 1634 1805 1665 pro
1832 1626 1879 1658 his
1906 1628 1962 1667 qui

1089 1663 1147 1696 fari
1164 1674 1228 1696 non
1245 1664 1379 1705 possint,
1403 1664 1454 1696 vel
1471 1664 1651 1706 abfint,ipfi
1668 1673 1792 1699 tutores
1806 1667 1963 1707 judicium

1089 1705 1275 1747 suscipiant:
1297 1715 1354 1746 pro
1371 1706 1418 1736 his
1436 1714 1540 1738 autem
1558 1708 1612 1747 qui
1628 1708 1716 1748 lupra
1732 1708 1898 1749 septimum
1909 1718 1964 1742 an·-

1091 1756 1166 1779 num
1182 1746 1259 1785 fint,
1284 1748 1313 1778 δὲ
1337 1746 1449 1787 praesto
1474 1747 1614 1788 fuerint,
1638 1749 1860 1783 auctoritatem
1887 1761 1965 1792 prae·

1090 1789 1182 1821 stent.
1207 1788 1294 1820 addit
1311 1787 1466 1829 Ulpianus
1484 1790 1512 1821 d.
1530 1789 1557 1832 ᾗ.
1575 1800 1602 1822 2.
1626 1792 1713 1831 quod
1737 1798 1860 1824 tutores
1885 1802 1963 1824 neu·

1090 1839 1142 1862 tro
1160 1830 1231 1861 casu
1248 1837 1399 1862 tenentur
1419 1839 1550 1870 cavere,
1574 1840 1665 1863 more
1687 1833 1822 1864 aliorum
1851 1833 1963 1866 deferi-

1086 1871 1201 1903 sorum.
1244 1871 1296 1903 Sic
1311 1873 1341 1903 in
1364 1872 1502 1913 pupillis.
1544 1871 1631 1916 Quid
1655 1874 1686 1905 in
1715 1873 1812 1906 caufis
1837 1876 1963 1907 adulto-

1087 1923 1156 1945 rum
1173 1913 1190 1945 ?
1219 1914 1298 1952 erit,
1317 1914 1419 1953 inquit
1437 1912 1610 1955 Ulpianus,
1642 1915 1769 1947 licentia
1794 1918 1963 1958 agentibus

1087 1956 1141 1987 vel
1156 1954 1255 1996 ipsum
1272 1955 1414 1987 adultum
1431 1955 1616 1997 praesentem
1638 1957 1667 1988 in
1688 1957 1841 1996 iudicium
1867 1968 1964 1990 voca-

1087 2006 1121 2028 re
1134 2020 1143 2035 ‚
1169 2005 1202 2028 ut
1220 1998 1374 2029 curatoris
1391 1997 1544 2029 consensu
1561 2000 1791 2037 conveniatur;
1816 2000 1866 2031 vel
1884 2009 1961 2033 con-

1088 2046 1134 2069 tra
1152 2046 1332 2069 curatorem
1348 2048 1459 2079 agere,
1484 2047 1518 2070 ut
1534 2038 1597 2079 ipse
1620 2040 1709 2071 litem
1728 2039 1879 2079 suscipiat.
1925 2042 1961 2075 In

1087 2079 1268 2111 absentibus
1285 2087 1389 2111 autem
1406 2081 1520 2111 adultis
1537 2082 1728 2113 omnimodo
1746 2091 1858 2113 contra
1875 2091 1966 2115 cura-

1089 2129 1192 2152 torem
1218 2122 1377 2162 agendum
1400 2123 1428 2153 d.
1453 2122 1472 2152 l.
1494 2130 1517 2152 1.
1541 2121 1570 2163 ὃ.
1586 2131 1615 2162 3.
1663 2122 1776 2160 Plane,
1808 2131 1841 2154 ut
1861 2125 1964 2164 pupil-

1088 2162 1152 2194 lum
1177 2162 1352 2194 defendere
1377 2170 1523 2194 teneatur
1541 2172 1643 2195 tutor:
1667 2170 1770 2196 tamen
1795 2164 1965 2197 observare

1089 2213 1160 2235 curn
1179 2211 1331 2243 oportet;
1357 2212 1390 2234 ut
1409 2205 1526 2245 ubique
1542 2205 1658 2236 bonam
1677 2205 1848 2247 adgnoscat
1864 2205 1963 2240 fidem

1090 2254 1153 2276 tam
1177 2244 1251 2290 sibi,
1276 2254 1369 2290 quam
1393 2246 1480 2285 aliis3
1504 2247 1534 2277 ὅ(
1557 2246 1576 2277 fi
1599 2246 1711 2285 justum
1736 2246 1796 2278 ell'e
1817 2247 1963 2281 debitum

1090 2292 1286 2327 comperiat,
1311 2288 1422 2326 {ponte
1438 2287 1554 2325 solvat,
1578 2295 1641 2319 non
1664 2289 1773 2329 utique
1799 2298 1855 2328 per
1876 2289 1963 2328 judi-

1092 2337 1162 2374 ceni
1179 2328 1197 2358 ί.
1213 2337 1242 2364 9.
1266 2327 1296 2369 §.
1313 2339 1342 2369 5.
1359 2328 1486 2370 &seqq.
1505 2329 1550 2359 D.
1560 2330 1586 2360 b.
1608 2337 1629 2359 c.
1653 2330 1759 2370 itaque
1774 2330 1963 2370 generaliter

1090 2371 1243 2415 Ulpianus
1266 2373 1285 2400 t.
1316 2378 1360 2400 10.
1386 2371 1414 2400 d.
1440 2377 1460 2401 t.
1504 2369 1782 2413 Quotiescumque
1800 2393 1809 2408 ,
1841 2371 1964 2409 inquit,

1091 2411 1202 2450 pupilli
1220 2411 1350 2442 nomine
1373 2420 1436 2442 non
1461 2410 1518 2451 fit,
1549 2412 1635 2449 quod
1659 2412 1761 2450 quivis
1781 2410 1964 2451 paterfami-

1092 2453 1149 2484 lias
1168 2454 1303 2483 idoneus
1328 2451 1407 2483 facit
1423 2475 1432 2490 ,
1463 2462 1529 2484 non
1553 2453 1679 2484 videtur
1701 2451 1852 2483 defendi:
1883 2452 1965 2484 scili-

1095 2501 1169 2532 cet,
1194 2494 1266 2534 quia
1283 2503 1346 2525 nen
1365 2494 1566 2532 defenditur,
1591 2501 1624 2524 ut
1641 2500 1792 2532 oportet,
1811 2494 1888 2524 boni
1905 2495 1964 2526 viri

1095 2535 1257 2566 arbitratu.
1281 2534 1344 2566 five
1360 2535 1457 2575 igitur
1472 2542 1558 2565 tutor
1575 2533 1782 2571 solutionem,
1806 2533 1869 2566 sive
1883 2535 1966 2575 judi-

1095 2577 1198 2614 cium,
1214 2576 1277 2607 sive
1297 2575 1729 2615 stipulationem,detre6tet:
1752 2574 1881 2607 defendi
1899 2586 1965 2609 non

1096 2618 1222 2649 videtur
1247 2617 1383 2657 pupillus
1398 2617 1426 2646 d.
1446 2616 1464 2646 l.
1486 2625 1532 2647 10.
1580 2615 1688 2646 Liceat
1708 2616 1782 2647 milii
1808 2618 1964 2656 adjicere:

1096 2659 1184 2697 quod
1201 2666 1288 2688 tutor
1302 2658 1422 2697 judicio
1440 2656 1556 2694 victus,
1581 2656 1601 2688 si
1625 2657 1739 2688 habeat
1759 2659 1881 2689 cautam
1905 2660 1963 2691 bo-

1096 2708 1187 2737 nam;
1210 2698 1307 2730 debet
1329 2698 1508 2738 appellate,
1532 2698 1561 2729 ἃ.
1581 2697 1731 2730 solemnia
1754 2699 1918 2739 complere
1939 2701 1962 2732 l.

1100 2748 1145 2772 11.
1166 2740 1199 2771 C.
1216 2740 1243 2771 b.
1261 2746 1283 2770 t.
1306 2739 1358 2770 etsi
1385 2739 1468 2771 aliud
1487 2739 1522 2770 sit
1543 2741 1574 2771 in
1600 2747 1806 2779 procuratore
1822 2740 1840 2770 l.
1861 2750 1905 2781 17.
1931 2742 1965 2774 C.

1098 2783 1132 2813 de
1143 2781 1350 2822 procuratorib.
1393 2779 1557 2818 Vidimus,
1574 2781 1648 2820 quid
1667 2789 1805 2812 tutorem
1822 2782 1852 2812 iti
1868 2782 1968 2814 aetio-

1099 2823 1191 2855 nibus
1207 2822 1313 2853 facere
1329 2830 1488 2862 oporteat.
1505 2823 1666 2853 videamus
1680 2823 1787 2862 judicii
1804 2821 1967 2856 effeetum.

1100 2863 1145 2895 est
1163 2871 1269 2895 autem
1293 2863 1362 2894 hic:
1388 2870 1421 2894 ut
1443 2863 1506 2894 five
1532 2871 1621 2904 agat,
1645 2862 1707 2894 five
1736 2872 1968 2897 conveniatur:

1100 2906 1255 2937 sententia
1275 2903 1391 2944 profit,
1414 2911 1467 2935 aut
1483 2911 1598 2936 noceat
1619 2905 1761 2945 pupillo,
1784 2914 1849 2937 non
1866 2906 1967 2938 tutori

1099 2947 1119 2979 l.
1138 2955 1168 2977 2.
1187 2947 1232 2977 D.
1247 2946 1274 2976 h.
1295 2953 1315 2976 z.
1340 2954 1475 2985 excepta
1491 2947 1594 2987 specie
1611 2947 1629 2976 l.
1648 2949 1677 2976 6.
1697 2946 1728 2976 C.
1744 2946 1771 2977 b.
1790 2952 1810 2977 t.

1139 2986 1284 3018 Transeo
1301 2988 1340 3017 ad
1355 2987 1538 3019 solutiones.
1560 2986 1608 3018 hae
1633 2985 1722 3017 faciae
1746 2987 1863 3025 tutori,
1887 2995 1970 3019 rute-

1099 3029 1160 3061 lam
1175 3029 1317 3069 gerenti,
1341 3028 1408 3067 (de
1423 3037 1488 3068 quo
1515 3028 1667 3069 sequente
1681 3026 1796 3060 Titulo
1816 3030 1967 3068 plenius)

1099 3071 1280 3101 debitorem
1306 3070 1439 3100 liberant
1455 3069 1522 3111 ipso
1545 3070 1612 3110 jure
1638 3069 1657 3100 l.
1682 3073 1731 3105 46.
1752 3069 1779 3110 §.
1797 3080 1826 3110 5>
1851 3068 1887 3102 &2⁹
1911 3070 1965 3101 ult.

1091 3110 1190 3154 juvzft.
1214 3111 1233 3141 Ι.
1251 3120 1301 3151 47.
1320 3111 1365 3142 D.
1389 3112 1417 3141 h.
1442 3115 1462 3141 t.
1487 3110 1550 3143 five
1574 3110 1624 3141 alii
1651 3109 1790 3145 solvant,
1815 3109 1876 3141 five
1903 3109 1968 3151 ipse

1099 3154 1202 3183 iolvat
1218 3153 1305 3192 quod
1321 3151 1443 3191 pupillo
1460 3153 1558 3184 debet
1571 3152 1590 3182 l.
1609 3161 1637 3187 9-
1655 3151 1682 3192 §.
1703 3160 1731 3191 3.
1751 3150 1875 3192 &seqq
1897 3153 1925 3183 d.
1944 3158 1967 3182 t.

1099 3193 1180 3230 Haee
1197 3202 1309 3228 vetere
1324 3193 1402 3233 jure.
1426 3202 1457 3226 at
1477 3202 1563 3226 novo
1579 3191 1764 3232 justinianus
1787 3193 1861 3224 huic
1888 3193 1969 3263 paigti

1926 3244 1935 3263 ι’
1950 3243 1970 3260 l-
