2036 3495
144 101 193 137 66
569 94 602 130 G
632 103 653 128 E
685 102 706 129 it
739 102 760 128 A
795 100 818 125 R
854 102 878 128 n
912 101 924 127 1

148 190 252 223 litate.
278 190 450 220 exercetur
467 188 556 215 certe
574 181 773 213 vindicandae
784 180 1024 221 publicaeiiber-

150 233 224 263 tatis
240 229 349 271 gratia.
388 226 450 257 Sed
468 224 573 255 verius
590 223 652 261 est,
679 221 740 253 effe
758 223 911 262 privatam
929 222 1027 252 actio-

148 282 236 304 nem.
261 278 325 301 non
336 268 420 299 enim
438 266 530 296 datur
539 264 671 295 cuilibet
682 273 722 294 ex
738 263 861 304 populo
873 286 882 302 ,
899 262 951 295 sed
964 264 1029 302 pul-

152 313 221 344 sato
237 318 291 342 aut
307 308 494 345 verberato,
511 305 543 337 id
554 304 617 344 est,
634 305 662 336 ei
677 305 716 336 ad
732 314 827 345 quem
839 314 876 336 ea
892 314 941 336 res
958 314 1029 345 per-

152 355 244 385 tinet.
268 358 366 391 porro
389 357 454 380 non
481 347 586 379 omnis
605 346 688 378 attio
712 355 783 387 quae
806 347 844 378 ad
868 346 1029 386 publicam

150 393 272 434 spectat
287 390 481 428 utilitatem,
504 389 615 429 utique
632 387 762 428 publica
779 387 843 426 est,
868 388 898 419 &
919 396 1032 428 procu-

151 442 292 467 ratorem
309 431 436 472 respuit.
460 438 651 471 argumento
668 428 713 461 est
728 429 810 460 actio
826 429 914 460 furti.
941 429 1033 459 datur

152 485 190 507 ea
213 474 329 516 procul
353 473 451 504 dubio
475 481 534 512 pro
558 471 725 502 securitate
750 471 895 510 publica3
920 470 965 502 est
991 477 1033 500 ta-

151 526 229 549 men
254 516 396 557 privata,
421 515 450 546 &
473 513 613 544 admittit
635 520 878 553 procuratorem
904 512 922 542 l.
942 522 973 550 4.
999 511 1032 541 C.

153 560 188 590 de
197 559 305 598 furtis.
329 557 414 588 idem
433 563 580 593 putemus
596 554 627 585 in
644 563 680 585 ea
698 563 767 593 quae
786 563 828 584 ex
855 553 926 594 lege
951 552 1032 583 Cor-

153 602 237 632 nelia
254 598 299 631 est
317 598 336 629 l.
355 608 405 639 37.
423 597 451 638 §.
473 606 498 628 ι.
517 595 561 626 D.
576 597 609 626 cle
626 596 755 636 injuriis.
787 594 849 626 Sed
867 595 930 625 hoc
947 594 1033 626 clare

153 642 270 674 Paulus
286 642 314 671 d.
330 640 409 677 l.42.
427 639 456 680 §.
479 647 502 669 1.
519 636 560 668 D.
571 637 599 668 h.
614 643 635 668 τ.
652 637 843 676 Scrupulum
861 644 967 667 tamen
985 635 1033 666 his

153 684 256 723 injicit
271 682 290 712 l.
312 691 356 713 12,
373 680 401 722 §.
419 681 471 711 talc.
488 680 520 709 in
529 678 589 717 fin.
605 677 645 709 D.
663 680 696 709 cle
712 677 884 717 accusation.
909 677 972 709 Sed
990 677 1034 708 vi-

156 726 197 757 de
216 724 257 755 D.
276 724 429 755 Vinnium
446 722 483 752 ad
499 721 526 762 §.
546 724 574 753 8.
593 717 667 760 Inst.
686 721 719 750 (Ie
735 720 866 761 injuriis.

200 765 350 797 Similiter
364 763 426 795 fuit
438 761 600 803 quaesitum
612 785 621 799 ,
637 770 674 791 an
685 761 847 801 popularis
863 759 946 791 attio
962 769 1034 799 pro-

156 815 339 839 curatorem
365 804 539 836 admittat?
565 811 600 834 ut
620 810 726 834 autem
744 803 933 842 expediatur
951 810 1035 842 quae-

154 849 235 887 stio,
252 846 483 888 conjungendae
501 843 680 876 videnturl.
696 853 721 875 1.
739 843 776 879 ὅ)
791 855 822 884 5.
840 842 882 875 D.
899 844 932 874 de
944 850 1032 884 popu·

154 892 210 922 lar.
230 889 334 922 atrion.
364 897 436 919 cum
457 887 476 918 l.
495 895 546 925 42.
567 885 607 917 D.
626 885 651 917 h.
670 891 691 916 t.
718 894 752 916 ut
778 885 847 916 sunt
864 894 976 916 omnes
993 894 1034 916 eit

156 932 246 965 Pauli
266 931 318 962 lib.
338 934 367 964 8.
402 929 449 960 Ad
465 927 634 965 Edistum3
657 927 687 958 ὄι
709 926 739 957 se
756 927 894 958 invicem
910 927 1032 967 iuvant.

154 974 283 1005 initium
299 971 526 1011 explicationis
540 967 656 1000 faciam
673 977 688 999 a
704 969 732 999 d.
743 968 763 999 l.
782 979 810 1007 5.
829 969 861 999 in
882 977 942 1008 qua
959 967 1035 999 Pau-

155 1016 203 1047 lus
220 1014 360 1046 attor-ein
378 1011 541 1052 distinguit
559 1020 575 1041 a
591 1019 659 1041 reo.
685 1019 749 1050 quo
767 1009 894 1041 modo?
918 1008 960 1040 fic
975 1009 1036 1040 ait:

159 1056 222 1089 Oui
242 1055 377 1096 populari
401 1053 511 1084 afflone
535 1053 746 1090 convenietur,
770 1052 808 1082 ad
828 1052 1038 1091 defendendum

153 1090 371 1139 &ocur-atorem
395 1097 463 1126 clare
484 1091 592 1135 potest.-
615 1095 639 1124 is
661 1100 758 1123 autem
775 1094 827 1134 qui
845 1102 906 1123 eom
925 1098 1036 1130 movet,

150 1145 371 1181 procuratorem
386 1139 454 1168 dore
469 1146 525 1167 non
539 1132 637 1175 potest.
682 1133 812 1174 Nempe
829 1134 991 1174 popularis
1009 1143 1039 1164 a-

160 1181 223 1212 Ctio
244 1191 259 1211 a
279 1188 368 1219 parte
385 1179 430 1210 rei
448 1177 588 1218 sequitur
606 1177 672 1217 ejtrs
690 1177 838 1207 damnum
855 1175 885 1206 δε
910 1175 1037 1215 pecuni-

157 1232 220 1254 am.
247 1221 292 1253 est
307 1221 402 1261 igitur
418 1219 540 1260 privata
552 1219 618 1258 ejus
637 1218 692 1256 lis,
710 1217 774 1248 five
791 1227 859 1248 res:
876 1224 989 1247 contra
1007 1225 1037 1247 a·

158 1264 228 1296 <flor
245 1272 343 1303 magis
370 1260 455 1292 suum
477 1262 525 1301 jus
544 1259 667 1300 populo
685 1267 790 1290 tuetur
807 1261 835 1291 cl.
856 1258 874 1288 i.
895 1266 920 1289 1.
947 1257 988 1288 D.
1004 1258 1037 1288 de

151 1305 286 1347 popular.
301 1303 357 1336 αὲἶ.
381 1303 424 1334 ita
440 1312 504 1334 non
520 1300 566 1332 est
582 1300 695 1332 actoris
714 1300 797 1331 attio
808 1323 818 1337 ,
839 1299 890 1330 sed
906 1299 1039 1339 populi;

160 1347 245 1378 unde
265 1346 295 1377 &
314 1344 440 1386 publica
458 1343 540 1374 aelio
560 1343 675 1373 dicitur
691 1341 710 1372 l.
724 1351 774 1382 30.
792 1341 820 1382 §.
838 1350 867 1382 3.
887 1340 926 1371 D.
945 1342 977 1372 de
986 1341 1037 1381 ju—

158 1388 310 1429 rejurand.
336 1386 400 1427 agit
415 1385 502 1416 enim
519 1383 607 1415 actor
626 1382 710 1423 quafi
729 1392 806 1414 unus
818 1383 858 1414 de
877 1382 1000 1422 populo
1016 1381 1037 1412 i.

158 1439 208 1470 43.
226 1429 255 1471 §.
272 1439 301 1460 2.
314 1427 356 1458 D.
375 1428 402 1458 b.
421 1433 442 1457 t.
460 1434 566 1465 eoque
584 1426 684 1456 modo
701 1424 730 1455 a&
748 1423 812 1464 ipse
823 1433 916 1465 agere
930 1422 1039 1463 potest

157 1471 211 1512 qui
223 1471 275 1501 hic
286 1475 477 1509 procurator
491 1468 592 1498 datur.
612 1467 714 1497 altero
730 1466 826 1506 igitur
841 1464 911 1496 casu
927 1465 1039 1497 admit-

159 1519 245 1543 tetur
270 1517 478 1551 procurator3
501 1507 573 1548 quia
595 1507 779 1538 mandatum
795 1507 922 1547 accepit
940 1507 979 1537 ab
996 1515 1040 1537 eo

159 1554 213 1594 qui
230 1551 275 1583 est
291 1551 354 1582 litis
366 1550 535 1581 dominus:
552 1549 654 1580 altero
665 1558 729 1579 non
743 1549 947 1587 admittetur3
965 1547 1055 1593 quia·

157 1604 224 1626 non
242 1592 367 1632 accepit
385 1592 568 1622 mandatum
583 1599 599 1620 a
615 1590 678 1620 litis
695 1590 839 1621 domino.
865 1590 966 1621 altero
984 1590 1038 1630 igi-

159 1645 212 1666 tur
231 1634 301 1665 casu
317 1633 508 1665 satisfactum
529 1631 646 1662 Edicto
664 1630 719 1662 est.
736 1631 838 1662 altero
856 1640 920 1662 non
934 1630 989 1661 est.
1009 1630 1040 1661 Si

159 1685 269 1708 tamen
286 1676 412 1716 privato
431 1676 548 1706 damno
564 1673 600 1704 fit
616 1672 760 1704 adfectus
775 1673 829 1712 qui
845 1674 991 1713 populari
1008 1681 1038 1702 a-

161 1718 270 1752 trione
287 1717 468 1757 experitur,
486 1723 520 1746 ut
535 1715 556 1747 fi
573 1715 613 1746 de
632 1715 680 1745 via
697 1714 825 1755 publica
841 1714 923 1755 agit,
941 1714 1041 1754 &pri-

156 1768 239 1791 vato
266 1759 385 1790 damno
408 1768 450 1789 ex
473 1756 697 1797 prohibitione
723 1755 889 1789 adficitur:
914 1756 1042 1787 videtur

158 1801 262 1834 Paulo
287 1802 315 1832 d.
342 1799 361 1830 l.
379 1809 429 1838 42.
461 1798 703 1839 temperandum
721 1798 810 1838 quod
827 1798 867 1829 de
893 1797 1039 1838 populari

159 1843 288 1875 afflone
312 1841 393 1873 dixit
409 1843 437 1872 d.
455 1840 475 1872 l.
491 1851 529 1880 5:
555 1840 627 1880 quia
645 1840 698 1872 dat
716 1847 783 1871 tum
811 1838 893 1879 quasi
913 1839 1040 1879 privatae

160 1884 296 1916 affitionis
311 1889 564 1924 procuratorem.
588 1881 691 1912 multo
709 1882 825 1922 magis,
843 1882 966 1921 inquit,
991 1882 1042 1912 da-

159 1926 210 1958 bit
232 1925 271 1957 ad
294 1923 453 1966 sepulchri
474 1922 585 1954 violati
602 1923 760 1954 actionem
779 1924 804 1954 is
824 1923 864 1954 ad
884 1932 978 1963 quem
1006 1931 1042 1953 ea

161 1978 213 1999 res
229 1967 371 2008 pertinet
386 1966 415 1996 ti.
432 1966 450 1996 l.
463 1975 513 2003 42.
532 1963 571 1995 D.
592 1964 620 1996 h.
640 1971 659 1995 t.
679 1965 818 2002 scilicet,
837 1965 909 2003 quia
929 1964 978 1995 vel
995 1963 1042 1994 so-

161 2019 222 2041 nus
241 2010 298 2039 viae
317 2007 454 2048 publicae
465 2014 655 2047 argumento
674 2005 735 2044 cst,
754 2008 785 2037 in
803 2015 838 2036 ea
858 2007 961 2037 minus
979 2006 1041 2046 pri·

162 2052 228 2082 vati
251 2050 327 2090 juris
352 2048 433 2086 effe,
458 2057 552 2089 quam
576 2047 606 2078 in
634 2046 821 2087 sepulchro:
843 2048 931 2087 quod
957 2055 990 2078 ut
1007 2046 1043 2078 fit

161 2091 368 2132 religiosum,
387 2099 492 2122 tamen
509 2089 751 2130 quodammodo
768 2089 807 2119 ad
823 2088 975 2120 familiam
990 2096 1044 2119 aut

164 2133 320 2164 heredem
339 2132 499 2172 pertinet,
516 2139 622 2170 eoque
638 2131 734 2161 veluti
752 2133 955 2170 proprietatis
972 2139 1043 2161 cau-

161 2173 226 2205 sam
249 2175 397 2205 continet
418 2173 436 2203 l.
456 2183 482 2204 2.
507 2172 536 2214 §.
555 2182 583 2204 2.
605 2171 647 2202 D.
674 2174 707 2203 cie
726 2170 868 2203 interdici.
894 2172 941 2203 Ita
956 2181 1045 2203 com-

164 2216 264 2247 mode
291 2215 404 2246 Paulus
423 2215 441 2244 l.
460 2225 510 2252 45.
532 2214 560 2255 §.
585 2222 608 2244 Ι.
627 2213 670 2245 D.
688 2215 716 2244 b.
734 2221 755 2244 ι.
782 2222 851 2253 quae
869 2213 914 2244 est
931 2223 972 2244 ex
988 2213 1044 2244 lib.

163 2267 194 2295 9.
214 2257 262 2288 Ad
281 2255 426 2287 Edictum
437 2279 445 2295 ‚
463 2255 545 2299 Qui,
562 2255 663 2294 inquit
675 2278 683 2293 ,
702 2257 743 2286 ita
757 2256 791 2285 de
802 2255 916 2295 publico
931 2260 1045 2296 agunt,

166 2305 201 2330 uc
225 2297 262 2332 ὅ)
277 2300 430 2337 privatum
454 2299 628 2327 commodum
648 2298 824 2335 defendant,
847 2295 934 2337 causc'z
949 2297 1045 2338 cogni-

167 2348 200 2371 ta
218 2363 228 2378 ,
255 2341 474 2380 permittuntur
491 2343 706 2379 procuratorem
729 2339 815 2369 dore:
839 2338 875 2372 δ’
895 2335 991 2378 postea
1015 2347 1045 2368 α-

167 2381 224 2412 zius
239 2391 329 2423 agens
346 2382 508 2420 exceptione
525 2380 681 2421 repelletur,
714 2379 766 2410 Sic
784 2379 916 2418 Paulus3
940 2380 969 2410 ἃ
988 2389 1046 2410 no-

166 2431 204 2495 so
223 2446 232 2461 ,
255 2423 343 2462 quod
366 2423 397 2453 in
425 2421 484 2453 hac
502 2421 606 2462 specie
629 2420 726 2452 causae
750 2421 971 2461 cognitionem
996 2421 1048 2452 de·

179 2465 290 2496 iderat.

211 2504 342 2537 Deinde
359 2506 402 2536 ait
417 2504 558 2543 Praetor,
586 2504 620 2535 Sz·
632 2505 659 2535 ei
670 2505 841 2535 mandatum
856 2505 920 2535 eric.
965 2503 1047 2536 Haec

168 2547 266 2577 verba
283 2556 323 2577 eo
334 2546 514 2587 pertinent:
530 2554 563 2577 ut
581 2556 677 2578 nemo
695 2547 821 2577 alterius
836 2554 1046 2585 procurator,

168 2586 224 2619 nisi
242 2597 281 2617 ex
297 2590 362 2626 eius
382 2589 549 2625 mandato,
566 2587 628 2619 ess'e
647 2588 756 2629 poffit:
774 2588 805 2618 in
824 2587 932 2623 primis
948 2587 969 2619 fi
987 2597 1044 2628 po-

167 2628 283 2666 stulet,
306 2629 361 2659 fibi
382 2630 446 2660 dari
464 2629 644 2668 astionem3
666 2638 772 2669 neque
787 2627 904 2659 offerat
919 2629 959 2660 de
976 2637 1045 2660 rato

169 2669 366 2702 cautionem.
389 2680 449 2710 qua
467 2671 551 2702 enim
571 2672 695 2701 ratione
711 2670 861 2710 cuiquam
875 2670 923 2710 jus
941 2669 997 2709 fit,
1014 2670 1045 2702 id

169 2711 259 2752 quod
271 2710 357 2741 suum
373 2720 438 2742 non
455 2712 511 2750 sit,
529 2713 559 2744 in
574 2713 727 2751 judicium
746 2712 926 2751 deducere,
943 2712 1046 2743 invito

171 2752 326 2790 domim,
343 2760 408 2791 quo
423 2756 446 2784 is
465 2754 504 2783 de
522 2763 555 2784 re
574 2753 623 2785 sua
640 2753 791 2785 laboret?
807 2762 895 2784 reum
916 2762 1047 2794 quoque

170 2804 228 2826 cur
244 2794 275 2825 in
293 2794 469 2834 periculum
484 2795 620 2826 deducat
636 2795 767 2833 frustra,
792 2803 855 2826 non
871 2794 982 2835 justior
1002 2804 1047 2825 ra-

170 2837 219 2868 tio
239 2833 293 2866 est.
317 2833 403 2875 finge
420 2836 523 2873 enirn,
546 2836 684 2868 absolvi:
704 2836 873 2867 elusorium
892 2837 951 2867 erit
965 2837 1046 2877 judi-

170 2879 278 2914 cium,
300 2874 322 2908 fi
338 2883 511 2915 repetatur.
528 2878 622 2916 quid,
645 2878 666 2909 fi
684 2878 919 2910 condemnetur
938 2878 967 2909 ἃ
990 2877 1048 2908 sol-

169 2918 252 2951 vat?
273 2927 338 2949 non
365 2917 463 2957 magis
490 2916 675 2950 lxberabitur
696 2920 735 2950 ab
753 2929 792 2950 eo
810 2919 897 2960 cujus
916 2919 1048 2950 nomine

169 2961 275 2993 aetum
301 2957 348 2990 fit.
373 2958 468 2999 igitur
486 2966 692 3000 quocumque
714 2961 847 2992 inclinet
864 2960 996 2992 fortuna
1012 2961 1047 2992 li-

169 3004 231 3040 tis,
255 3001 299 3033 rei
323 3001 431 3041 captio
457 2998 521 3030 est:
544 2998 564 3030 fi
591 3000 704 3031 asteris
723 3001 854 3033 nomine
871 3001 1050 3041 postuletur

169 3044 276 3082 afti03
296 3051 358 3073 nec
382 3042 563 3073 mandatum
588 3040 756 3073 adferatur.
801 3041 908 3084 Quid,
938 3042 960 3074 fi
977 3052 1049 3083 pro-

170 3093 300 3117 curator
323 3082 441 3115 offerat
468 3082 508 3114 de
532 3090 602 3113 rato
627 3084 837 3116 cautionem?
862 3094 922 3116 nec
943 3083 984 3116 fic
999 3084 1052 3116 ad-

168 3127 336 3162 mittetur;
361 3124 382 3156 fi
404 3124 561 3163 fateatur,
586 3132 651 3154 non
674 3123 736 3154 effe
752 3125 944 3157 mandatum.
984 3125 1050 3157 Pri-

168 3177 260 3202 mum
284 3167 368 3198 enim
393 3166 469 3206 quid
493 3174 550 3197 reo
581 3173 662 3205 opus
693 3164 798 3196 litibus
822 3164 1050 3204 supervacuis?

174 3209 292 3244 deinde
314 3217 380 3242 non
404 3207 485 3241 facit
506 3207 635 3247 cauti03
657 3213 692 3239 ut
707 3206 733 3238 is
754 3205 806 3239 cui
828 3215 893 3238 non
911 3207 947 3240 fit
962 3216 1049 3241 man-

984 90 1246 126 Noon‘r
1307 88 1520 126 COMM.

1070 180 1178 211 datum
1195 203 1205 219 ‚
1229 180 1344 211 habeat
1376 180 1538 220 propriam
1571 183 1624 209 aut
1649 177 1829 211 mandatam
1853 176 1949 212 attio-

1070 230 1154 252 nem.
1181 231 1334 262 praeterea
1356 222 1465 253 datum
1483 221 1527 252 est
1546 220 1642 251 certis
1663 220 1828 252 dumtaxat
1844 221 1949 260 perso-

1071 263 1135 300 nis,
1168 271 1202 293 ut
1218 262 1271 294 sub
1289 273 1324 294 ea
1343 264 1491 294 cautione
1511 261 1616 292 alieno
1635 261 1765 292 nomine
1783 260 1846 292 fine
1863 272 1948 294 man-

1073 304 1149 347 dato
1160 305 1374 336 admittantur.
1401 302 1536 336 Atei-iim
1554 303 1641 334 actor
1652 303 1797 342 cogitur,
1816 312 1874 341 pro
1891 312 1949 335 reo

1075 346 1219 384 quemvis
1237 347 1407 377 admittere
1430 344 1643 377 defensorem.
1688 343 1749 374 Sed
1774 343 1892 383 refert,
1918 354 1950 375 u·

1077 393 1159 417 trum
1176 388 1244 426 quis
1259 397 1318 427 pro
1336 397 1411 426 reo,
1428 397 1465 418 an
1482 397 1541 427 pro
1559 387 1667 416 adore
1683 386 1885 416 interveniat.
1910 387 1952 417 al-

1077 435 1146 458 tero
1165 430 1249 459 enim
1267 428 1337 460 casu
1355 429 1521 460 meliorem
1538 427 1618 458 facit
1636 427 1769 458 alienam
1788 427 1950 457 conditio-

1077 477 1171 507 nem3
1187 470 1288 500 altero
1306 471 1500 501 deteriorem
1517 469 1535 500 l.
1548 478 1596 510 39.
1610 468 1651 500 D.
1670 469 1703 499 de
1718 469 1838 509 negotiis
1853 466 1951 509 gestis.

1077 509 1219 550 Apparet
1234 511 1348 551 igitur,
1365 511 1383 542 si
1401 522 1465 543 non
1482 512 1517 542 fit
1529 511 1730 552 mandatum,
1745 513 1773 540 ct
1792 510 1856 540 hoe
1872 518 1950 540 con-

1077 551 1155 589 stet,
1179 559 1421 590 procuratorem
1445 552 1556 583 frustra
1582 552 1776 583 intervenire
1800 560 1840 581 ex
1863 559 1952 590 parte

1076 592 1191 623 actoris
1209 592 1228 622 l.
1247 600 1295 631 24.
1315 594 1346 624 C.
1362 594 1389 624 h.
1409 600 1430 624 ι’.
1449 595 1537 625 nullo
1554 593 1750 629 discrimine,
1768 600 1871 623 utrum
1883 601 1954 622 cau-

1077 635 1198 665 tionem
1215 634 1255 665 de
1275 642 1344 664 rato
1362 634 1496 674 offerat,
1518 645 1555 666 an
1584 644 1648 666 non
1675 633 1800 665 offerat.
1846 632 1954 674 Quid,

1078 675 1098 706 fi
1124 675 1304 712 dubitetur,
1329 683 1432 706 utrum
1456 678 1640 708 mandatum
1662 676 1722 708 fit?
1746 685 1784 706 an
1805 683 1870 706 non
1892 674 1955 706 sit?

1077 716 1165 747 forte
1183 717 1271 746 dices
1290 716 1373 747 idem
1393 719 1480 757 quod
1497 718 1527 749 in
1553 717 1714 758 superiore
1737 716 1859 757 specie:
1882 725 1956 748 nam

1078 758 1304 799 probationem
1322 758 1509 789 incumbere
1525 760 1552 790 ei
1577 760 1630 799 qui
1649 759 1747 798 dicit,
1771 768 1835 790 non
1854 758 1881 788 ei
1900 758 1955 795 qui

1081 806 1178 840 negat
1195 799 1212 829 l.
1227 809 1255 830 ρ.
1276 797 1317 830 D.
1335 800 1367 829 de
1379 801 1600 838 probationibus.
1625 800 1688 831 Sed
1703 810 1743 831 ne
1761 809 1818 840 per
1833 798 1958 830 causam

1075 840 1191 872 incerti
1212 840 1351 871 mandati
1371 840 1477 872 litibus
1506 841 1688 880 injiceretur
1713 850 1818 872 mora:
1842 848 1957 871 contra

1076 882 1213 923 placuit,
1231 890 1472 922 procuratorem
1491 882 1635 921 admitti3
1654 882 1674 913 fi
1691 882 1838 920 satisdet‚
1855 883 1959 913 domi-

1079 933 1153 955 num
1172 930 1270 954 ratam
1288 933 1353 955 rem
1373 923 1551 954 habiturum
1571 923 1590 954 l.
1612 933 1637 954 1.
1658 924 1691 954 C.
1710 923 1738 954 b.
1756 930 1777 955 t.
1805 933 1846 954 eo
1868 923 1958 963 quod

1079 965 1121 996 sic
1138 966 1263 996 videtur
1280 965 1401 996 consuli
1415 966 1560 1004 utrique,
1585 965 1613 996 ἃ
1631 965 1750 1002 actori,
1775 965 1804 996 δι
1822 975 1897 996 reo:
1921 965 1960 996 ii-

1081 1007 1122 1045 li,
1139 1015 1179 1037 ne
1197 1006 1234 1036 lis
1252 1006 1411 1038 trahatur:
1436 1006 1532 1045 huie,
1548 1016 1588 1037 ne
1605 1006 1716 1038 eadem
1734 1007 1766 1038 in
1784 1016 1818 1038 re
1835 1014 1958 1038 temere

1081 1055 1253 1088 repetatur.

1126 1089 1202 1121 Vult
1220 1090 1316 1130 igitur
1330 1089 1467 1127 Praetor,
1491 1089 1674 1121 mandatum
1696 1088 1775 1128 effe;
1801 1088 1843 1121 nil
1861 1089 1958 1122 aliud.

1080 1131 1216 1170 proinde
1234 1140 1440 1172 quocumque
1459 1133 1557 1162 modo
1570 1130 1605 1162 fit
1622 1131 1806 1162 mandatum
1818 1154 1827 1169 ‚
1846 1141 1886 1163 eo
1904 1141 1962 1171 po-

1081 1171 1140 1203 test
1158 1180 1348 1212 procurator
1358 1172 1506 1203 constitui
1518 1196 1526 1210 ,
1543 1172 1606 1203 sive
1624 1182 1722 1213 pure,
1738 1172 1802 1203 five
1817 1172 1846 1204 in
1860 1174 1960 1211 diem,

1081 1213 1144 1245 five
1161 1213 1215 1244 sub
1233 1214 1441 1252 conditione,
1465 1216 1561 1245 etiam
1579 1223 1680 1255 usque
1698 1215 1736 1244 ad
1755 1215 1839 1245 diem
1852 1238 1861 1252 ,
1879 1215 1908 1245 dt
1927 1215 1961 1247 iu

1082 1262 1273 1294 perpetuum
1291 1255 1310 1285 l.
1329 1266 1356 1295 3.
1375 1254 1411 1288 &⁹
1428 1265 1456 1293 4.
1477 1254 1519 1287 D.
1546 1256 1574 1286 h.
1591 1261 1612 1286 t.
1640 1256 1713 1296 quia
1737 1257 1884 1286 omnibus
1909 1256 1960 1287 his

1080 1297 1183 1328 modis
1208 1296 1292 1328 recte
1317 1297 1518 1328 contrahitur
1535 1297 1718 1328 mandatum
1737 1296 1756 1328 l.
1780 1307 1803 1328 i.
1822 1297 1851 1338 §.
1870 1307 1898 1337 3.
1914 1297 1960 1328 D.

1081 1337 1234 1369 Mandant.
1261 1336 1380 1369 Adhaec
1398 1339 1497 1369 docet
1516 1338 1631 1369 Paulus
1648 1338 1696 1369 lib.
1720 1346 1743 1369 1.
1764 1338 1894 1369 Senzem.
1912 1340 1960 1369 tit.

1080 1390 1132 1419 4.,
1153 1380 1236 1419 apud
1251 1380 1318 1411 acta
1334 1379 1474 1411 praesidis
1486 1403 1495 1418 ,
1519 1379 1549 1410 &
1564 1378 1766 1420 Magistratus
1777 1403 1786 1417 ,
1809 1389 1961 1419 procura-

1083 1429 1186 1452 torem
1208 1420 1297 1459 fleri,
1321 1422 1417 1452 etiam
1443 1431 1499 1461 per
1522 1421 1646 1459 literas,
1671 1421 1699 1452 ἃ
1730 1430 1786 1461 per
1808 1423 1958 1454 nuntium

1081 1461 1167 1493 fieri:
1193 1462 1256 1493 hoc
1281 1461 1345 1500 est,
1369 1472 1433 1493 non
1460 1462 1646 1502 praesentem
1665 1470 1809 1500 tantum,
1835 1461 1886 1493 sed
1905 1463 1961 1493 ab·

1082 1503 1202 1535 sentem
1228 1513 1377 1544 quoque,
1399 1505 1578 1535 dummodo
1601 1512 1706 1535 certus
1722 1503 1758 1534 {it
1774 1505 1827 1543 qui
1846 1504 1960 1544 datur,

1083 1546 1112 1576 (St
1128 1554 1226 1576 ratam
1239 1546 1352 1576 habeat
1364 1545 1528 1576 dationem
1541 1545 1558 1575 l.
1576 1554 1599 1575 1.
1611 1544 1639 1586 §.
1653 1544 1781 1578 umeri.
1794 1555 1820 1576 2.
1835 1545 1875 1576 D.
1894 1546 1921 1576 h.
1937 1552 1963 1577 t..

1084 1585 1136 1618 sed
1154 1587 1441 1627 necdissinguinius
1460 1587 1554 1616 verba
1573 1586 1687 1625 quibus
1704 1585 1797 1616 detur
1813 1595 1963 1625 procura·

1085 1636 1146 1659 tor.
1172 1628 1276 1668 potest
1296 1629 1380 1660 enim
1398 1628 1593 1667 quibuslibet
1612 1627 1737 1665 verbis,
1753 1627 1850 1658 etiarn
1866 1627 1961 1659 nudis

1085 1670 1234 1701 constitui
1255 1669 1283 1711 §.
1307 1679 1332 1700 1.
1351 1669 1422 1710 lust.
1446 1669 1493 1699 De
1507 1670 1550 1699 his
1562 1677 1614 1708 per
1631 1679 1701 1716 quos
1719 1678 1797 1710 ager.
1814 1668 1885 1710 poff.
1918 1667 1965 1699 U·

1085 1720 1159 1742 num
1186 1720 1337 1752 oportet,
1362 1720 1395 1743 ut
1419 1706 1601 1743 maritimum
1626 1711 1681 1743 iit:
1705 1711 1768 1741 hoc
1785 1710 1849 1747 est,
1875 1718 1908 1741 ut·
1924 1719 1963 1743 ea

1084 1753 1172 1784 causa
1191 1763 1250 1794 qua
1266 1754 1305 1784 de
1322 1753 1440 1794 agitur,
1467 1752 1503 1784 fit
1520 1753 1677 1784 mandata.
1722 1753 1853 1783 interim
1877 1751 1962 1793 saepe

1084 1803 1213 1833 evenit3
1237 1803 1271 1825 ut
1289 1804 1360 1835 quae
1379 1804 1442 1826 non
1467 1795 1653 1825 continetur
1676 1794 1813 1825 mandati
1833 1794 1962 1833 verbis,

1085 1837 1150 1877 ejus
1168 1836 1323 1868 sententia
1338 1836 1642 1876 comprehendatur.
1668 1837 1763 1867 etiam
1781 1835 1908 1874 evenit3
1926 1843 1963 1867 ut:

1084 1878 1221 1910 mandati
1234 1878 1336 1909 verbis
1346 1879 1550 1909 contineatur
1565 1878 1705 1918 adquam
1724 1878 1790 1918 ejus
1807 1876 1966 1909 sententia

1085 1930 1150 1951 non
1170 1921 1339 1967 pertingat.
1372 1920 1458 1959 quod
1479 1919 1570 1958 quale
1588 1918 1645 1957 fit,
1664 1929 1748 1950 nunc
1763 1918 1965 1950 confideran-

1086 1963 1160 1993 dum
1178 1961 1233 1992 est.
1264 1961 1335 2002 Ego
1351 1969 1457 1992 autem
1477 1960 1518 1992 fic
1531 1960 1666 1998 censeo,
1691 1961 1755 1992 duo
1771 1959 1833 1992 esse
1848 1969 1965 2000 procu-

1088 2012 1229 2034 ratorum
1245 2013 1380 2044 genera:
1398 2004 1449 2034 vel
1465 2003 1550 2033 enim
1566 2002 1632 2033 dari
1650 2003 1688 2033 ad
1707 2003 1863 2043 agendum
1877 2024 1887 2040 ,
1910 2001 1964 2033 vel

1087 2045 1125 2076 ad
1142 2044 1421 2076 administrandum
1439 2044 1457 2075 l,
1476 2054 1526 2084 43.
1544 2043 1586 2074 D.
1602 2043 1628 2074 h.
1645 2049 1667 2074 t.
1693 2043 1722 2074 ἃ
1740 2052 1894 2082 utrosque
1911 2043 1966 2075 vel

1087 2088 1126 2117 ad
1144 2096 1242 2118 omne
1262 2087 1446 2126 negotium,
1463 2086 1515 2115 vel
1532 2085 1569 2115 ad
1587 2092 1709 2124 partem
1728 2084 1861 2124 negotii.
1886 2083 1967 2115 Hoc

1089 2129 1190 2159 modo
1215 2128 1329 2159 Paulus
1341 2151 1350 2165 ‚
1374 2128 1422 2157 lib.
1450 2137 1477 2158 1.
1507 2127 1633 2157 Samene.
1650 2127 1696 2157 tit.
1714 2136 1742 2165 4.
1760 2125 1789 2167 §.
1807 2136 1835 2157 2.
1854 2125 1966 2157 Procu-

1089 2175 1168 2200 rator
1191 2164 1245 2200 dur
1270 2171 1308 2200 ad
1329 2169 1427 2207 litem,
1451 2173 1503 2199 aut
1526 2169 1564 2198 acl
1579 2177 1658 2198 omne
1673 2170 1837 2208 negotium,
1859 2173 1912 2197 aut
1927 2167 1967 2198 od

1083 2217 1198 2252 partem
1214 2212 1340 2252 negotii,
1357 2216 1408 2241 aut
1423 2211 1460 2240 acl
1476 2219 1519 2240 res
1537 2206 1782 2249 administrandas
1797 2209 1897 2239 datur.
1915 2208 1965 2240 Ita

1087 2255 1119 2284 in
1139 2251 1254 2284 summa
1270 2252 1374 2283 omnis
1391 2259 1582 2291 procurator
1597 2249 1642 2282 est
1657 2250 1707 2281 vel
1720 2250 1895 2291 generalis,
1911 2250 1966 2281 vel

1089 2293 1246 2334 specialis:
1270 2292 1325 2324 etii
1350 2292 1494 2333 plerique
1507 2294 1603 2324 etiam
1625 2291 1744 2323 faciant
1761 2292 1890 2323 tertium
1911 2291 1967 2331 qui

1090 2336 1206 2366 habeat
1229 2335 1359 2366 liberam
1385 2335 1527 2365 omnium
1544 2334 1705 2365 bonorum
1723 2332 1967 2365 administratio-

1090 2387 1173 2409 nem.
1212 2376 1274 2408 Sed
1291 2376 1405 2417 sequor
1423 2375 1576 2408 Veteres:
1601 2376 1710 2416 quiex
1727 2372 1869 2414 profeffo
1885 2374 1968 2405 divi·

1090 2420 1203 2450 dentes
1221 2425 1465 2458 procuratorum
1485 2417 1622 2457 species,
1647 2423 1767 2447 tantum
1791 2415 1866 2447 duas
1883 2414 1965 2446 faci-

1089 2469 1146 2492 unt
1160 2484 1169 2499 ,
1191 2460 1372 2501 generalem
1390 2459 1420 2489 ὅ(
1437 2457 1622 2498 specialem,
1649 2457 1779 2488 tertium
1798 2457 1837 2487 ab
1854 2456 1904 2487 his
1919 2456 1969 2488 se-

1088 2510 1230 2543 paratum
1250 2500 1371 2532 faciunt
1394 2509 1560 2539 nusquam.
1584 2499 1616 2530 id
1633 2499 1734 2537 liquet
1751 2508 1791 2530 ex
1807 2498 1826 2529 l.
1846 2507 1871 2529 1.
1889 2497 1918 2539 §.
1937 2507 1968 2530 1.

1089 2543 1132 2574 D.
1149 2544 1176 2574 b.
1194 2550 1216 2573 t.
1232 2543 1252 2574 l.
1274 2552 1320 2574 12.
1338 2541 1379 2572 D.
1396 2543 1429 2572 de
1439 2540 1544 2582 podiis.
1560 2540 1580 2570 l.
1603 2549 1648 2580 17.
1666 2540 1694 2581 §.
1713 2539 1768 2571 ult.
1786 2539 1828 2570 D.
1844 2540 1969 2581 dejure-

1081 2585 1222 2627 jurando.
1238 2584 1258 2614 l.
1276 2593 1324 2615 12.
1344 2582 1386 2614 D.
1404 2582 1611 2622 deſsilutionz‘b.
1629 2580 1728 2623 l.3.§.
1740 2591 1768 2613 2.
1780 2580 1823 2613 D.
1834 2581 1967 2622 judicat.

1083 2627 1166 2666 fialvi.
1205 2624 1282 2656 Non
1302 2633 1408 2656 tamen
1424 2624 1560 2665 ignoro,
1584 2623 1659 2654 alibi
1677 2622 1746 2654 fieri
1762 2623 1966 2655 mentionem

1088 2666 1326 2708 procuratoris,
1344 2666 1490 2697 habentis
1508 2665 1640 2696 liberam
1657 2664 1801 2696 omnium
1817 2665 1967 2705 negotio-

1090 2718 1158 2741 rum
1177 2706 1482 2740 administrationem
1504 2706 1523 2737 l.
1541 2711 1591 2746 58.
1610 2706 1652 2737 D.
1666 2706 1693 2737 b.
1711 2711 1733 2736 t.
1751 2704 1788 2740 {5⁹
1805 2705 1825 2737 l.
1843 2714 1872 2742 9.
1889 2705 1917 2747 §.
1933 2715 1967 2745 4.

1090 2754 1122 2782 de
1137 2751 1253 2791 adquir.
1269 2758 1324 2780 rer.
1342 2750 1448 2781 domin.
1481 2748 1543 2780 Sed
1562 2757 1636 2779 meo
1649 2747 1791 2787 judicio,
1814 2754 1882 2778 tum
1900 2756 1967 2778 tan-

1091 2801 1157 2824 tum
1188 2791 1375 2832 indigitetur
1400 2798 1591 2830 procurator
1620 2788 1838 2820 universorum
1861 2788 1966 2820 bono-

1089 2843 1178 2866 rum:
1197 2841 1230 2864 ut
1249 2841 1322 2864 cum
1339 2832 1457 2863 dicitur
1472 2831 1571 2864 libera
1586 2830 1765 2862 testamenti
1777 2829 1877 2861 faffio
1894 2838 1967 2869 quae

1092 2884 1214 2906 tantum
1229 2873 1273 2905 est
1290 2872 1470 2905 testamenti
1486 2873 1584 2904 fattio
1606 2872 1626 2904 l.
1643 2882 1692 2913 35.
1712 2872 1747 2904 C.
1765 2873 1798 2903 de
1814 2870 1966 2912 inofficiosi)

1092 2915 1198 2957 testam.
1215 2916 1244 2946 ἃ
1262 2915 1360 2946 libera
1377 2915 1492 2955 peculii
1511 2913 1738 2945 administratio
1749 2922 1818 2954 quae
1829 2913 1903 2944 alias
1918 2911 1965 2942 di-

1091 2967 1173 2989 citur
1190 2957 1305 2997 peculii
1322 2955 1567 2994 administratio,
1592 2963 1627 2986 ut
1643 2954 1829 2992 observavi,
1852 2953 1899 2984 De
1909 2958 1965 2992 pn-

1092 2999 1144 3030 ffls
1161 2998 1197 3034 ἐξ
1216 2998 1402 3037 ιναη]ὶιὲἶίοη.
1420 3008 1445 3029 ε.
1463 3008 1512 3037 27.
1541 2997 1640 3037 Igitur
1655 2996 1677 3028 fi
1691 2996 1741 3027 cui
1759 2993 1964 3040 una-mande-

1094 3049 1144 3072 tur
1160 3041 1298 3081 speciem
1314 3041 1338 3072 is
1349 3049 1418 3071 eam
1428 3038 1642 3071 administrare
1652 3036 1774 3078 potest:
1789 3036 1880 3065 aliam
1896 3042 1963 3079 non

1094 3082 1215 3121 potest:
1239 3081 1292 3113 nisi
1312 3081 1388 3113 velit
1405 3081 1581 3113 mandantis
1598 3078 1761 3110 sententia.
1793 3083 1859 3121 tum
1875 3083 1963 3106 enim

1093 3124 1176 3155 hanc
1194 3133 1325 3165 quoque
1341 3132 1451 3163 gerere
1465 3122 1606 3162 poterit3
1629 3119 1683 3151 etii
1699 3116 1874 3150 mandantis
1894 3125 1965 3146 ver-

1093 3165 1141 3197 bis
1166 3175 1231 3197 non
1257 3164 1556 3205 comprehendatur.
1580 3161 1682 3202 finge,
1707 3157 1786 3195 csse,
1810 3155 1875 3188 fine
1898 3165 1965 3197 quo

1094 3207 1238 3248 expediri
1249 3213 1389 3247 nequeat
1403 3206 1603 3243 mandatum,
1613 3205 1653 3235 de
1662 3207 1764 3240 eoque
1779 3198 1868 3233 filere
1879 3207 1969 3271 ηὲεὲιέ
