2052 3487
420 99 961 139 'PROBABILIUM
1009 99 1203 148 JURIS
1254 98 1530 146 CIVI-LIS.

217 194 311 240 penis
326 191 495 231 tutoribus‚·
520 191 613 224 etiam
635 189 766 235 Ulpiani
781 189 802 223 l.
823 200 853 224 2.
881 188 910 236 §.
929 198 987 231 41.

220 244 265 278 D.
292 241 344 276 Ad
368 239 668 284 Senatusconsultum
694 237 926 284 Tertyllianum.
954 248 986 279 9.

219 289 416 336 Adferuntur
446 289 600 333 complura
635 288 698 321 loca
732 289 763 321 in
789 289 896 332 quibus
922 288 988 321 lata

220 340 308 385 culpa
323 337 493 384 appellatur
509 336 615 378 dolus,
643 333 685 374 ὅ)
701 337 813 370 dicitur·
829 337 892 370 dolo
909 347 987 370 coin-

214 388 337 433 parari.
390 396 433 419 10
471 385 522 419 Ea
539 385 784 430 quemadmodum
802 385 983 430 accipienda.

220 447 277 470 11.
306 435 392 470 Lata
419 434 507 479 culpa
534 434 651 478 quando
672 432 803 478 infamet
823 460 832 476 ‚
867 434 983 479 quando

216 496 275 520 non
292 481 449 528 infamet?
462 482 634 528 explicatur
649 482 669 515 l.
683 491 713 525 7.
737 482 765 529 §.
781 493 810 517 1.
825 483 866 516 D.
886 483 919 516 de
929 482 986 528 fit-

209 532 325 580 spetiis
343 532 500 566 tutoribus.
543 540 583 565 12
625 531 819 565 Emendatur
837 528 877 570 ἐξ
892 532 987 577 expli-

216 589 303 616 catur
327 581 446 615 noviter
467 580 620 627 Ulpianus
647 581 679 614 in
698 580 726 615 d.
750 580 770 616 l.
792 591 851 624 42.
879 581 922 616 l).
951 581 986 614 de

1854 111 1901 149 75

1131 189 1290 224 verborum
1298 188 1540 236 significatione.
1572 198 1625 234 13.
1644 187 1744 223 Facile
1761 188 1824 223 labi
1840 190 1897 223 In-

1123 246 1294 283 ter-prens,
1325 251 1392 273 cum
1414 239 1549 274 incidunt
1565 238 1595 272 in
1614 239 1706 272 verba
1724 264 1733 280 ,
1770 237 1896 284 quaese-

1128 288 1258 322 cundum
1273 289 1346 333 quid
1360 285 1658 333 intelligendasunt,
1700 296 1753 329 14.
1779 287 1901 322 Paulus

1127 337 1298 381 explicatur
1315 337 1356 370 ad
1371 337 1515 371 Hetraeos
1532 348 1557 371 c.
1573 345 1602 379 7.
1621 332 1649 381 §.
1672 346 1704 380 3.
1733 337 1843 382 locique
1849 335 1898 377 si-

1127 385 1214 419 miles
1235 386 1405 431 produntur
1430 397 1468 420 ex
1492 386 1606 420 Seneca
1623 412 1632 427 ,
1661 382 1702 423 ἐξ
1728 385 1896 431 Javoleno.

1131 444 1187 476 15.
1216 434 1317 469 Verba
1336 435 1397 468 baec
1414 461 1423 476 ‚
1457 445 1534 469 cum
1554 434 1616 468 alia
1642 433 1803 478 probatio
1826 445 1898 468 non

1128 481 1197 525 est,
1224 494 1302 516 cum
1322 482 1441 517 deficit
1461 482 1636 529 probatio,
1657 481 1678 516 fi
1697 483 1791 517 aliter
1812 482 1899 517 veri-

1131 541 1179 565 tas
1207 530 1356 566 inveniri
1383 541 1451 567 non
1473 529 1570 577 poffit
1591 556 1602 576 ,
1636 530 1898 578 quidfignificent

1127 581 1233 615 multis
1252 582 1283 616 in
1301 580 1384 616 locis.
1772 591 1830 624 23.
1851 590 1899 623 24

684 677 907 713 LIBRI
965 677 1326 712 SECUNDI.

165 776 194 815 Ι,
223 783 253 810 1.
286 774 472 822 Beneficium
502 774 657 821 diuisionis
688 774 910 821 fidejufforibus
931 784 986 821 per

216 826 420 871 exceptionem
434 827 583 871 permitti.
638 824 721 859 Eam
745 825 949 870 exceptionem
968 835 987 857 a

216 875 354 910 Prcetore
366 874 578 921 postulandam
599 872 654 919 ff
679 874 805 919 injure.
865 874 900 908 Si
925 874 988 907 illic

217 924 278 958 omi
305 935 324 956 a
333 923 377 968 stt
397 950 406 965 ‚
444 923 546 957 deinde
573 923 605 956 in
617 923 733 968 judicio
753 933 854 956 coram
873 918 987 966 Judz‘ce

210 971 340 1019 flustra
358 973 472 1017 opponi.
517 982 548 1006 2.
576 969 769 1017 Rescriptum
788 971 987 1015 Imperatoris

219 1021 410 1062 Alexandri,
424 1020 500 1065 quod
517 1019 559 1066 eft
576 1021 607 1053 in
626 1020 646 1054 l.
662 1030 716 1054 10.
739 1020 772 1053 C.
784 1022 819 1054 de
830 1016 987 1065 fidejuſjo-

219 1072 305 1103 ribus
330 1067 371 1109 &²
386 1069 639 1111 mandatoribus,
670 1069 847 1103 emendatur
867 1069 987 1102 noviter

220 1118 329 1152 duobus
347 1119 427 1153 locis.
941 1120 985 1154 28

147 1167 190 1202 Π.
223 1178 254 1201 1.
280 1167 315 1201 Si
327 1165 575 1212 Jurisconsultus
590 1166 621 1199 in
637 1163 900 1211 responsissuisac
908 1176 987 1199 conz-

219 1217 382 1250 mentariis
399 1213 515 1261 diversa
525 1214 687 1260 praecipiat
704 1241 714 1256 ‚
748 1220 850 1247 utrum
870 1212 988 1260 respon-

219 1265 303 1299 denti
322 1264 457 1298 habenda
468 1262 551 1308 fides
561 1260 624 1307 stt,
649 1274 690 1296 an
706 1262 849 1297 docenti?
884 1272 915 1297 2.
942 1263 987 1297 Et

218 1313 290 1358 quid
310 1314 341 1346 in
367 1313 502 1357 antiquis
529 1312 699 1346 austoribus
718 1311 736 1345 ἓ
768 1312 934 1346 Scaevolam
954 1313 986 1345 in

217 1361 238 1395 l.
262 1372 315 1404 14.
344 1362 386 1395 D.
404 1361 440 1396 de
457 1361 714 1395 transaeiionibus
734 1372 792 1395 non
810 1361 907 1396 videri
920 1358 987 1404 ser-

217 1408 302 1456 vaffe
321 1411 440 1444 omnino
462 1410 582 1443 laudem
600 1410 822 1455 ingenuitatis:
848 1410 990 1444 inaudita

219 1460 362 1493 hactenus
371 1457 536 1504 fintentia.
591 1469 622 1502 3.
650 1459 768 1503 Species
791 1456 833 1497 ξ59
853 1457 989 1503 definitio

221 1508 242 1542 l.
263 1518 292 1551 3.
315 1508 357 1542 D.
375 1508 434 1541 eod.
454 1509 502 1541 tit.
522 1518 556 1550 4.
585 1507 728 1541 Aliorum
755 1508 796 1541 ad
821 1507 989 1541 Scaevolam

220 1556 359 1602 placita:
385 1557 417 1590 in
436 1557 542 1601 quibus
552 1557 688 1602 primum
705 1554 865 1600 Accurfii,
897 1556 989 1602 Cuja-

219 1606 264 1640 cio
282 1602 323 1644 &³
343 1605 458 1639 Baroni
475 1606 656 1651 probatum,
682 1603 849 1648 refellitur.
876 1615 909 1648 5.
927 1604 990 1638 Ac·

218 1665 273 1688 cur
288 1655 312 1688 zi
326 1654 423 1688 altera
433 1651 610 1700 sententia,
621 1650 736 1699 quae&
750 1654 892 1688 Udalrici
902 1651 990 1698 Zasii

220 1702 285 1747 est,
301 1704 448 1748 rejicitur.
485 1706 518 1738 6.
535 1700 672 1748 Accurfii
687 1704 779 1737 tertia
794 1703 966 1750 conjebiura
974 1727 988 1746 ,

220 1751 293 1784 item
311 1752 436 1785 Antonii
455 1751 567 1793 Fabri,
592 1750 780 1796 infirmatur.
944 1761 989 1793 29

224 1809 255 1833 Ι.
282 1798 416 1833 Paulum
435 1800 454 1833 l.
470 1810 497 1833 1.
515 1800 559 1835 D.
576 1800 610 1833 de
620 1797 990 1846 usu&tisufructulega-

224 1855 253 1882 to
272 1849 405 1893 primum
420 1848 529 1882 Sabini
536 1848 724 1894 sententiam
734 1875 745 1891 ‚
762 1849 865 1883 deinde
874 1848 991 1894 suam,

223 1905 397 1942 proponere„
426 1896 489 1930 Illa
507 1896 598 1942 quae?
634 1907 665 1931 2.
688 1895 807 1939 Verba,
834 1897 939 1942 Neque
954 1907 992 1931 ex

223 1946 325 1987 bonis,
353 1956 443 1990 neque
459 1953 551 1980 extra
569 1946 656 1980 bona.
687 1956 717 1989 3.
738 1945 834 1980 Pauli
849 1946 932 1979 Nota
950 1945 993 1979 ad

222 1995 379 2029 Sabinum.
405 2003 438 2036 4.
460 1994 539 2039 Ejus
559 1993 649 2028 Notce
665 1994 810 2037 causano
827 1996 917 2028 ratio.
947 2003 989 2037 32

225 2042 363 2087 Vestiam
384 2042 485 2088 legato
511 2041 672 2090 usufruttu
688 2069 697 2084 ,
724 2055 762 2077 ex
782 2042 909 2088 Ulpiani
916 2041 989 2086 sen-

222 2092 318 2126 tentia
334 2102 439 2124 verum
451 2116 462 2133 ‚
488 2103 547 2126 non
566 2089 651 2136 quasi
659 2116 670 2133 ,
707 2090 931 2137 usumfruetum
950 2092 990 2125 le-

221 2148 331 2187 gatum
348 2138 411 2185 effe.
442 2140 538 2175 Nova
554 2138 716 2185 dispunctio
733 2142 753 2175 l.
778 2149 832 2182 15.
853 2139 880 2187 §.
895 2152 928 2183 4.
948 2140 988 2175 D.

222 2190 257 2223 de
281 2187 439 2234 usufrutiu
464 2186 506 2228 ἐξ
537 2189 785 2235 quemadmodum
800 2192 865 2234 quis
884 2196 990 2224 utatur

213 2236 358 2283 fruatur.
946 2247 987 2283 33

150 2283 200 2322 V.
227 2297 256 2320 1.
287 2283 404 2331 Officia
428 2285 576 2333 Praefeai
600 2289 685 2322 urbis
710 2299 747 2322 ac
768 2288 901 2333 vigilum
907 2286 990 2333 saepe

223 2334 329 2369 iisdem
362 2335 453 2370 Notis
480 2334 561 2382 apud
586 2338 710 2372 Veteres
731 2335 854 2383 scripta
877 2335 936 2381 fui
962 2348 987 2371 e.

222 2384 275 2419 Ab
293 2383 350 2418 hac
368 2384 460 2429 eausa
478 2386 605 2420 variare
625 2385 855 2432 inscriptionem
873 2386 890 2418 l.
907 2386 987 2419 unic.

225 2432 258 2467 C.
285 2432 320 2467 de
336 2429 434 2478 officio
458 2432 607 2477 Prcefetti
630 2434 771 2480 Vigilum
789 2461 797 2476 ‚
833 2431 873 2473 &²
893 2434 911 2467 l.
931 2434 988 2468 ult.

223 2481 268 2516 D.
289 2481 348 2516 eod.
366 2482 412 2516 tit.
459 2493 491 2518 2.
518 2482 703 2528 Pomponius
721 2483 830 2517 mendo
845 2483 990 2517 liberatus

223 2531 257 2564 in
273 2530 292 2563 l.
310 2541 375 2575 pen.
394 2531 436 2567 D.
447 2531 483 2566 cle
500 2532 681 2566 conclit‘tione
695 2531 789 2578 eausa
806 2532 880 2565 data
898 2529 990 2577 causa

224 2589 284 2613 non
296 2577 427 2625 sequuta
450 2578 492 2619 Εὖ)
509 2587 621 2625 praeter
646 2579 754 2626 Zafii,
784 2581 918 2626 Cujacii,
949 2578 990 2619 ἐξ

222 2626 347 2669 Fabri,
366 2627 554 2674 sententiam
573 2628 735 2675 expositus.
945 2638 990 2672 34

229 2686 258 2709 1.
287 2676 432 2712 Veterum
458 2678 493 2712 de
517 2678 706 2723 adquirenda
735 2677 909 2726 ptffiffione
933 2689 990 2712 non

224 2730 317 2759 unam
330 2724 429 2771 fuiffe
444 2725 643 2772 sententiam.
673 2737 704 2761 2.
732 2725 773 2766 δέ)
796 2738 826 2771 3.
853 2727 991 2769 Senecae,

226 2772 357 2808 Phaedro
369 2801 377 2814 ,
391 2775 522 2817 Plauto,
534 2775 588 2809 lux
605 2782 723 2809 mutua.
754 2775 920 2821 vestigium
936 2788 992 2810 an-

228 2820 318 2864 tiquae
337 2820 518 2868 diffenfionis
538 2824 619 2869 apud
643 2824 804 2858 Proculum
825 2825 844 2859 l.
865 2834 920 2867 55.
946 2825 990 2859 D.

230 2868 267 2901 de
285 2870 462 2915 adquirendo
479 2884 581 2906 rerum
599 2873 739 2907 dominio.
788 2884 819 2917 4.
845 2873 992 2908 Voculam

229 2924 302 2951 non
317 2919 471 2955 abundare
484 2922 566 2967 apud
573 2921 704 2957 Paulum
723 2923 756 2956 in
773 2923 794 2957 I.
811 2931 841 2966 3.
861 2920 889 2968 §.
902 2933 934 2967 3.
946 2922 989 2958 D.

122 1796 184 1832 III.

125 2042 190 2079 IV.

127 2672 193 2712 VI.

1128 776 1163 810 de
1186 775 1368 821 adquirenda
1393 776 1444 811 vel
1466 775 1634 810 amittenda
1651 772 1835 822 poffeffione.
1865 784 1899 816 5.

1129 825 1277 870 Javoleni
1292 825 1371 859 locus
1387 825 1559 872 illustratus
1584 826 1615 858 in
1643 825 1662 858 l.
1686 834 1741 866 51.
1770 823 1813 858 D.
1834 824 1898 858 eod.

1129 875 1179 909 tit.
1197 871 1316 919 explosa
1336 873 1450 918 Jacobi
1473 875 1591 920 Cujacii
1608 873 1823 907 emendatione.
1863 874 1898 907 6.

1128 920 1299 967 Praesentia
1316 923 1360 956 rei
1378 934 1418 956 an
1437 924 1469 956 in
1478 922 1566 968 fictis
1585 923 1821 964 traditionibus,
1834 933 1899 966 quae

1122 970 1206 1016 fiunt
1219 968 1400 1018 poffi’ffionis
1419 971 1629 1018 constitutione
1640 998 1648 1012 ,
1668 968 1834 1015 neceffizria
1847 968 1900 1012 fit.

1130 1020 1403 1065 Pragmaticorum
1444 1018 1589 1065 adversus
1626 1019 1798 1054 Antonium
1834 1019 1900 1053 Fa-

1128 1069 1218 1102 brurn
1233 1066 1355 1113 defensa
1364 1066 1533 1113 sententia.
1852 1078 1869 1112 3
1876 1077 1898 1111 5

1031 1115 1113 1152 VII.
1131 1117 1303 1151 Culturam
1330 1114 1370 1154 Εὖ)
1386 1127 1503 1151 curam
1519 1117 1596 1152 idem
1615 1117 1718 1151 valere
1736 1117 1768 1151 in
1787 1114 1815 1164 §.
1838 1127 1897 1161 35.

1128 1165 1209 1211 Inst.
1228 1165 1260 1198 de
1278 1176 1380 1198 rerum
1399 1164 1543 1210 divisione
1562 1192 1571 1207 ‚
1610 1164 1757 1211 adversus
1781 1165 1900 1200 Accur-

1121 1212 1205 1259 stum
1232 1210 1273 1253 δέ)
1299 1213 1468 1259 Cujacium.
1522 1214 1572 1248 Ea
1595 1216 1688 1248 verba
1707 1214 1901 1260 nonfattunz

1132 1263 1233 1308 qualis
1251 1263 1349 1307 qualis
1365 1263 1491 1297 culturce
1508 1260 1550 1302 δέ)
1566 1274 1646 1297 curce
1657 1289 1666 1303 ‚
1681 1262 1736 1306 sed
1744 1266 1799 1309 jus
1810 1291 1818 1305 ‚
1830 1262 1902 1309 fig·

1132 1312 1268 1358 nificare.
1322 1311 1416 1346 Bonce
1436 1311 1511 1358 fidei
1529 1310 1720 1357 poffieſjbris,
1759 1314 1809 1357 qui
1837 1324 1902 1346 rem

1132 1362 1247 1406 accepit
1265 1372 1304 1395 ex
1315 1360 1404 1408 julia
1418 1360 1530 1406 causa,
1543 1360 1682 1394 naturali
1701 1362 1817 1395 ratione
1828 1360 1903 1407 fieri

1122 1409 1252 1456 fluffus
1272 1435 1284 1453 ‚
1318 1421 1375 1443 non
1393 1416 1514 1444 tantum
1540 1408 1755 1457 industriales,
1782 1409 1844 1456 sed
1861 1407 1904 1449 ὃ)

1129 1459 1295 1494 naturales.
1773 1461 1828 1503 38,
1857 1468 1902 1499 39

1032 1506 1130 1544 VIII.
1145 1518 1174 1542 1.
1188 1509 1396 1554 Hypothecarn
1406 1508 1476 1553 jure
1499 1508 1658 1542 honorario
1684 1507 1827 1552 constitui
1847 1519 1905 1541 nu-

1131 1557 1166 1591 do
1181 1559 1287 1603 pacto,
1314 1554 1355 1595 δέ)
1371 1557 1453 1591 tolli:
1474 1554 1506 1599 fi
1521 1558 1739 1598 conveniatur,
1766 1568 1809 1591 ne
1829 1555 1905 1602 pig-

1131 1616 1194 1640 nus
1221 1615 1364 1652 petatur.
1419 1605 1511 1640 Nova
1544 1606 1744 1650 inter-punitio
1777 1603 1818 1644 ὃ)
1851 1616 1905 1639 ex·-

1128 1655 1253 1701 plicatio
1280 1655 1300 1689 l.
1323 1665 1379 1698 23.
1408 1654 1439 1688 C.
1464 1655 1498 1687 de
1517 1654 1707 1699 pignoribus.
1764 1655 1903 1700 Cujacii‚

1133 1703 1257 1746 Fabri,
1288 1703 1432 1749 thanii,
1466 1698 1507 1741 δέ)
1525 1703 1674 1744 aliorum,
1701 1701 1904 1748 taxatoesen-

1132 1754 1245 1788 tentice.
1274 1761 1304 1786 2.
1328 1752 1434 1800 Quid,
1457 1749 1484 1794 fi
1500 1752 1723 1794 conveniatur,
1751 1763 1793 1787 ne
1811 1751 1905 1786 debi-

1135 1810 1207 1836 tum
1232 1800 1394 1847 petatur?
1420 1800 1608 1834 Marcianus
1633 1801 1673 1834 ab
1700 1800 1822 1846 ingenio
1838 1811 1905 1834 cor-

1134 1852 1234 1884 rettus
1254 1850 1369 1883 duobus
1396 1849 1466 1882 locis
1492 1848 1511 1882 l.
1530 1858 1562 1890 5.
1591 1848 1636 1884 D.
1663 1849 1790 1898 Quibus
1809 1848 1905 1883 modis

1129 1899 1245 1944 pignus
1262 1898 1314 1932 vel
1328 1898 1486 1943 hypotheca
1494 1895 1642 1941 solvitur.
1681 1909 1713 1942 3.
1740 1898 1847 1932 Severi
1863 1894 1906 1936 &J

1132 1947 1284 1982 Antonini
1290 1944 1401 1992 ſsensus
1419 1947 1451 1980 in
1468 1946 1488 1981 l.
1502 1955 1533 1979 2.
1551 1945 1583 1981 C.
1596 1947 1631 1981 de
1648 1944 1818 1993 remifflone
1830 1948 1903 1992 pig-

1134 1997 1228 2030 noris.
1858 2003 1906 2039 39

1131 2045 1334 2079 Matrimonii
1350 2056 1417 2079 cum
1441 2044 1600 2085 amicitia,
1630 2045 1736 2078 mariti
1762 2055 1829 2079 cum
1845 2053 1905 2089 pa-

1131 2102 1196 2135 tre,
1224 2094 1328 2128 uxoris
1346 2105 1413 2127 cum
1423 2091 1496 2138 filia
1515 2119 1524 2134 ,
1559 2094 1746 2138 comparatio
1767 2094 1904 2138 elegans.

1134 2141 1210 2176 Tum
1237 2143 1404 2177 communio
1425 2143 1568 2175 bonorum
1594 2153 1635 2175 an
1653 2142 1733 2177 inter
1754 2142 1806 2176 hos
1823 2140 1906 2187 apud

1135 2191 1261 2227 Veteres
1277 2189 1385 2236 fuerit
1404 2217 1413 2232 ,
1454 2187 1495 2229 ὃ)
1520 2189 1620 2235 qualis
1638 2190 1656 2223 ,9
1696 2191 1906 2236 Nuptiarum,

1134 2247 1167 2274 ut
1185 2251 1226 2274 ea>
1251 2239 1437 2281 definiuntur
1462 2250 1487 2273 c.
1511 2251 1539 2274 ι.
1566 2238 1609 2273 D.
1631 2239 1665 2274 de
1692 2240 1756 2274 ritu
1781 2241 1906 2285 nuptia-

1131 2301 1199 2324 rum
1211 2316 1221 2331 ,
1248 2288 1410 2334 explicatio
1422 2288 1557 2334 gemina.
1854 2294 1901 2330 41

1061 2337 1106 2372 X.
1134 2338 1274 2373 Multum
1308 2338 1339 2370 in
1362 2337 1511 2382 puniendo
1554 2335 1703 2381 desertore
1744 2335 1904 2381 intereffe,

1131 2395 1236 2421 utrum
1252 2397 1320 2420 cum
1339 2383 1510 2432 necestitate
1519 2412 1528 2428 ,
1539 2396 1580 2418 an
1592 2385 1670 2419 ultro
1680 2413 1686 2423 .
1690 2383 1736 2430 fit
1747 2384 1883 2430 reversus
1894 2412 1904 2427 ,

1132 2443 1186 2469 aut
1198 2445 1252 2480 per
1265 2442 1384 2481 patrem
1407 2434 1536 2469 oblatus.
1594 2433 1704 2467 Arrius
1726 2434 1903 2469 Menander

1131 2484 1283 2519 correftus
1300 2494 1373 2518 nove
1390 2483 1410 2518 l.
1428 2491 1462 2524 4.
1480 2481 1578 2530 §.13.
1595 2482 1639 2518 D.
1658 2482 1693 2517 de
1710 2494 1743 2517 re
1758 2482 1903 2518 militari.

1447 2562 1450 2563 ν
1855 2541 1901 2577 43

1130 2582 1264 2617 Natura>
1274 2582 1330 2627 jus
1344 2580 1546 2616 immutabile.
1575 2579 1778 2628 Justinianus
1794 2580 1822 2628 §.
1844 2591 1859 2615 1
1870 2591 1903 2615 1.

1130 2631 1228 2678 Instit
1257 2632 1372 2676 dejure
1391 2638 1530 2673 natura,
1546 2631 1685 2676 gentium
1705 2627 1747 2670 &⁹
1762 2630 1848 2664 civili
1864 2640 1904 2664 ex

1133 2680 1246 2714 Seneca
1265 2679 1447 2726 illustratus.
1854 2688 1900 2722 43

1139 2729 1348 2775 Ulpianum.l.
1369 2738 1424 2771 25.
1454 2725 1483 2774 ς.
1504 2735 1533 2762 Ι.
1568 2727 1610 2761 D.
1638 2727 1674 2762 de
1697 2727 1905 2763 contrahenda

1132 2779 1282 2824 emptione
1298 2788 1318 2811 a
1339 2776 1525 2821 Triboniano
1548 2784 1721 2821 corruptum
1743 2787 1800 2810 non
1825 2773 1905 2819 effi,

1133 2825 1277 2872 adversus
1295 2826 1450 2871 Jacohum
1477 2824 1683 2863 Raevardum.
1708 2822 1817 2864 Sensus
1835 2825 1903 2869 ejus

1853 2881 1904 2915 44

1033 2042 1093 2082 IX.

1033 2580 1094 2618 XI.

1035 2727 1113 2765 XII.

1132 2877 1243 2922 eapitis
1260 2874 1302 2915 ξεῖ)
1317 2875 1515 2921 quorumdam
1532 2873 1676 2912 aliorum.

729 3018 952 3054 LIBRI
1008 3020 1306 3058 TERTII.

180 3109 207 3146 I.
233 3109 315 3184 gua
340 3111 381 3157 lit
399 3113 555 3171 constans
581 3113 618 3171 ᾃ
635 3117 993 3173 perpetuast-Olunta&

227 3158 261 3199 f)
289 3173 343 3216 quo
359 3161 496 3208 spectet,
525 3164 701 3210 injustitiae
727 3164 895 3212 definitione
914 3169 997 3214 apud

167 3209 398 3294 μΤοῌζιηὶινπηη
416 3213 437 3250 l.
458 3223 511 3252 10.
526 3212 570 3250 D.
586 3213 621 3249 de
623 3213 749 3262 justina
767 3213 808 3256 &⁹
815 3217 897 3263 jure.
914 3217 994 3254 Stoi·

1135 3131 1236 3155 corum
1252 3132 1320 3156 cum
1336 3122 1455 3157 cceteris
1471 3120 1606 3156 indicata
1619 3127 1748 3166 pugna,
1777 3113 1902 3162 &sub-

1136 3170 1211 3204 lata.
1853 3165 1903 3208 46

1062 3217 1105 3254 11.
1136 3218 1408 3302 ,ρτιεηιαιίνηοιίιιφὶἑ
1431 3219 1480 3259 jus
1503 3217 1592 3267 fhum
1623 3219 1727 3266 cuique
1766 3214 1903 3299 tribgqui

1435 3278 1454 3306 2
