2108 3479
591 76 761 113 VtTA
811 78 858 114 V.
911 74 947 113 C.
1001 77 1306 114 GERARDI
1356 77 1606 118 NOODT.

197 155 407 205 impetravit,
430 151 552 199 iisque,
581 152 634 187 die
652 163 741 188 nona
764 153 964 198 Jttnii'Anni
992 153 1157 189 millesimi
1181 155 1410 190 sexcentesimi
1438 157 1633 204 sexagesimi
1659 159 1759 201 noni,
1789 160 1850 195 rite
1878 170 1977 195 orna-

197 217 250 243 tus
265 205 313 242 est
330 207 347 240 Ξι
366 201 410 237 V·
427 201 475 235 Cl.
498 200 630 235 TACO
657 201 820 244 GLINS,
849 201 1042 237 Academiae
1066 203 1174 237 Frisiae
1201 203 1430 239 Antecessbre.
1491 207 1628 253 Collega
1655 207 1732 241 huic
1754 219 1824 243 erat
1853 209 1897 243 V.
1924 210 1972 244 Cl.

196 249 398 291 ULRICUS
415 248 659 292 HUBERUS,
689 251 743 296 qui
761 259 840 284 tunc
855 251 1017 296 temporis
1036 253 1238 286 Leovardiam
1259 263 1401 287 vocatus
1420 252 1527 289 fuerat
1545 283 1554 297 ,
1583 256 1646 290 litis
1666 256 1840 301 cujusdam
1858 256 1970 292 caussa

192 306 234 340 de
249 296 377 346 integro
393 297 647 343 cognoscendae.
699 298 790 332 Dum
809 298 936 334 Noster
959 298 1072 345 postea
1095 313 1151 345 per
1168 300 1254 335 hanc
1273 301 1402 336 Urbem
1422 302 1582 338 transiens
1608 314 1685 339 eum
1706 304 1877 347 salutaret,
1907 317 1970 340 vo-

193 350 250 387 luit
264 349 335 388 ille,
364 345 503 381 honoris
519 344 648 388 caussa,
678 346 861 393 Diplomati
880 348 982 383 fidem
1001 347 1135 383 facienti
1158 350 1385 393 cooptationis
1410 352 1442 384 in
1466 352 1618 386 ordinem
1648 352 1970 398 jurisconsultorum

190 407 290 433 manu
310 396 366 431 sua
385 404 516 441 quoque
540 394 752 430 subscribere.
781 395 862 431 Inde
881 408 1041 443 pergens,
1070 408 1131 442 per
1149 399 1360 444 Groningam,
1389 399 1648 445 {farisei-ovatum,
1676 400 1712 436 (Sc
1736 401 1943 436 Ducentiiam
1957 418 1968 446 5

189 447 224 482 iri
243 445 368 490 patrios
384 444 468 478 lares
485 443 578 477 rediit
597 454 707 478 novus
726 444 857 478 Doc‘tor
875 446 975 491 Juris.

234 492 430 529 NACTUS
452 490 522 537 jam
542 491 648 526 otium
663 491 907 537 plenissimum,
935 500 1004 528 non
1022 506 1064 529 eo
1083 495 1121 529 ad
1139 494 1291 529 inertiam
1317 494 1408 530 abuti
1434 496 1597 540 sustinuit,
1627 498 1679 533 sed
1707 498 1894 534 incredibili
1917 509 1966 533 at-

185 544 266 579 dore
281 541 312 577 id
336 540 425 587 egit,
455 549 488 574 ut
512 541 684 574 cumulum
704 541 886 583 doctrinae,
914 552 1079 588 perpetuo
1102 544 1222 578 deinde
1249 545 1355 589 magis
1385 556 1424 578 uc
1446 548 1551 592 magis
1579 548 1762 592 augendae,
1792 546 1849 581 sibi
1871 558 1966 590 pai-a-

186 601 245 627 ret.
296 587 430 624 Exacto
452 588 522 623 fere
542 589 757 635 sesquianno‚
785 591 907 635 aliquid
924 591 1065 633 accidit,
1095 592 1181 626 unde
1207 592 1389 626 luculenter
1409 604 1558 638 pateret,
1584 606 1705 640 quanta
1724 597 1795 642 jam
1821 594 1901 631 esset
1924 595 1967 630 de

185 640 258 686 ejus
276 637 393 684 peritia
411 636 637 679 existimatio,
665 638 700 672 ἅ
722 648 796 673 nata
824 638 917 674 simul
943 641 973 674 ei
1000 640 1132 674 occasio
1156 640 1373 683 ostendendi,
1400 652 1562 686 quantum
1592 642 1708 688 posset.
1760 645 1839 679 Duo
1869 653 1965 678 eraut

179 688 231 723 rei
247 686 367 728 c'aedis,
395 685 641 730 comprehensi.
695 686 759 721 His
778 687 993 734 Magistratus
1015 688 1233 733 Neomagenfis
1251 688 1413 722 Nostrum
1431 690 1634 726 advocatum
1654 691 1763 727 dedit:
1792 693 1846 738 qui
1867 702 1964 726 caus-

181 738 246 772 sam
265 736 309 770 ita
326 734 458 779 strenue
472 735 560 780 egit,
591 745 625 769 ut
646 746 728 770 unus
750 735 901 771 Reor-um
922 748 940 770 a
959 737 1100 772 Scahinis
1124 737 1291 772 absolutus
1310 736 1430 781 fuerit,
1459 739 1540 774 alter
1559 740 1708 775 exsulare
1729 741 1770 775 ad
1790 740 1964 775 biennium

180 794 308 820 tantum
321 782 444 829 juss‘us3
471 783 557 818 uude
573 794 695 829 magnit
716 784 805 819 sama
821 784 985 820 defensori
1003 795 1076 819 orta
1092 785 1149 819 est.
1718 831 1720 834 y

182 834 185 838 '
230 833 310 868 Nec
324 832 379 866 diu
394 830 521 866 fruetus
534 831 640 866 abfuit
659 833 809 867 laborum
833 832 870 867 &
892 833 1102 879 vigiliarum,
1133 844 1199 868 non
1220 832 1284 868 sola
1302 835 1486 880 opinione,
1514 837 1566 871 sed
1585 850 1619 873 re
1636 836 1801 873 constans.
1829 836 1961 873 Eodem

183 881 273 918 enim
291 880 392 915 Anno
408 879 584 915 millesimo
604 880 842 916 sexcentesimo
866 881 1110 928 septuagesimo
1128 882 1239 926 primo
1253 909 1260 923 ,
1291 883 1454 930 vigesima
1479 886 1592 930 quinta
1610 887 1663 920 die
1693 887 1870 922 Decembris
1883 914 1891 930 ,
1918 892 1962 920 eit

179 932 318 967 decreto
334 928 587 975 Neomagenfiimz
608 929 804 964 Antecessor
821 930 907 974 Juris
928 931 959 965 in
981 931 1166 965 Academia
1187 930 1291 974 pati-ia
1309 941 1462 975 creatus,
1487 934 1622 981 Collega
1640 935 1735 970 datus
1757 934 1806 970 est
1827 934 1873 970 Cl.
1901 935 1961 970 Pe-

179 988 226 1015 tro
243 980 276 1014 de
293 979 410 1020 Greve,
438 977 531 1023 cujus
552 978 638 1012 haud
654 978 696 1013 ita
714 979 843 1024 pridem
857 1005 866 1020 ,
896 989 929 1013 ut
952 979 1120 1022 vidimus,
1148 978 1339 1024 Discipulos
1359 980 1477 1015 fuerat.
1799 998 1802 1000 >

228 1026 319 1070 Sic,
344 1037 431 1062 anno
454 1025 557 1061 aetatis
585 1028 696 1071 paullo
725 1029 806 1062 ultra
836 1026 1037 1073 vigesimum
1058 1036 1212 1073 quartum
1228 1051 1237 1067 ‚
1268 1028 1392 1072 publici
1417 1029 1502 1072 juris
1526 1029 1688 1066 Doctoris
1712 1032 1842 1067 muneri
1864 1031 1960 1077 fungi

176 1076 315 1122 incepit.
367 1074 447 1110 Nec
470 1075 556 1109 aliud
573 1076 686 1110 deerat
712 1077 751 1110 ad
775 1074 902 1110 famam
930 1075 1027 1110 latius
1044 1075 1311 1118 extendendam,
1341 1087 1441 1122 quam
1469 1088 1503 1112 ut
1523 1079 1647 1124 scripto
1672 1082 1782 1128 aliquo
1800 1082 1832 1115 in
1853 1081 1962 1126 publi·

179 1136 258 1161 cum
279 1124 372 1159 edito
388 1122 612 1158 eruditionem
634 1123 671 1159 ἃ
695 1123 891 1160 industriam
921 1124 1011 1159 suam
1037 1125 1193 1160 omnibus
1216 1134 1329 1158 notam
1361 1123 1518 1161 faceres*
1551 1128 1720 1164 festinare
1750 1140 1862 1164 tamen
1890 1141 1961 1164 non

177 1173 326 1218 placuit:
353 1172 508 1217 quamvis
528 1171 593 1216 jam
614 1181 684 1206 tum
705 1173 840 1218 prodire
858 1174 1024 1219 potuerit,
1052 1172 1097 1207 ita
1120 1183 1238 1208 utnon
1257 1174 1444 1218 poeniteret.
1498 1175 1599 1210 Anno
1623 1177 1758 1212 demum
1782 1177 1959 1214 millesimo

178 1219 421 1259 sexcentesimo
445 1219 690 1266 septuagesimo
719 1231 855 1267 quarto,
886 1222 983 1267 Opus
1007 1222 1098 1257 mole
1119 1222 1279 1269 exiguum
1296 1248 1306 1265 ‚
1342 1221 1395 1257 sed
1420 1223 1582 1260 varietate
1605 1224 1642 1260 ἃ
1669 1227 1820 1270 pondere
1846 1237 1959 1262 rerum

176 1281 299 1318 grave,
328 1269 415 1315 typis
432 1268 581 1314 permisit
598 1270 848 1305 excudendum.

227 1318 403 1362 Inscriptio
420 1326 510 1352 erat:
540 1317 756 1353 GERARDI
776 1319 974 1363 NOODT,
1004 1319 1227 1366 Jurisconsulti
1243 1319 1284 1360 &³
1299 1322 1514 1369 Λητσσσθόνὶς,
1537 1322 1743 1359 Probabilium
1761 1324 1855 1369 Juris
1875 1324 1957 1358 Civi-

176 1369 214 1403 lis
233 1368 325 1401 Liber
342 1367 474 1401 Primus.
506 1366 582 1416 Qua
600 1366 692 1412 spem
712 1369 822 1413 palam
841 1368 987 1404 faciebat
1006 1369 1148 1404 aliorum
1173 1369 1322 1416 ejusdem
1340 1371 1472 1416 generis
1492 1371 1672 1406 Librorum
1689 1372 1955 1418 sequuturorum.

175 1417 217 1452 Et
235 1416 310 1451 sane
328 1415 374 1450 ita
388 1414 500 1461 operis
521 1425 636 1451 natura
653 1416 807 1459 ferebat,
838 1419 964 1464 quippe
982 1418 1072 1464 quod
1095 1429 1163 1452 non
1184 1430 1251 1452 uno
1272 1431 1469 1465 argumento
1494 1420 1783 1466 circumscriptum
1797 1447 1805 1463 ,
1834 1421 1957 1455 Obser-

174 1466 328 1500 vationes
357 1463 562 1509 promiscuas
580 1464 762 1501 exhibebat
789 1467 831 1501 de
851 1467 1016 1501 nonnullis
1033 1466 1120 1513 Juris
1139 1463 1255 1502 Civilis
1281 1468 1467 1513 capitibus,
1504 1469 1539 1502 ἃ
1563 1469 1692 1504 ratione
1714 1469 1824 1504 varias
1847 1471 1955 1516 Leges

171 1512 426 1558 interpretandi,
455 1522 511 1547 aut
527 1514 739 1549 emendandi.
767 1515 895 1550 Primus
912 1515 964 1550 ille
982 1515 1103 1556 Liber,
1132 1515 1187 1562 qui
1211 1517 1392 1551 duodecim
1409 1517 1573 1563 capitibus
1602 1517 1855 1562 absolvebatur,
1876 1530 1956 1564 pro-

169 1561 232 1597 diit
256 1562 400 1608 Lugduni
413 1561 624 1605 Batavorum,
654 1574 697 1597 ex
716 1562 852 1598 officina
875 1564 984 1598 Felicis
1006 1564 1121 1610 Lopez.

216 1610 268 1645 Ex
288 1622 329 1645 eo
345 1610 526 1655 specimine
543 1610 756 1646 manifestum
774 1611 898 1655 fiebat,
926 1623 1026 1658 quam
1046 1614 1139 1648 viam
1164 1612 1290 1648 Noster
1318 1614 1349 1649 in
1370 1613 1543 1650 trastanda
1564 1625 1635 1651 arte
1660 1615 1712 1651 sua
1738 1614 1906 1662 elegisset,
1933 1627 1954 1651 e

169 1659 280 1694 multis
297 1658 425 1702 obviis,
451 1670 593 1705 quarum
611 1660 750 1707 quisque
773 1661 862 1696 hanc
884 1661 937 1696 vel
963 1661 1054 1696 illam
1082 1662 1227 1707 sequitur
1258 1674 1319 1708 pro
1346 1663 1502 1711 ingenio,
1536 1673 1592 1699 aut
1619 1664 1676 1700 usu
1698 1675 1798 1710 quem
1824 1663 1881 1698 fibi
1909 1675 1954 1700 ex

169 1707 287 1743 Studio
310 1707 584 1754 jurisprudentiae
607 1708 734 1755 quaerit.
789 1710 875 1759 Quae
901 1709 1032 1745 Nostro
1062 1710 1209 1757 placuit,
1251 1723 1290 1746 ea
1320 1723 1384 1747 nec
1414 1712 1562 1758 vulgaris
1589 1711 1638 1747 est
1657 1740 1666 1755 ,
1699 1724 1761 1749 nec
1791 1723 1954 1759 umquam

166 1756 250 1792 fuit:
277 1755 314 1791 δι
333 1755 431 1791 valde
446 1766 578 1798 metuo,
607 1768 650 1792 ne
669 1769 828 1804 umquam
851 1758 963 1793 futura
981 1759 1029 1794 sit,
1081 1759 1250 1794 Innumeri
1278 1772 1320 1795 ex
1344 1761 1439 1796 omni
1464 1771 1565 1808 gente
1593 1761 1777 1804 Dotiores,
1804 1761 1953 1797 subsidiis

168 1804 357 1839 necess'ariis
384 1805 422 1839 ad
449 1805 735 1849 interpretandum
768 1807 833 1851 Jzis
856 1807 1032 1842 Romanum
1059 1807 1222 1850 destituti,
1258 1818 1313 1842 aut
1335 1821 1374 1843 ea
1403 1810 1504 1844 etiam
1534 1810 1649 1854 inepte
1679 1811 1887 1857 negligentes
1913 1809 1953 1845 ἃ.

169 1861 445 1893 contemnentes,
474 1852 582 1896 specie
606 1855 769 1897 aequitatis
794 1855 993 1888 inducendae
1008 1864 1064 1888 aut
1083 1855 1151 1888 usui
1172 1856 1344 1896 locorum,
1374 1857 1407 1889 in
1427 1856 1545 1901 quibus
1563 1858 1670 1902 Leges
1696 1859 1885 1902 Romanae,
1911 1857 1953 1892 fi-

168 1901 310 1936 lentibus
330 1900 464 1944 patriis,
493 1899 602 1934 adhuc
622 1902 758 1947 vigent,
789 1901 975 1940 serviendi,
1001 1902 1303 1946 Jurisprtidentiam
1328 1912 1480 1937 veterem
1499 1904 1692 1938 immaniter
1714 1905 1950 1942 deformamur

167 1948 204 1984 ἃ
221 1957 451 1992 corruperunt.
503 1948 554 1983 Ex
573 1948 634 1982 illis
655 1949 707 1983 alii
727 1950 821 1994 plus,
849 1949 902 1983 alii
927 1948 1065 1989 minus,
1087 1959 1205 1983 omnes
1232 1951 1313 1984 ultra
1337 1962 1436 1996 quam
1458 1950 1578 1992 decet,
1614 1952 1799 1989 barbariem
1827 1966 1951 2002 propa-

167 2007 266 2044 gant,
295 2007 350 2031 aut
371 2003 559 2038 renovant,
589 2006 724 2031 aetatum
750 1997 957 2042 superiorum
980 1997 1012 2031 in
1035 1997 1162 2032 summa
1178 1999 1331 2033 barbarie
1357 1998 1393 2034 ὃς
1420 1999 1566 2034 tenebris
1592 1999 1794 2046 positarum,
1829 2003 1948 2050 quibus

166 2045 452 2091 jurisprudentia,
480 2045 637 2091 exemplo
664 2045 867 2092 Theologiae
887 2044 923 2080 δι
943 2044 1184 2092 Philosophiae,
1214 2046 1363 2082 sordibus
1385 2046 1601 2084 Scholasticis
1622 2050 1842 2094 conspurcata
1868 2051 1948 2096 fuit,

169 2093 206 2130 δε
222 2094 369 2141 plurimis
386 2093 559 2139 permixtis
583 2105 623 2128 ac
641 2094 852 2129 coacervatis
871 2094 1199 2138 interpretationibus
1216 2094 1321 2137 falsis,
1347 2096 1650 2143 additamentisque
1673 2097 1820 2144 fictitiis,
1848 2101 1949 2136 obru-

171 2152 206 2177 ta
221 2141 310 2188 quasi
334 2141 369 2177 <3c
395 2142 528 2186 sepulta.
581 2142 639 2177 Ne
662 2143 716 2179 tali
739 2142 836 2177 se6tae
859 2142 1064 2185 accederet,
1093 2145 1177 2178 bene
1203 2144 1350 2179 munitus
1373 2155 1413 2179 ac
1441 2155 1529 2180 tutus
1552 2156 1623 2181 erat
1647 2146 1797 2191 Noster,
1832 2161 1949 2185 amore

171 2191 371 2225 Litterarum
392 2191 665 2234 Humaniorum,
698 2190 734 2226 ἅ
759 2191 874 2226 studiis
900 2191 1143 2236 philosophicis
1174 2203 1213 2226 ac
1239 2193 1453 2236 Matheseos,
1488 2194 1609 2241 quibus
1634 2195 1779 2231 imbutus
1814 2198 1945 2241 fuerat,

170 2250 334 2285 quantum
358 2239 430 2274 satis
453 2239 500 2274 est
525 2241 565 2274 ad
589 2240 752 2284 judicium
779 2239 869 2275 redste
890 2238 1122 2282 formandum,
1150 2240 1185 2275 ἃ
1207 2251 1276 2276 arte
1296 2253 1335 2276 ac
1362 2241 1416 2276 via
1440 2243 1471 2277 in
1495 2243 1653 2278 omnibus
1680 2247 1944 2288 procedendum.

172 2288 382 2332 Discipulum
406 2288 435 2322 se
457 2290 567 2334 magni
595 2289 772 2335 CUJACH
798 2287 961 2335 prosess'us
990 2288 1063 2330 est,
1103 2289 1311 2335 aliorumque
1340 2291 1653 2336 Jurisconsultorurn
1679 2293 1775 2340 hujus
1802 2297 1945 2333 ordinis:

173 2347 314 2381 quorum
333 2335 479 2381 vestigiis
496 2349 537 2371 eo
552 2336 681 2372 felicius
700 2337 846 2372 insistere
866 2347 1014 2383 poterat,
1040 2339 1126 2383 quod
1146 2337 1281 2373 subsidia
1301 2350 1367 2373 non
1388 2349 1518 2385 pauca,
1545 2340 1677 2375 illorum
1707 2352 1863 2388 tempore
1887 2347 1947 2381 de-

173 2385 342 2428 ficientia,
370 2396 460 2419 nunc
483 2385 517 2420 in
541 2397 699 2431 promptu
728 2385 840 2421 effent.
901 2386 1201 2421 Animadvertebar
1219 2414 1228 2429 ,
1265 2387 1387 2422 multas
1413 2388 1521 2422 adhuc
1553 2388 1691 2424 silebras
1716 2390 1878 2436 superesse
1911 2396 1946 2431 in

172 2432 267 2468 vasto
286 2433 558 2478 Jurispiudentiae
576 2434 742 2469 Romanae
764 2435 898 2477 itinere,
928 2435 1067 2481 plurima
1086 2436 1158 2469 loca
1176 2434 1299 2470 inculta
1319 2447 1327 2471 ε
1355 2437 1497 2481 pulchro
1513 2436 1674 2472 desiderio
1690 2439 1797 2475 [attus
1822 2441 1871 2477 est
1890 2456 1948 2479 ex-

173 2480 322 2527 periendi
339 2482 426 2516 vires
452 2482 521 2517 suas
537 2510 545 2524 ‚
574 2482 596 2516 fi
618 2495 681 2529 qua
705 2481 811 2529 poss'et
838 2483 928 2524 aliis,
969 2495 1027 2529 per
1052 2484 1082 2518 se
1108 2495 1173 2517 non
1199 2484 1271 2519 satis
1293 2485 1425 2529 peritis,
1453 2485 1589 2530 copiam
1618 2485 1730 2523 facere
1753 2489 1944 2538 judicandi,

172 2540 281 2565 Utrum
297 2530 363 2574 ipsa
382 2531 483 2565 verba
506 2541 656 2566 veterum
682 2533 888 2566 Prudentum
913 2531 1143 2576 explicentur,
1171 2532 1209 2567 ὁὶ
1239 2534 1278 2567 ad
1302 2533 1428 2577 species
1449 2544 1662 2569 occurrentes
1685 2546 1868 2581 aptentur3
1903 2545 1946 2577 cie

173 2591 238 2626 quo
259 2589 351 2614 certe
375 2589 453 2613 ante
471 2581 583 2614 omnia
608 2579 759 2615 constare
773 2581 882 2615 debet.
936 2580 1000 2614 Sed
1019 2580 1076 2621 ἃ,
1103 2582 1180 2614 dum
1207 2580 1283 2626 ipsis
1311 2582 1406 2616 rebus
1428 2583 1670 2625 eruditionem,
1692 2585 1879 2631 judicium,
1907 2591 1945 2626 (ἵε

171 2633 314 2662 acumen
329 2626 484 2662 Austoris
505 2629 603 2662 Liber
620 2629 747 2672 primus
766 2629 974 2664 'Probabiliiim
991 2628 1200 2671 ostenderet,
1227 2640 1269 2664 ex
1286 2629 1353 2663 solo
1366 2631 1464 2665 titulo
1485 2630 1646 2666 modestia
1663 2633 1735 2679 ejus
1754 2635 1944 2680 adparebat.

171 2676 325 2722 Cogitata
348 2677 435 2710 enim
468 2677 522 2711 sua
539 2676 666 2711 Noster
690 2689 757 2712 non
785 2689 846 2723 pro
864 2678 1004 2711 totidem
1032 2678 1196 2718 oraculis,
1230 2680 1319 2723 quod
1338 2690 1404 2714 nori
1430 2680 1527 2726 pauci
1555 2680 1704 2725 faciunt,
1732 2684 1944 2723 venditabat:

169 2724 380 2770 ¹conjediizuras
403 2735 552 2767 tantum,
579 2725 864 2761 verisimilitudine
891 2726 996 2770 aliqua
1023 2725 1087 2761 sese
1117 2727 1416 2770 commendantes,
1453 2728 1688 2773 promittebat3
1716 2734 1870 2776 quamvis
1896 2737 1946 2769 iii,

174 2780 221 2806 ter
237 2772 306 2807 illas
330 2784 397 2807 non
414 2772 576 2815 deefl‘ent,
604 2785 676 2819 quae
695 2775 783 2809 foi-te
797 2773 1090 2809 demonstrationis
1110 2775 1265 2816 nomine,
1293 2787 1452 2820 quantum
1478 2776 1541 2811 fert
1566 2778 1652 2811 ratio
1676 2779 1765 2814 Artis
1788 2781 1941 2826 Criticre,

176 2821 289 2855 venire
306 2821 445 2866 possent.
499 2823 785 2868 Idemjudicium,
813 2824 931 2857 eadem
949 2823 1123 2868 sapientia,
1152 2823 1258 2869 magis
1279 2824 1453 2872 magisque
1468 2825 1616 2860 enituere
1640 2826 1671 2861 in
1699 2829 1854 2864 omnibus
1876 2831 1945 2866 aliis

178 2866 322 2912 ejusdem
347 2870 477 2915 generis
493 2870 640 2915 scriptis,
669 2873 708 2905 ab
725 2884 766 2906 eo
785 2871 900 2914 postea
916 2872 1104 2916 publicatis.

223 2914 334 2950 DUM
353 2918 528 2953 haberetur
545 2920 684 2954 celebris
702 2920 756 2955 ille
775 2920 944 2954 (biiveiztns
962 2920 1180 2967 Neoiiiageiifis
1197 2921 1238 2956 de
1259 2922 1343 2956 Pace
1358 2921 1484 2968 agenda
1496 2948 1504 2963 ,
1534 2923 1643 2968 potuit
1661 2922 1787 2958 Noster
1805 2924 1868 2959 hac
1887 2938 1945 2962 oc·-

177 2961 311 2997 casione
329 2968 544 3010 cognoscere,
567 2969 679 3013 quanti
701 2968 796 3004 fieret
813 2969 883 3014 ejus
897 2969 1040 3004 eruditio
1059 2968 1095 3003 &
1112 2969 1270 3005 industria
1292 2969 1374 3004 ultra
1395 2971 1533 3014 patriam
1546 2998 1554 3014 ,
1568 2970 1602 3005 ἃ
1622 2981 1728 3006 totum
1755 2973 1854 3007 etiarn
1874 2976 1943 3010 Bel.

176 3012 261 3056 gium
291 3011 487 3048 Foederatzim.
539 3016 627 3052 Inter
654 3017 796 3062 Legatos
826 3017 994 3052 variorum
1022 3018 1238 3063 Principum,
1276 3020 1428 3064 Neomagz'
1459 3028 1530 3054 erat
1561 3020 1626 3053 Vir
1648 3019 1945 3060 Excellentisfinius

177 3059 457 3094 WERNERUS
483 3062 778 3100 WiLHELviUS
808 3064 1053 3099 izi,iiiiSPiEL
1069 3095 1078 3109 ‚
1104 3066 1347 3102 asereniffimo
1364 3067 1398 3100 ἃ
1431 3066 1658 3102 potentissimo
1684 3068 1822 3104 Elestore
1845 3072 1946 3108 Bran-

177 3108 355 3153 denhizrgico
382 3109 636 3147 FRIDERICO
669 3114 943 3148 WiiiHELMO
968 3125 1044 3148 cum
1076 3115 1173 3159 plena
1196 3114 1358 3161 potestate
1387 3114 1511 3150 missus,
1562 3115 1619 3149 llle
1637 3142 1646 3157 ,
1680 3117 1792 3152 mense
1820 3120 1947 3156 octobr-z·

177 3155 267 3238 Anzpi
284 3156 446 3240 mii-iseum
474 3158 701 3198 sexcentesimi
724 3161 955 3210 septuagesimi
978 3163 1120 3210 septimi,
1146 3165 1281 3200 nomine
1304 3162 1442 3200 Consilii
1465 3175 1567 3210 penes
1591 3164 1678 3211 quod
1702 3166 1944 3204 administratio

252 3216 309 3241 om.
356 3231 364 3239 .
547 3217 550 3219 ’
1373 3212 1389 3223 ⁵⁸
1415 3223 1434 3245 ,Z
1895 3230 1943 3252 (gg-0
