2036 3495
161 90 231 133 342

171 183 205 206 re
235 179 302 206 tum
331 171 368 204 fit
390 174 590 202 conventum
608 187 618 202 ‚
650 166 725 196 cuni
748 163 892 196 nondum
916 161 995 195 ess'et
1015 163 1047 195 in

169 216 265 247 bonis
282 214 367 254 ejus,
393 210 448 242 etii
465 210 495 240 in
521 205 568 236 his
582 205 701 244 postea
718 204 781 236 effe
801 203 979 246 inceperit,
1002 204 1048 236 id-

169 266 278 294 eoque
292 252 443 286 creditori
459 258 501 279 eo
512 248 644 278 nomine
660 247 758 277 etiarn
775 254 872 287 negat
887 245 1049 279 actionem

171 297 362 328 ordinariam
374 315 384 330 ‚
400 291 431 322 id
452 288 517 326 est,
536 286 689 332 directam
701 287 992 328 hypothecariam,
1008 295 1050 319 ex

170 336 276 369 Edisti
294 335 412 366 verbis:
426 338 490 362 non
509 329 687 373 exigentis,
701 337 814 370 pignus
836 329 868 361 in
884 329 979 360 bonis
995 329 1051 361 de.

171 379 283 410 bitoris
299 373 379 410 effe,
401 378 516 412 agente
530 370 709 402 creditore:
727 370 779 402 sed
792 370 856 411 J‘ani
871 377 939 402 tum
949 392 959 409 ,
973 379 1048 402 cum

171 421 212 451 de
235 427 276 449 eo
302 414 531 446 conveniretur
547 432 557 450 ‚
589 412 620 443 in
648 411 744 444 bonis
765 410 867 443 fuiss'e.
900 412 990 452 qued
1016 412 1048 443 iti

171 456 341 500 proposito
363 462 430 486 non
455 452 512 485 est.
545 453 653 485 Altera
684 452 838 494 Rescripti
863 461 935 493 pars
960 453 1048 491 vult;

195 499 258 531 uod
277 504 311 529 ut
326 495 503 532 ordinaria,
527 495 559 526 id
574 493 637 532 est,
661 494 779 526 directa
794 493 878 525 aelio
894 495 1049 526 creditori

168 510 212 574 sic
237 539 321 571 nulla
348 545 534 578 competat,
558 535 773 568 resistentibus
796 534 898 567 Editti
923 536 1047 567 verbis:

170 590 278 613 tamen
302 579 436 619 aequitas
460 576 558 613 facit,
589 584 624 608 ut
656 575 749 609 facile
773 575 860 609 utilis
885 578 980 608 detur
1005 586 1047 608 ex

170 621 278 655 EdiCti
301 620 477 653 sententia:
500 627 692 659 quamquam
715 627 776 651 nec
792 617 847 650 ista
861 616 1047 658 simpliciter

168 673 267 705 atque
283 661 473 694 indistinete.
497 660 666 700 quomodo
685 658 808 701 igitur?
830 659 984 699 exemplo
1002 658 1049 700 pi-

166 704 344 746 gnoratitiae
366 701 518 734 aetionis:
542 701 575 732 id
599 698 664 738 est,
687 709 722 732 ut
744 710 807 742 ego
828 700 1050 740 interpretor,

168 746 323 787 exemplo
340 744 471 776 aetionis
488 742 700 783 pigneratitiae
718 742 899 773 contrariae.
915 751 952 772 ea
967 750 1048 773 vei-o

167 787 304 820 clausula
323 785 513 821 denunciat,
536 792 571 813 re
596 782 699 814 aliena
722 782 848 824 pignori
871 782 1012 824 obligata
1028 791 1047 814 a

165 838 236 862 non
261 828 396 861 domino
419 826 471 856 cui
494 823 670 856 dominium
693 823 804 864 postea
825 824 1045 865 superveniat:

166 871 304 903 multum
321 867 461 904 referre,
485 874 592 897 utrum
618 864 730 897 scienti
755 865 897 907 obligata
920 864 976 904 fit,
1006 874 1045 896 an

165 910 344 953 ignoranti:
368 907 475 949 priore
491 907 576 939 enim
593 906 663 938 casu
687 905 806 939 ceffare
824 907 934 939 utilem
950 907 1049 938 astio-

166 962 244 986 nem
265 951 468 984 Setvianarn:
497 946 675 989 posteriore
694 957 760 980 non
781 947 899 980 cess'are
916 958 927 986 ;
950 948 1046 988 aequi-

168 1003 236 1026 tate
253 1001 324 1024 eam
341 991 517 1023 inducente
531 990 571 1021 ad
586 987 774 1028 exemplum
793 988 962 1021 contrariae
979 990 1049 1030 pig·

169 1035 328 1068 neratitiae
345 1032 481 1064 actionis
493 1054 502 1070 ‚
527 1031 622 1063 talem
640 1030 878 1063 distinctionem
893 1031 924 1063 in
942 1031 1050 1071 perso·

170 1087 210 1110 na
220 1075 387 1108 creditoris
397 1072 564 1106 manifeste
574 1071 771 1104 observantis
781 1095 791 1111 ‚
802 1072 932 1104 auctore
948 1071 1048 1103 Paulo

173 1120 194 1150 l.
221 1122 266 1149 16.
294 1116 324 1159 §.
353 1125 376 1147 i.
404 1114 444 1147 D..
463 1116 497 1159 de
515 1117 595 1156 pigri.
618 1113 675 1145 ati.
697 1112 740 1145 At
755 1115 842 1146 enirn
858 1113 1049 1154 Papinianus

172 1161 192 1191 l.
213 1169 239 1191 i.
257 1158 299 1190 D.
318 1161 344 1189 h.
361 1163 383 1188 t.
407 1157 449 1188 iic
466 1155 554 1188 infit:
581 1155 618 1187 In
640 1156 758 1192 tpeciem
780 1161 876 1187 autem
895 1155 993 1186 alieriae
1008 1155 1050 1185 rei

171 1201 277 1233 collata
291 1198 498 1233 conventione,
516 1194 612 1238 pallea
632 1197 752 1228 debitori
774 1198 896 1228 dominio
913 1194 1028 1237 quaefito
1040 1218 1050 1233 ‚

173 1241 322 1283 difficilius
339 1239 471 1272 creditori
484 1240 535 1280 qui
550 1248 607 1269 non
623 1238 773 1279 ignoravit
800 1237 945 1275 alienum,
968 1236 1051 1268 utilis

171 1284 249 1315 ιιὲῖἱο
272 1283 390 1314 dabitur
399 1291 409 1318 3
430 1281 486 1320 sed
504 1279 625 1318 facilior
665 1281 719 1310 erit
747 1277 897 1320 poffidenti
920 1280 1049 1310 retentio.

173 1324 283 1358 Novi:
300 1322 420 1355 &hanc
430 1319 583 1361 loquendi
593 1319 749 1358 formam,
768 1319 928 1362 Difficilius
936 1320 1055 1352 dabitur

174 1367 257 1399 utilis
266 1364 359 1403 actio,
374 1362 479 1395 fraudi
490 1361 552 1394 effe
570 1360 765 1394 Doctiffimis
781 1362 940 1402 plerisque
959 1362 1053 1394 Viris.

176 1408 241 1440 Sed
265 1403 524 1448 persuasissimum
551 1402 677 1441 habeo,
702 1413 739 1434 ea
761 1403 919 1435 contineri
945 1402 1055 1435 mode·

175 1449 254 1483 stain
270 1447 473 1488 negationem
491 1444 727 1485 jurisconsultis
737 1454 843 1485 neque
857 1444 1032 1476 inusitatam
1043 1467 1053 1483 ‚

174 1499 284 1531 neque
308 1489 514 1524 indecoram,
537 1494 575 1516 ac
600 1485 735 1525 proinde
755 1485 796 1517 sic
813 1485 1052 1526 accipiendam,

178 1530 265 1573 quasi
282 1530 367 1561 dicat
393 1526 605 1567 Papinianus;
627 1525 658 1557 Si
683 1527 811 1558 debitor
834 1536 899 1559 rem
918 1527 1053 1559 alienam

175 1570 305 1619 pignori
323 1568 389 1601 obli
415 1568 481 1600 avit
497 1568 650 1599 creditori
660 1576 724 1599 non
742 1568 901 1609 ignoranti
919 1569 1053 1600 alienam

176 1614 262 1650 esse,
286 1612 317 1643 &
338 1620 381 1651 po
410 1618 447 1641 ea
472 1609 651 1641 dominium
673 1609 813 1641 debitori
835 1609 1053 1649 superveniat,

178 1655 265 1689 nulla
282 1651 435 1685 creditori
458 1651 583 1682 dabitur
607 1651 692 1683 utilis
715 1651 809 1682 actio.
836 1651 911 1683 Huc
928 1652 973 1683 ire
989 1651 1054 1682 vim

179 1705 277 1737 atque
295 1693 382 1725 nsum
400 1692 467 1732 eius
493 1692 667 1724 locutionis
693 1692 723 1724 ἁ
750 1691 803 1723 hic
821 1693 851 1724 dt
867 1693 939 1724 alibi
957 1692 1054 1732 iiepe,

178 1736 322 1780 pluribus
347 1733 535 1766 testimoniis
558 1733 692 1774 probavi
716 1744 740 1765 c.
776 1743 821 1766 12.
848 1733 895 1765 lib.
917 1732 994 1775 sing.
1022 1735 1056 1764 de

173 1781 267 1822 form.
294 1776 464 1809 emendanti.
489 1775 546 1807 dol.
570 1774 639 1806 mal.
662 1784 733 1815 quae
756 1774 809 1806 hic
832 1783 898 1806 non
921 1782 1056 1816 repeto;

180 1830 255 1854 cum
278 1818 395 1861 poffint
418 1816 485 1849 illic
517 1815 629 1848 videri.
657 1816 769 1848 Solum
793 1816 936 1856 adjiciam
953 1838 963 1854 ‚
995 1825 1057 1847 nec

178 1863 398 1904 supervacuo,
421 1858 513 1899 quod
529 1856 596 1890 illic
622 1856 731 1896 omisi,
754 1857 960 1898 Papinianum
976 1858 1006 1889 in
1026 1858 1055 1889 d.

179 1905 202 1937 1.
219 1913 245 1937 1.
263 1901 374 1934 scienti
389 1900 540 1933 creditori
556 1898 668 1931 utilem
686 1898 816 1939 quidem
832 1908 948 1940 negare
962 1899 1059 1930 aclio-

179 1955 258 1979 nern
271 1943 310 1977 ad
325 1941 553 1984 adquirendam
569 1938 795 1981 poffesfionem
813 1949 908 1982 quarn
924 1949 989 1972 non
1005 1940 1059 1972 ha-

180 1988 275 2021 beat·
296 1992 408 2017 verum
424 1981 596 2026 poffidenti
613 1981 820 2015 nihilominus
831 1982 1061 2023 exceptionem

180 2027 266 2072 {usta
287 2026 414 2059 ratione
446 2023 704 2057 accommodare.
734 2032 808 2056 nam
829 2031 865 2056 ut
890 2022 1060 2055 consensus

184 2068 344 2104 debitoris
362 2067 403 2100 de
421 2076 456 2111 re
471 2066 574 2098 aliena
598 2065 722 2107 pignori
739 2064 886 2097 habenda
907 2065 1061 2098 creditori

183 2112 242 2154 qui
257 2111 324 2152 ejus
340 2115 521 2141 retentione
543 2107 576 2140 in
600 2106 827 2139 contrahendo
849 2105 912 2138 fuit
928 2114 1063 2139 conten-

183 2161 238 2187 tus
250 2177 261 2193 ‚
285 2151 325 2184 ad
341 2150 501 2183 actionem
518 2158 584 2181 non
617 2147 710 2182 rofit:
727 2158 752 2180 ae
778 2157 852 2181 uum
869 2156 977 2180 tamen
996 2146 1062 2187 est,

184 2194 370 2230 debitorem
385 2191 485 2228 fidem
502 2190 582 2233 pacti
607 2199 738 2230 ervare;
803 2190 943 2231 alioquin
960 2195 978 2221 a
994 2198 1064 2221 cre·

185 2237 294 2270 <litore
310 2232 506 2275 exceptione
531 2230 597 2263 doli
618 2230 691 2264 maii
708 2231 820 2273 repelli
843 2231 863 2263 1.
884 2240 908 2263 i.
924 2230 955 2273 §.
973 2239 1001 2263 1.
1020 2230 1062 2262 D.

187 2280 220 2310 de
234 2281 343 2316 except.
361 2275 417 2308 dol.
442 2273 510 2307 mal.
531 2271 603 2306 Nifi
622 2272 676 2305 vel
699 2272 751 2304 hic
767 2272 946 2312 scrupulum
964 2271 1064 2313 injicit

187 2318 391 2352 Modestinus
407 2316 427 2349 1.
447 2324 497 2357 25.
513 2314 555 2348 D.
571 2315 599 2347 h.
615 2320 638 2346 t.
653 2313 695 2346 fic
710 2313 866 2346 scribens:
882 2313 956 2346 Cum
965 2312 1065 2353 vitiose

189 2361 238 2392 vel
259 2359 405 2392 inutiliter
422 2362 589 2390 contractus
607 2357 738 2398 pignoris
758 2356 918 2387 intercedat
935 2378 945 2394 ,
972 2361 1065 2387 reten-

189 2402 264 2434 tioni
277 2402 354 2433 locus
368 2410 425 2433 non
440 2397 488 2441 eft.
512 2398 574 2431 Sed
591 2398 773 2436 videamus,
789 2406 830 2430 ne
845 2397 941 2429 alium
957 2396 1063 2429 casuin

190 2450 288 2484 quain
305 2442 489 2483 praesentem
501 2463 511 2478 ‚
534 2440 566 2472 in
588 2439 691 2472 oculis
713 2438 830 2471 habeat
847 2437 1062 2470 Modestinus.

192 2492 257 2525 ogo
276 2484 351 2515 mihi
367 2483 409 2516 fic
427 2481 621 2524 persuadeo:
645 2479 692 2513 est
713 2480 798 2513 enim
816 2479 882 2520 ejus
899 2479 1003 2511 sermo
1020 2479 1062 2511 de

190 2524 357 2558 eontracru
373 2523 577 2566 pigneratitio
598 2521 712 2554 vitiose
734 2521 788 2553 vel
811 2521 965 2554 inutiliter
980 2521 1065 2553 cele-

191 2567 299 2599 brato.
316 2567 429 2598 vitiose
446 2573 553 2598 autem
566 2571 621 2596 aut
637 2563 793 2596 inutiliter
809 2571 873 2594 non
892 2563 1065 2595 intercedit

191 2608 248 2641 ille
263 2607 461 2646 contractus,
483 2615 556 2638 cuin
582 2615 632 2638 res
654 2605 755 2637 aliena
770 2602 816 2636 est
831 2604 903 2636 data
920 2603 1065 2645 pignoris

193 2649 287 2682 loco:
310 2647 409 2692 modo
431 2647 467 2679 fit
491 2647 666 2688 principale
692 2644 856 2683 debitum,
880 2645 910 2676 δι
931 2654 980 2677 res
1005 2654 1066 2686 pro

193 2700 237 2724 eo
253 2688 378 2730 pignori
387 2688 458 2719 data
471 2697 534 2720 non
551 2688 587 2720 sit
596 2696 686 2721 extra
696 2686 945 2725 commercium,
963 2685 1066 2723 sacra,

192 2730 284 2765 verbi
310 2729 429 2771 gratia,
450 2729 502 2760 vel
519 2728 593 2762 fisci.
615 2730 702 2763 valet
725 2729 820 2771 igitur
843 2729 926 2760 inter
941 2727 1068 2759 debito-

193 2782 266 2806 rem
282 2771 310 2803 &
328 2769 544 2813 creditorem,
566 2770 714 2812 interque
734 2780 791 2803 eos
809 2768 891 2811 parit
905 2768 1069 2801 astionem

194 2813 347 2848 directam
358 2811 387 2844 ἃ
396 2817 584 2843 contrariam
594 2822 603 2849 ·,
612 2813 689 2852 quid
698 2811 730 2845 ni
743 2811 971 2852 exceptionem
981 2811 997 2844 ?
1018 2809 1073 2843 sed

195 2857 288 2889 aliter
305 2853 350 2886 est
376 2862 411 2884 re
435 2851 519 2884 sacra
542 2859 601 2895 pro
623 2854 734 2886 debito
750 2853 876 2895 pignori
895 2853 978 2885 data.
1001 2859 1070 2884 turn

197 2897 285 2931 enini
312 2892 424 2927 vitiose
447 2892 619 2929 intercedit
640 2894 692 2925 ille
715 2894 914 2927 contractus:
937 2894 1012 2935 quia
1029 2894 1071 2926 de

197 2949 234 2972 re
249 2938 333 2970 sacra
356 2934 525 2973 contrahi,
544 2933 635 2980 leges
663 2942 782 2978 vetant.
806 2935 883 2976 quid
903 2934 924 2968 fi
941 2935 1070 2976 pignori

200 2982 294 3012 detur
307 2988 376 3017 res,
399 2975 488 3009 nullo
504 2973 671 3021 princip-ali
690 2975 826 3009 debito?
848 2977 933 3009 nulla
949 2977 994 3009 est
1008 2977 1070 3017 jam

200 3021 296 3054 dandi
320 3017 428 3051 causa:
448 3016 603 3050 inutiliter
625 3021 722 3057 igitur
744 3017 844 3051 datur.
866 3017 908 3052 fic
923 3016 1067 3059 constat,

198 3062 329 3104 quando
346 3069 412 3093 non
430 3059 464 3092 sit
479 3057 652 3091 retentioni
669 3056 770 3089 locus.

240 3102 413 3144 intelligis,
437 3100 514 3142 quid
528 3098 705 3132 obtinuerit
720 3097 773 3129 usu
786 3097 879 3137 iuris,
899 3100 922 3132 fi
945 3110 979 3133 re
994 3102 1069 3134 alie.

199 3153 240 3177 na
256 3143 285 3184 pi
312 3144 381 3175 nori
397 3143 536 3184 obligata
552 3150 569 3172 a
580 3139 748 3179 debitore,
762 3138 807 3170 illi
825 3139 999 3173 dominium
1015 3143 1069 3174 de-

196 3186 273 3231 iride
304 3185 503 3226 uperveuiat.
526 3180 674 3228 Quaeris3
692 3190 732 3225 aa
746 3178 876 3222 idemus
884 3178 950 3218 lire
967 3182 1070 3227 ahena

586 72 1258 113 GnataniNoonr
1316 74 1534 112 Corin.

1090 172 1108 195 a
1125 163 1275 197 debitore
1291 165 1460 207 ignorante
1486 165 1619 198 domino
1635 165 1794 208 obligata,
1818 169 1965 202 dominus

1091 204 1198 246 postea
1222 205 1279 238 fiat
1303 206 1443 239 debitori
1468 206 1587 239 heres?
1618 207 1731 241 Paulus
1756 209 1775 240 l.
1798 218 1850 249 4¹-
1875 209 1914 241 D.
1934 217 1969 242 ae

1088 249 1238 288 pignorat.
1276 248 1334 281 αὲἶ.
1358 256 1455 290 negat
1470 259 1478 280 ι
1511 249 1562 281 sed
1591 250 1664 287 quia
1686 250 1820 282 obscure
1837 273 1846 289 ,
1877 260 1968 283 more

1093 287 1168 334 suo,
1198 291 1288 328 quod
1318 290 1444 322 necesse
1471 299 1537 322 erat
1557 313 1566 327 ,
1598 290 1685 322 hunc
1705 300 1837 331 quoque
1860 292 1968 325 Iocum

1093 328 1175 361 serio
1192 331 1361 370 explanavi
1387 333 1416 363 d.
1433 342 1456 363 c.
1479 341 1522 363 12.
1549 332 1596 362 lib.
1615 330 1688 373 fing.
1716 332 1760 363 De
1766 334 1859 373 form.
1876 342 1968 363 emen-

1095 372 1182 416 danti⁷
1200 372 1254 403 dol.
1276 373 1344 404 nial.
1364 372 1504 412 ideoque
1529 373 1638 404 licebit
1655 373 1732 404 mihi
1749 376 1780 405 in
1795 373 1962 414 praesentia

1092 420 1200 453 paucis
1232 413 1408 446 absolvere.
1440 414 1554 447 Versus
1587 415 1706 455 primus
1731 415 1774 446 ita
1798 416 1828 446 se
1852 416 1968 446 habet:

1097 453 1171 498 Rem
1202 453 1326 486 alienam
1344 457 1462 497 pignori
1491 454 1601 495 dedisti.
1638 456 1739 486 deinde
1769 457 1898 487 dominus
1922 459 1969 487 rei

1093 494 1144 534 effe
1166 493 1286 535 coepz'fli:
1309 497 1398 528 datur
1411 497 1493 528 utilis
1513 498 1587 528 aerio
1611 498 1799 538 pigneratitia
1821 499 1964 529 creditori.

1093 536 1176 568 Cum
1194 535 1308 567 Paulus
1326 539 1388 575 ait,
1405 539 1494 569 datur
1512 539 1593 570 utilis
1610 538 1682 570 αὲἶίο
1695 540 1888 580 pigneratum
1906 548 1966 570 cre-

1091 578 1196 622 ditori:
1218 579 1400 609 annotanda
1416 578 1485 609 sunt
1501 580 1676 620 complura.
1704 580 1838 619 primum
1858 579 1899 611 fic
1915 589 1966 610 ac-

1091 619 1178 665 cipio
1195 617 1344 665 Paulum:
1366 618 1449 659 quafi
1470 620 1574 659 dicat,
1598 622 1664 652 dari
1683 622 1787 662 potest
1810 622 1964 653 creditori

1090 660 1177 691 utilis
1194 660 1300 697 attio,
1328 661 1381 691 vel
1398 660 1548 691 creditori
1570 662 1741 701 aliquando
1766 664 1857 694 datur
1881 662 1964 693 utilis

1091 700 1186 732 actio.
1210 700 1323 731 Casum
1342 708 1449 732 autern
1465 701 1496 732 in
1514 710 1580 741 quo
1598 702 1688 742 sinit,
1711 704 1792 735 hanc
1809 703 1968 736 actionem

1091 741 1243 773 creditori
1262 742 1347 780 dari,
1364 741 1426 773 effe
1441 750 1540 783 puto:
1557 742 1577 773 [i
1600 743 1756 783 ignoranti
1773 745 1911 785 obligata
1929 744 1970 775 lio

1089 792 1140 815 res
1157 784 1268 815 aliena.
1294 783 1377 822 hoc,
1399 782 1524 822 fateor,
1548 792 1611 815 non
1628 793 1757 824 apparet
1771 796 1811 817 ex
1828 785 1965 825 superio-

1089 824 1176 869 ribus
1197 825 1325 869 verbis;
1340 824 1393 857 sed
1412 824 1548 865 liquebit
1563 834 1641 857 mox
1659 825 1826 857 evidenter
1844 837 1881 858 ex
1903 827 1968 859 tine

1090 866 1167 898 loci.
1190 864 1322 898 Interim
1347 866 1474 906 patieris
1497 866 1591 905 addi,
1615 875 1709 908 quam
1732 866 1843 899 Paulus
1859 869 1961 899 utilem

1088 908 1307 949 pigneratitiam
1330 907 1468 938 ostionem
1486 915 1599 946 vocat,
1623 917 1693 939 eam
1718 908 1871 949 sequente
1894 919 1962 940 ver-

1090 948 1123 980 su
1138 948 1269 989 pignoris
1288 949 1509 989 persecutionem
1529 950 1707 990 appellare:
1730 948 1913 981 indubitato
1929 950 1963 979 si—

1091 999 1175 1030 gno,
1200 998 1257 1029 per
1274 990 1432 1022 ac‘tionem
1465 991 1697 1031 pignoratitiam
1716 990 1876 1030 designare
1895 990 1970 1021 acii-

1092 1040 1189 1063 onem
1209 1031 1473 1072 hypothecariam
1491 1041 1562 1072 quae
1580 1032 1609 1063 &
1637 1031 1835 1072 pignoratitia
1849 1032 1971 1062 Servia-

1091 1082 1131 1104 na
1147 1073 1332 1104 nominatur
1353 1084 1362 1113 ;
1393 1074 1423 1105 <St
1446 1074 1484 1105 ad
1511 1075 1655 1115 pignoris
1680 1073 1744 1105 sive
1772 1072 1969 1114 hypothecae

1091 1113 1349 1154 persecutionem
1374 1114 1436 1145 sola
1461 1124 1682 1155 comparatur:
1707 1123 1779 1145 cum
1803 1113 1884 1145 attio
1902 1115 1970 1156 pig-

1093 1154 1238 1187 neratitia
1256 1155 1292 1187 sit
1310 1157 1340 1186 in
1367 1156 1533 1196 personam
1545 1179 1554 1194 ‚
1578 1165 1638 1188 nec
1656 1157 1693 1187 ad
1710 1155 1850 1196 pignoris
1867 1157 1972 1195 perse·

1093 1197 1258 1228 cntionem
1276 1197 1405 1236 spectet.
1423 1196 1577 1229 Nondum
1590 1199 1656 1229 dixi
1668 1200 1773 1229 omnia
1785 1208 1793 1229 :
1805 1197 1874 1237 plus
1893 1206 1971 1236 prae·

1093 1238 1199 1273 sumO.
1224 1238 1337 1270 errasse
1355 1238 1435 1278 juris
1463 1239 1665 1270 Architetios
1688 1237 1741 1278 qui
1770 1238 1856 1269 hunc
1881 1237 1972 1269 Pauli

1095 1279 1204 1311 locum
1223 1280 1390 1320 posuerunt
1408 1279 1461 1311 sub
1479 1279 1612 1318 Titulo,
1633 1280 1677 1310 De
1686 1281 1878 1321 pigneratitia
1901 1279 1973 1309 ath·-

1096 1330 1165 1354 οηε,
1187 1330 1260 1352 cuin
1278 1320 1432 1352 debuisset
1452 1321 1529 1358 poni
1553 1322 1607 1352 sub
1623 1320 1758 1357 Titulo,
1789 1321 1833 1351 De
1844 1323 1976 1361 pignori-

1095 1361 1377 1405 bus&l2ypothecis‚
1393 1363 1431 1393 ad
1443 1362 1612 1394 formulam
1626 1358 1892 1403 hypothecariam
1904 1371 1973 1402 per-

1097 1405 1232 1435 tinente.
1264 1403 1351 1434 forte
1378 1403 1443 1434 hoc
1465 1404 1555 1435 alicui
1583 1404 1728 1435 videatur
1751 1404 1887 1440 durius;
1919 1405 1971 1434 lcd

1096 1444 1191 1476 facile
1208 1445 1353 1476 evincam
1363 1445 1514 1482 sequente
1526 1444 1610 1476 Pauli
1628 1447 1735 1476 verl‘u:
1752 1444 1823 1475 Non
1843 1442 1880 1482 esi
1897 1446 1971 1474 idem

1096 1487 1248 1517 dicendum
1258 1496 1267 1515 .·
1277 1484 1298 1519 si
1314 1495 1362 1527 ego
1380 1484 1455 1516 ‘I'ztio
1472 1487 1522 1526 qui
1538 1495 1596 1516 rem
1612 1495 1701 1517 meam
1718 1486 1896 1526 obligaverat
1912 1483 1975 1519 sive

1095 1537 1157 1558 mea
1165 1527 1316 1558 voluntate
1326 1549 1335 1562 ,
1351 1527 1428 1557 heres
1435 1529 1575 1558 extitero:
1589 1526 1640 1556 hoc
1653 1527 1729 1556 enim
1738 1529 1816 1557 modo
1837 1528 1971 1566 pignoris-

1090 1568 1246 1610 perlecutio
1256 1567 1390 1599 creditori
1404 1569 1578 1598 concedendo
1590 1577 1647 1598 non
1664 1565 1713 1607 est.
1735 1566 1841 1607 Quam
1856 1567 1971 1598 Paulus

1097 1617 1194 1640 vocat
1220 1610 1353 1650 pignoris
1368 1605 1607 1649 persecutionem,
1631 1618 1695 1639 non
1720 1608 1764 1639 est
1779 1608 1855 1645 alia,
1878 1617 1974 1647 quani

1096 1650 1180 1682 attio
1199 1650 1447 1691 hypothecaria:
1472 1659 1542 1681 nain
1561 1650 1629 1681 brec
1648 1651 1677 1680 in
1694 1659 1758 1681 rem
1775 1649 1840 1687 est,
1864 1649 1892 1679 <St
1912 1648 1979 1680 sola>

1100 1693 1215 1732 pignus
1245 1692 1465 1732 persequitur.³
1486 1692 1607 1731 separat
1628 1701 1706 1723 vero
1733 1691 1845 1722 Paulus
1869 1690 1977 1722 casum>

1100 1733 1191 1773 hujus
1208 1733 1311 1765 versus
1326 1742 1342 1764 a
1365 1733 1490 1773 priore:
1513 1734 1647 1771 nolens,
1669 1734 1701 1764 in
1730 1731 1798 1763 hoc
1812 1731 1974 1763 observari

1099 1776 1284 1815 aequitatem
1302 1783 1396 1814 quain
1411 1775 1440 1806 in
1460 1775 1516 1806 illo
1539 1773 1682 1812 indulsit:
1705 1773 1798 1813 plane
1816 1772 1974 1804 conveni-

1100 1824 1191 1848 enter
1209 1824 1283 1847 ante
1309 1816 1411 1847 dictis.
1436 1825 1473 1847 an
1498 1816 1609 1847 κᾶε-Ρ
1631 1815 1765 1847 vertitur
1788 1814 1972 1846 dubitatio:

1101 1857 1189 1899 quod
1205 1858 1236 1889 in
1254 1857 1431 1898 posteriore
1446 1858 1542 1889 etiarn
1558 1857 1626 1888 casu
1650 1857 1735 1889 idern
1750 1857 1802 1896 qui
1819 1855 1864 1887 est
1881 1855 1972 1886 debi-

1102 1906 1173 1936 tor,
1196 1899 1338 1940 pignoris
1362 1899 1510 1931 dominus
1531 1897 1586 1930 est.
1610 1898 1710 1937 adde,
1735 1898 1823 1938 quod
1846 1898 1910 1936 J'am
1925 1906 1973 1928 re-

1102 1940 1272 1982 praesentat
1286 1949 1359 1972 eurn
1376 1940 1429 1981 qui
1447 1941 1487 1972 de
1502 1941 1636 1980 pignore
1652 1939 1828 1977 convenit,
1842 1939 1871 1970 &
1886 1937 1976 1983 quod

1104 1990 1232 2014 tenetur
1242 1981 1360 2014 facturn
1376 1980 1515 2013 defuncti
1527 1980 1682 2021 praestare.
1706 1980 1785 2019 Sed,
1797 1979 1818 2011 fi
1832 1981 1976 2010 audimus

1103 2022 1238 2055 Paulum
1250 2046 1261 2063 ,
1284 2021 1350 2054 hoc
1366 2025 1405 2054 ad
1421 2033 1488 2055 rem
1511 2022 1588 2054 nihil
1611 2021 1758 2053 confert:
1779 2021 1891 2061 utique
1908 2029 1975 2051 non

1104 2064 1222 2104 efficit3
1243 2072 1279 2096 ut
1296 2067 1410 2105 pignus
1425 2064 1468 2096 fic
1483 2062 1685 2096 convalescat
1703 2061 1770 2102 ipso
1783 2062 1874 2104 jure,
1899 2061 1974 2092 ade-

1103 2115 1191 2147 oque
1209 2106 1293 2138 utilis
1308 2105 1542 2147 hypothecaria
1566 2104 1666 2143 actio,
1682 2103 1747 2136 fine
1761 2112 1850 2134 novo
1865 2102 1975 2141 satio,

1105 2148 1168 2180 five
1183 2146 1247 2180 fine
1271 2156 1356 2178 nova
1379 2147 1616 2185 conventione,
1638 2143 1848 2177 convalescat.
1873 2144 1978 2181 cedo,

1105 2198 1168 2230 qua
1182 2188 1329 2221 ratione?
1360 2188 1474 2221 Paulus
1498 2188 1579 2219 hanc
1603 2189 1657 2219 dat
1672 2187 1846 2227 optimam:
1871 2185 1980 2225 Neque

1104 2232 1205 2273 utique
1227 2228 1341 2270 sufficit
1370 2231 1408 2261 ad
1438 2230 1646 2271 competendam
1678 2228 1779 2260 utilem
1809 2225 1948 2259 astionem
1965 2240 1999 2265 ‚e

1106 2273 1232 2305 eumdem
1247 2271 1298 2312 effe
1315 2273 1460 2302 dominum
1468 2272 1520 2313 qui
1530 2271 1683 2311 pecuniam
1701 2271 1788 2300 debet.
1806 2268 1891 2300 Pauli
1911 2267 1978 2297 sen·

1106 2312 1155 2346 sus
1173 2314 1236 2344 huc
1261 2313 1440 2354 egreditur:
1464 2313 1552 2353 quod
1574 2312 1716 2343 debitum
1735 2319 1799 2342 non
1824 2309 1869 2340 est
1886 2306 1977 2339 causa

1107 2354 1266 2397 pignoris;
1284 2358 1344 2385 nec
1356 2356 1452 2395 magis
1462 2353 1655 2385 dominium:
1672 2352 1810 2391 ideoque
1827 2356 1975 2380 neutrum

1108 2396 1154 2429 est
1168 2395 1257 2428 causa
1272 2395 1354 2427 utilis
1365 2395 1601 2437 hypothecariae
1617 2394 1756 2425 actionis.
1774 2391 1856 2434 Quae
1872 2399 1951 2429 ergo
1962 2389 1978 2421 ἓ

1106 2438 1283 2470 conventio
1300 2437 1340 2468 de
1352 2438 1485 2477 pignore
1510 2435 1592 2467 facta
1610 2436 1649 2466 ab
1665 2444 1706 2466 eo
1727 2434 1778 2473 qui
1799 2430 1906 2471 postea
1930 2429 1977 2476 fa-

1107 2480 1175 2512 ctus
1191 2478 1237 2510 est
1254 2478 1320 2518 ejus
1338 2479 1497 2510 dominus.
1521 2476 1598 2508 Hoc
1616 2477 1731 2517 probat
1744 2474 1854 2506 Paulus
1872 2472 1978 2504 verbis

1107 2520 1329 2562 sequentibus:
1353 2519 1409 2551 Sed
1416 2518 1443 2556 fi
1458 2517 1627 2558 convemffet
1641 2518 1673 2547 de
1686 2517 1821 2558 pignore,
1838 2519 1871 2544 ut
1880 2523 1915 2544 ex
1930 2520 1982 2548 luo

1106 2563 1252 2594 mendacio
1271 2567 1433 2602 arguatur,
1449 2560 1567 2600 improbe
1586 2556 1705 2598 refiftit‚
1721 2566 1776 2598 quo
1792 2557 1888 2587 minus
1902 2554 1985 2585 utilir

1108 2603 1183 2636 attio
1198 2609 1358 2634 moveatur.
1382 2600 1495 2632 Sensus
1520 2600 1607 2632 Pauli
1627 2598 1689 2630 est:
1713 2597 1800 2638 quod
1817 2598 1906 2628 caula
1921 2598 1982 2639 uti·

1109 2645 1145 2678 lis
1163 2643 1403 2685 hypothecariae
1429 2640 1560 2673 actionis
1586 2641 1630 2671 est
1653 2641 1834 2671 conventio
1858 2638 1898 2668 de
1915 2646 1980 2677 pig-

1109 2695 1186 2719 nore
1203 2694 1276 2716 cum
1295 2683 1457 2717 creditore
1476 2681 1559 2714 facia
1572 2681 1611 2713 ab
1630 2691 1670 2712 eo
1687 2681 1835 2721 quintine
1853 2678 1897 2709 est
1914 2680 1980 2722 ejus

1113 2727 1282 2762 dominus,
1298 2726 1327 2757 ὅτ
1347 2733 1493 2764 tempore
1507 2722 1734 2755 conventionis
1745 2730 1808 2753 non
1827 2728 1894 2750 erat
1925 2719 1980 2749 sci·

1114 2769 1212 2807 licet,
1223 2768 1297 2808 quia
1307 2765 1681 2806 ficmendaciiarguitur‚
1698 2764 1749 2804 qui
1764 2770 1830 2794 rein
1847 2759 1981 2792 alienam

1114 2809 1275 2851 ignoranti
1291 2817 1351 2849 pro
1368 2807 1418 2838 sua
1440 2806 1614 2848 obligavit,
1639 2806 1668 2837 <St
1694 2805 1810 2836 deinde
1837 2803 1984 2833 dominus

1115 2851 1234 2889 fastus,
1257 2849 1403 2890 improbe
1418 2847 1548 2887 resistit,
1573 2856 1638 2888 quo
1662 2846 1764 2878 minus
1779 2854 1819 2876 ex
1836 2843 1887 2874 sua
1905 2852 1985 2874 con-

1112 2893 1266 2926 ventione
1284 2890 1351 2922 utili
1368 2888 1601 2931 hypothecaria
1617 2896 1772 2920 teneatur.
1790 2893 1822 2916 at
1839 2885 1881 2916 nil
1898 2885 1980 2922 tale;

1111 2935 1165 2967 ubi
1181 2942 1243 2974 ego
1266 2932 1357 2964 heres
1382 2931 1474 2963 extiti
1497 2929 1591 2962 Titio
1613 2929 1666 2969 qui
1693 2938 1758 2959 rem
1786 2936 1889 2958 meam
1916 2925 1981 2956 fine

1110 2984 1182 3010 mea
1197 2974 1365 3006 voluntate
1375 2973 1541 3014 obligavit.
1560 2979 1595 3003 ut
1603 2970 1688 3002 enirn
1700 2969 1753 3000 hic
1768 2968 1895 3012 debitor
1905 2965 1957 3010 fitn
1968 2988 1979 3004 ‚

1111 3027 1171 3051 nec
1187 3017 1289 3049 minus
1306 3014 1448 3056 pignoris
1467 3013 1617 3046 dominus
1629 3034 1639 3051 ‚
1660 3012 1778 3051 pariter
1795 3016 1829 3040 ut
1845 3017 1874 3038 in
1893 3015 1979 3052 prio-

1111 3069 1146 3093 re
1160 3057 1276 3100 specie:
1300 3055 1386 3098 quod
1402 3063 1507 3087 tamen
1522 3053 1649 3092 debeo,
1672 3061 1736 3084 non
1762 3058 1835 3094 mco
1849 3056 1983 3094 nomine

1111 3100 1239 3139 debeo,
1261 3098 1313 3130 sed
1329 3095 1410 3129 Titii
1430 3096 1518 3135 cujus
1541 3095 1634 3127 heres
1651 3092 1733 3124 sum:
1755 3099 1798 3122 rei
1814 3096 1919 3120 autem
1936 3098 1982 3129 pl-

1110 3149 1252 3184 gnoratae
1268 3148 1333 3172 non
1359 3137 1425 3171 sum
1446 3136 1527 3169 Titii
1545 3134 1755 3177 successione,
1771 3138 1888 3177 ‘verum
1906 3139 1982 3177 meo

1106 3185 1190 3227 jure,
1220 3180 1382 3226 dominus.
1405 3179 1543 3224 proinde
1567 3183 1697 3213 mortuo
1709 3172 1819 3212 Tit10,
1841 3170 1863 3205 fi
1879 3172 1984 3254 eregii
