2052 3487
432 155 494 195 'De

42 253 71 295 §.
91 261 118 284 1.
142 249 223 284 Haec
239 259 299 282 una
318 247 507 289 coniectura.
551 245 609 277 Vis
625 244 654 275 ἀ
669 245 826 278 alteram?
849 254 900 276 ac-

41 296 132 335 cipe:
157 303 227 325 nam
248 291 413 332 suspicatus
429 289 599 328 aliquando
618 287 702 325 ium,
727 287 812 318 Pauli
830 286 900 318 scri-

41 344 168 377 pturam
193 335 287 366 etiam
311 330 428 364 restitui
454 328 541 369 poil‘e
567 330 631 359 hoc
649 330 748 359 modo
766 352 775 368 ,
796 330 844 368 sect
865 328 901 362 ὅ)

41 379 118 417 apud
137 377 280 417 Legatum
296 384 318 405 e.
334 384 371 404 m.
385 370 547 413 poffumus:
573 379 606 401 ut
624 368 679 407 fit,
699 369 751 400 scd
771 370 800 401 «St
818 371 902 410 apud

42 418 197 459 Legatum
222 426 258 447 ex
276 415 420 446 mandatis
443 411 604 452 possumus
623 421 632 450 3
665 411 715 442 vel
741 411 783 442 ita
800 435 808 450 ‚
841 411 903 458 ejus

41 460 186 491 mandatis
204 457 363 497 possumus
380 466 388 488 :
418 463 477 494 pro
496 453 609 494 Legati
634 451 795 484 Mandatis
807 464 816 492 3
829 454 903 498 1⁸20

38 500 202 532 Mandati's
221 507 291 539 quae
314 497 341 529 ei
363 506 379 527 a
406 495 553 535 Principe
579 495 701 527 dantur.
732 504 797 534 quo
816 495 903 525 leiiiu

41 541 83 573 Ui
111 541 197 572 ianus
221 540 238 570 i.
261 540 339 570 unic.
357 536 397 568 D.
417 538 449 568 de
465 535 554 576 officio
576 535 714 575 Praefecti
735 535 904 577 Augustalis

41 586 72 614 in
101 591 131 621 t,
155 580 327 613 PraefeCIus
341 579 471 620 AEgypti
489 588 553 609 non
569 578 654 618 prius
672 578 807 618 deponit
824 587 902 617 prat-

39 623 193 655 fecturam
212 622 242 653 ἃ
268 621 436 661 imperium
458 643 467 659 ‚
500 620 587 659 quod
606 618 644 650 ad
667 618 902 650 similitudinem

38 662 240 697 Proconsuiis
268 663 339 704 lege
369 661 425 693 sub
460 660 602 700 Augusto
633 661 661 691 ei
694 661 804 692 datum
833 660 902 698 est,

44 714 137 745 quam
161 705 385 736 Alexandriam
410 702 562 744 ingressus
584 702 620 734 sit
640 700 797 733 success'or
825 702 900 742 ejus.

45 747 75 778 &
98 748 140 778 ita
164 747 309 777 mandatis
325 745 386 786 ejus
409 745 581 775 continetur.
627 743 694 784 lpse
713 743 825 774 Paulus
841 744 859 773 b.
876 753 905 783 3.

42 788 85 822 D.
105 789 147 828 {de
169 786 258 827 officio
279 785 412 824 Proefisiis
428 786 535 817 scribit
552 808 562 824 ,
594 784 632 816 In
652 785 798 816 inundatis
816 784 906 814 Prin-

41 831 134 870 cipum
157 828 240 867 esse,
262 835 298 859 ut
323 835 413 859 curet
439 828 463 859 is
488 827 541 867 qui
570 827 744 868 provincia:
768 824 878 866 praeest
894 847 905 862 ,

41 871 129 903 malis
161 869 345 902 hominibus
380 869 580 910 provinciam
616 876 761 908 purgare.
811 866 905 906 Apud

45 911 254 944 Callistratum
279 920 411 952 quoque
433 918 540 949 extat,
574 908 731 941 Mandatis
750 908 904 948 Principa-

42 954 115 985 libus
138 963 200 994 quae
222 951 394 991 Praefidibus
415 953 527 983 duntur
544 974 553 990 ,
590 951 723 988 caveri,
756 948 808 982 Ne
837 949 905 990 quis

42 995 205 1036 perpetuis
230 995 366 1026 vinculis
391 994 558 1026 damnetur
580 993 598 1024 l.
620 1002 669 1033 35.
688 990 731 1022 D.
750 993 783 1022 de
800 992 904 1031 paenis.

44 1037 91 1068 Ac
116 1047 156 1068 ne
180 1037 250 1076 quis
277 1036 402 1067 dubitet
425 1059 435 1073 ,
465 1034 527 1066 effe
556 1034 640 1065 inter
662 1040 777 1064 caetera
799 1032 904 1072 hujus-

45 1079 136 1109 modi
167 1077 330 1109 Mandatis
371 1077 466 1108 etiam
502 1076 542 1107 de
574 1075 906 1115 emancipationibus,

43 1119 355 1157 manumiffionibus,
379 1119 408 1149 ὅ(
426 1117 594 1154 similibus,
618 1115 904 1154 comprehensum,

46 1162 74 1191 ei
102 1159 212 1192 suffici-t
231 1159 398 1199 Inscriptio
418 1159 447 1190 δι
474 1159 492 1189 l.
513 1168 539 1189 2.
566 1158 598 1188 C.
622 1159 655 1188 de
673 1155 761 1196 officio
777 1156 838 1198 ejus
855 1157 907 1197 qui

45 1203 135 1232 vicem
155 1201 279 1241 alicujus
302 1201 419 1240 Judicis
445 1200 492 1230 vel
510 1198 642 1236 Praeszdis
665 1199 777 1228 obtinet.
829 1198 907 1229 Por·

46 1253 82 1274 ro
108 1243 190 1283 Sigla
212 1242 265 1273 ista
283 1241 320 1272 E.
342 1240 391 1272 M.
415 1238 525 1270 ferunt
544 1249 656 1270 omnes
675 1261 685 1276 ‚
719 1247 800 1277 quos
822 1239 906 1278 dixi,

46 1283 171 1315 sensus:
197 1282 275 1313 solet
292 1281 382 1320 sane,
405 1280 426 1312 si
447 1281 576 1312 Valerio
597 1279 707 1312 Probo
726 1281 755 1311 dt
777 1279 810 1312 P.
831 1280 907 1312 Dia·

44 1333 128 1355 cono
150 1323 230 1355 fides
249 1345 260 1363 ,
286 1332 351 1354 vox
378 1330 511 1363 utraque
527 1332 564 1355 ex
586 1322 616 1355 ἃ
633 1323 695 1365 ejus
715 1322 820 1354 notari
837 1322 906 1354 lite-

704 1441 920 1476 CAPUT

546 158 908 204 Juitlsnlctio-Niz
962 167 1012 192 ET
1064 157 1260 193 IMPERIO.

1314 157 1403 195 Liri.
1432 157 1482 193 11.
1748 161 1814 204 10²?

944 256 996 286 ra,
1020 246 1066 286 E,
1090 246 1222 288 simplici
1239 257 1247 278 ε
1270 255 1328 287 pei·
1345 246 1469 278 literam
1487 253 1637 287 quoque,
1666 244 1726 285 M,
1744 253 1810 279 tam

943 290 1146 320 manumittere
1163 312 1172 327 ,
1205 297 1299 328 qnam
1323 290 1493 320 mandatum
1512 286 1676 329 significari
1693 311 1702 325 ‚
1733 297 1806 328 pro-

943 331 1022 361 bant
1041 331 1136 361 iidem
1157 328 1315 362 Notaruni
1334 330 1546 371 interpretes:
1577 339 1617 360 ex
1641 328 1755 370 quibus
1774 329 1807 361 Ρ.

946 371 1112 404 Diaconus
1141 372 1189 403 M.
1217 371 1253 403 C.
1278 371 1327 404 M.
1362 372 1495 412 exponit
1519 373 1616 401 mortis
1638 379 1723 402 causa
1750 381 1810 402 uza-

946 413 1104 453 nuiiziffus;
1128 414 1156 444 (St
1175 412 1316 444 Valerius
1344 412 1465 444 Probus
1485 411 1557 444 AN.
1579 412 1627 444 M.
1653 413 1809 453 interpro-

947 463 1033 486 tatur
1063 454 1202 485 aaronem
1227 456 1383 493 mandati3
1416 454 1537 495 Magno
1561 462 1666 485 autem
1696 454 1733 484 A.
1757 453 1808 486 M.

946 498 1088 537 explicat
1105 495 1179 527 atita
1196 498 1336 528 mandati.
1382 496 1519 527 Proinde
1539 504 1610 526 curn
1629 495 1712 535 apud
1733 495 1809 525 l'au-

947 538 1010 569 lum
1038 538 1099 578 legi
1126 536 1246 578 posset,
1279 537 1356 574 apud
1373 537 1518 577 Legatum
1534 537 1596 577 ejus
1610 538 1811 567 manumittere

940 578 1104 620 poffumus,
1128 579 1157 609 <Sc
1175 579 1252 619 apud
1267 577 1413 618 Legatum
1427 587 1464 609 ex
1485 579 1630 608 mandatis
1646 577 1810 618 poffumus,

946 622 997 653 vel
1016 622 1092 659 apud
1112 619 1258 661 Legatum
1278 620 1337 660 ejus
1362 622 1508 650 mandatis
1527 619 1694 659 postumus,-
1719 620 1809 651 nullo

946 663 1064 694 accidit
1087 662 1242 702 negoti03
1274 669 1326 699 ut,
1359 670 1432 692 cum
1456 660 1627 700 legendum
1651 659 1726 691 css'ct
1744 671 1812 691 mo-

949 705 997 735 dis
1021 703 1085 734 istis
1101 726 1111 742 ,
1141 702 1301 734 Librarius
1325 702 1412 734 illum
1438 711 1477 734 ex
1493 701 1651 741 principio
1669 703 1815 741 ejusdem·

949 745 1062 785 capitis
1081 768 1090 783 ‚
1127 752 1181 774 aut
1204 744 1363 784 imperitia
1387 750 1441 774 aut
1468 741 1672 774 festinatione
1691 742 1811 784 lapsus,

949 787 1060 826 utique
1085 786 1184 824 inagis
1208 785 1448 825 imprudenter,
1472 793 1565 824 quam
1583 783 1728 823 insolite,
1763 794 1812 815 re-

948 834 1085 866 peteret.
1130 825 1289 858 Caeteruin
1314 835 1371 868 pei·
1391 826 1546 867 Legatum
1564 825 1712 867 intelligo
1733 824 1814 857 Prae-

948 868 1044 899 fidem
1064 879 1072 900 ε
1106 869 1160 908 qui
1186 867 1315 909 Legatos
1343 868 1462 907 Caeloris
1478 866 1655 908 appellatur
1677 869 1697 898 ι.
1715 876 1744 909 7.
1768 866 1812 899 D.

948 910 981 940 de
997 907 1173 948 nmnumzffis
1189 908 1342 942 vinditio:
1367 910 1484 940 dicitur
1507 909 1537 942 &
1556 908 1741 949 simpliciter
1759 908 1814 939 Le‘

944 955 1035 992 gatus
1063 952 1094 981 in
1123 950 1141 981 l.
1172 959 1218 990 14.
1250 950 1292 981 D.
1318 952 1350 981 de
1367 950 1617 986 Senatusconlulto
1642 950 1814 989 Silaniano,

948 992 978 1023 ἃ
997 992 1081 1031 apud
1102 990 1258 1031 Vellcjum
1286 991 1488 1023 Paterculum
1509 992 1555 1022 lib.
1569 1001 1596 1023 2.
1617 1001 1640 1022 c.
1651 1002 1702 1028 99·
1727 991 1814 1031 cujus

948 1032 1080 1074 apposui
1100 1033 1208 1064 verba.
1253 1033 1332 1064 Illud
1359 1035 1446 1064 etiam
1467 1034 1499 1063 in
1515 1033 1566 1063 hoc
1583 1034 1754 1074 transcurju
1772 1035 1814 1064 cii-

948 1075 1070 1105 cendum
1093 1072 1131 1114 eft
1147 1097 1156 1110 ,
1187 1076 1229 1105 ita
1243 1075 1352 1113 septem
1369 1083 1459 1105 annos
1477 1075 1572 1105 Rhodi·
1590 1081 1732 1106 moratum
1749 1098 1759 1113 ,
1781 1078 1815 1105 ut

948 1126 1061 1155 omnes,
1084 1116 1135 1156 qui
1154 1115 1339 1155 Proconsuies
1359 1115 1521 1157 Legatique
1545 1119 1577 1146 in
1602 1117 1816 1148 transmarinar

944 1158 1112 1198 provincias
1133 1156 1259 1197 profefti
1283 1157 1393 1190 visendi
1425 1157 1486 1198 ejus
1508 1157 1609 1195 gratia
1625 1180 1634 1195 ,
1665 1159 1702 1190 ad
1732 1167 1815 1198 quem

950 1200 1151 1230 convenientes
1159 1198 1273 1238 semper
1287 1201 1403 1237 privato
1426 1196 1476 1238 (fi
1496 1198 1547 1228 iiia
1569 1197 1700 1239 majestas
1712 1200 1817 1238 priva-

951 1246 982 1271 ta
1001 1250 1129 1282 unquam
1153 1241 1241 1280 fuit)
1257 1240 1353 1279 fasces
1369 1239 1442 1278 suos
1457 1239 1653 1278 submiserint.
1699 1239 1816 1271 Hacte-

950 1291 1009 1312 nus
1034 1282 1152 1312 dictum
1180 1282 1220 1312 de
1246 1283 1382 1321 imperio
1410 1290 1518 1319 mero,
1550 1282 1628 1311 item
1647 1282 1685 1312 de
1710 1291 1818 1312 mauu·

950 1322 1094 1355 miffione
1111 1346 1121 1362 ,
1147 1323 1428 1364 emancipatione,
1451 1330 1548 1364 atque
1568 1323 1756 1365 adoptione.

982 1441 1154 1479 VIII.

405 1539 521 1576 'Eitelce
546 1540 697 1576 dationem
724 1539 796 1574 aliis
819 1541 964 1576 mandari
986 1539 1133 1587 potuiffe,
1161 1540 1221 1575 imo
1241 1551 1298 1575 uon
1323 1539 1458 1588 potmsse.

43 1635 262 1710 Videndum
286 1645 385 1677 porro
410 1638 450 1668 de
469 1637 579 1669 tutelae
607 1637 756 1670 datione:
779 1646 852 1670 nam
877 1637 906 1669 ἀ

133 1688 170 1709 ea
189 1678 314 1719 aliquali
333 1678 499 1718 quaestioni
520 1680 584 1710 est:
609 1680 682 1719 quia
706 1679 862 1719 Ulpianus
885 1680 903 1710 l.

40 1715 58 1747 Ζ.
77 1721 107 1750 6.
129 1719 160 1760 §.
179 1729 207 1750 2.
233 1720 275 1750 1).
299 1719 331 1750 cie
350 1720 446 1751 tutelis
465 1721 507 1750 ait
522 1743 531 1758 .,
564 1719 680 1751 Tutoris
702 1721 846 1752 dationem
862 1730 908 1751 ne-

41 1767 95 1799 que
118 1760 257 1800 imperii,
289 1770 377 1801 neque
394 1760 608 1802 jzirisdz'ttiorzz's
632 1762 710 1802 effe:
730 1763 784 1803 sed
809 1763 836 1793 εἰ
849 1762 908 1802 soii

43 1806 194 1841 competere
209 1824 219 1839 ,
249 1803 297 1832 cui
319 1804 492 1833 nominatim
518 1800 567 1833 boc*
591 1804 667 1834 dedit
687 1804 733 1834 vel
750 1803 815 1834 Lex
829 1825 838 1841 ,
862 1803 909 1833 vet

44 1840 332 1879 Senatusconsuitum
346 1865 355 1881 ,
387 1842 433 1873 vel
454 1843 602 1883 Princeps.
643 1844 799 1876 Praeterea
824 1845 909 1875 idem

43 1882 171 1922 scribit,
198 1883 264 1916 Nee
282 1885 438 1915 mandante
463 1883 597 1922 Praeficze
610 1885 700 1916 olium
719 1891 841 1916 tutorem
858 1886 908 1916 du-

45 1933 75 1954 re
93 1924 168 1965 poffe
190 1925 208 1956 l.
228 1930 255 1959 8.
280 1924 322 1956 D.
347 1927 379 1957 de
400 1927 542 1956 tutoribus
567 1925 603 1960 &2⁹
630 1928 811 1958 curatoribus
835 1927 911 1957 datis

45 1966 79 1995 ab
99 1967 151 1996 bis.
178 1965 303 1998 Contra
316 1968 357 1997 ait
373 1966 582 2007 Justinianus,
607 1968 644 1999 In
654 1969 813 2008 provinciis
831 1968 910 1998 Prae-

40 2005 117 2044 fides
134 2016 170 2038 ex
194 2006 378 2048 iriquzfitione
405 2014 512 2039 tutores
535 2018 649 2047 creare,
681 2009 727 2039 vel
746 2007 908 2050 Magistra-

47 2054 94 2078 tus
110 2047 193 2089 juffu
217 2048 393 2088 Praeficium,
409 2048 439 2087 fi
458 2059 514 2080 non
530 2048 594 2086 sint
618 2059 729 2090 magnae
744 2050 849 2091 pupilli
857 2051 909 2089 fa-

46 2089 167 2120 cultates
189 2089 217 2131 §.
236 2099 266 2128 4.
292 2089 363 2130 Just.
388 2091 422 2121 de
443 2090 575 2121 Atilicino
599 2096 705 2123 tutore.
746 2091 809 2123 Sed
834 2091 910 2131 quid

47 2129 117 2161 est?
141 2132 256 2162 tutoris
274 2131 362 2163 datio
382 2132 531 2163 omnibus
555 2131 796 2173 Magistratibus
812 2133 912 2164 muni-

47 2172 201 2212 cipalibus
227 2172 374 2204 concess'a
400 2173 444 2204 est
469 2171 627 2205 Oratione
645 2173 688 2205 D.
714 2173 817 2205 Marci
841 2175 859 2205 l.
880 2184 911 2216 3.

48 2212 90 2251 D..
116 2214 148 2244 de
170 2215 313 2246 tutoribus
335 2214 372 2249 ὅ)
388 2215 569 2246 curatoribus
593 2216 669 2246 datis
693 2217 728 2246 ab
743 2216 812 2247 his:
846 2225 912 2247 non

46 2252 230 2294 simpliciter
265 2263 398 2295 tamen,
441 2265 503 2288 nec
535 2256 739 2294 indistinCte3
769 2256 821 2288 sed
851 2257 872 2289 fi
897 2266 913 2288 a

47 2294 180 2326 Praeside
206 2296 271 2335 juffi
295 2296 364 2328 sunt
381 2320 391 2335 ,
422 2305 563 2329 tutorem
595 2299 694 2329 dare:
724 2298 836 2339 jubere
859 2308 912 2329 au-

50 2344 117 2367 tem
133 2359 142 2375 ,
175 2336 299 2369 Praesidi
320 2338 501 2379 pei-miss‘uin
525 2338 570 2370 est
599 2349 665 2371 rum
683 2364 692 2378 ,
723 2340 743 2371 ii
768 2349 832 2371 non
854 2340 912 2371 sint

47 2379 170 2418 magnae
195 2378 305 2418 pupilli
333 2378 502 2411 facultates
526 2380 553 2411 d.
577 2380 605 2423 §.
622 2391 651 2420 4.
677 2381 709 2413 id
735 2379 803 2420 est,
835 2380 856 2412 fi
883 2381 912 2412 ei

47 2427 113 2465 non
131 2428 250 2461 magnae
274 2420 438 2465 videntur:
463 2430 527 2453 non
553 2421 636 2454 enim
654 2423 811 2463 quantitas
832 2422 910 2454 Ora-

48 2467 138 2491 tione
162 2462 374 2501 exprimitur:
405 2472 485 2502 nec,
520 2464 571 2503 qui
597 2474 665 2495 earn
692 2464 848 2503 definiat,
880 2465 911 2495 in

46 2502 213 2541 provincia
235 2503 313 2534 alius
339 2503 402 2543 est,
426 2511 541 2545 praeter
564 2505 741 2537 Praefidem.
785 2505 847 2537 Sed
871 2506 910 2536 de

49 2543 149 2573 tutela
173 2543 288 2575 Praeses
309 2545 414 2576 aditur
431 2569 440 2584 ,
471 2547 562 2586 isque
583 2547 713 2578 aestimat
729 2557 769 2578 ex
790 2548 910 2588 quanti-

51 2590 117 2615 tate
134 2583 293 2617 bonorum
311 2587 441 2627 pupilli,
464 2597 569 2619 utrum
597 2588 715 2620 debeat
736 2588 790 2629 ipsi
807 2598 863 2628 per
881 2587 911 2619 se

54 2631 178 2671 tutores
196 2626 290 2666 dare,
312 2637 347 2658 an
378 2629 471 2666 poffit
492 2638 603 2660 corum
623 2631 787 2662 dationem
809 2629 914 2670 Magi·

53 2664 195 2710 stratibus
216 2668 461 2709 municipalibus
477 2671 637 2702 mandare.
681 2670 793 2712 Itaque
808 2673 913 2711 paula-

53 2712 109 2750 tim
125 2715 164 2737 eo
187 2708 372 2745 devenitur:
395 2713 439 2742 uti
461 2721 497 2743 ea
515 2713 623 2743 tutelae
647 2713 733 2744 datio
753 2722 823 2754 quae
841 2712 912 2743 Ma-

53 2745 231 2784 gistratuum
255 2750 299 2781 est
315 2774 325 2790 ,
358 2761 463 2792 neque
490 2761 612 2785 tantum
638 2753 782 2792 Praefidi,
808 2763 913 2794 neque

53 2792 176 2819 tantum
194 2787 339 2824 Orationi
355 2791 399 2826 D.
415 2793 538 2835 Marci,
563 2795 615 2827 sed
633 2796 760 2837 utrique
775 2797 912 2836 impute-

951 1644 1019 1669 tur:
1052 1637 1079 1668 δε
1107 1637 1379 1677 quemadmodum
1402 1635 1542 1679 Legatos
1562 1635 1764 1668 Proconfuiis
1788 1636 1821 1674 in

952 1681 1063 1711 eadem
1082 1677 1170 1709 causa
1189 1701 1198 1716 ,
1231 1686 1328 1719 atque
1351 1688 1392 1710 ex
1416 1681 1528 1710 eadem
1556 1677 1712 1710 Oratione
1729 1702 1738 1717 ,
1762 1679 1821 1709 uti-

951 1728 1001 1752 tur
1025 1720 1094 1760 jure
1116 1720 1248 1761 proprio
1268 1745 1276 1758 ‚
1311 1719 1362 1751 sed
1385 1720 1512 1752 deinum
1530 1721 1676 1752 mandata
1697 1720 1821 1760 jurisdi-

951 1762 1057 1793 ctione
1080 1763 1097 1791 l.
1119 1771 1142 1792 1.
1167 1760 1195 1802 §.
1218 1768 1243 1792 1.
1271 1760 1311 1792 D.
1345 1763 1377 1792 cle
1407 1763 1549 1793 tutoribus
1575 1761 1611 1796 ἐξ
1639 1762 1821 1792 curatoribus

952 1805 1027 1833 datis
1050 1804 1085 1833 ab
1108 1803 1150 1833 bis
1166 1825 1179 1840 „
1204 1802 1311 1843 juniii
1333 1803 1351 1833 l.
1377 1812 1420 1843 15.
1446 1803 1482 1837 ὅ)
1505 1804 1523 1833 i.
1547 1812 1589 1844 13.
1616 1803 1657 1834 D.
1675 1805 1709 1833 ile
1731 1801 1821 1843 officio

954 1844 1136 1884 Proconfldis
1154 1842 1189 1876 ὅ)
1210 1842 1337 1884 Legati:
1359 1843 1401 1874 fic
1419 1843 1622 1885 Magistratus
1641 1868 1650 1883 ,
1682 1853 1754 1875 cum
1775 1851 1822 1875 tu-

954 1894 1059 1916 torem
1081 1883 1224 1917 Praefitiis
1243 1883 1322 1924 jussu
1345 1885 1374 1916 ὅ(
1393 1890 1542 1917 mandato
1569 1887 1637 1925 dat,
1661 1895 1725 1917 non
1748 1885 1822 1916 alie-

953 1936 1025 1957 nam
1044 1949 1053 1964 ,
1085 1925 1136 1956 sed
1160 1927 1342 1967 propriam,
1375 1926 1406 1958 id
1425 1927 1469 1959 est
1490 1951 1499 1966 ,
1534 1927 1604 1968 lege
1623 1928 1727 1958 datam
1745 1925 1821 1964 sibi,

950 1967 1200 2008 jurisdictionem
1231 1975 1381 1999 exerceat
1412 1969 1437 2000 (i.
1472 1969 1491 2000 l.
1512 1978 1541 2008 3.
1576 1969 1716 2000 Proinde
1742 1967 1821 1999 nibil

953 2018 1035 2048 opus
1059 2007 1103 2039 est
1122 2031 1130 2046 ,
1165 2008 1218 2038 liic
1242 2009 1335 2048 addi3
1359 2010 1467 2049 quod,
1499 2009 1519 2041 fi
1546 2010 1683 2047 dixeris,
1716 2008 1822 2041 Prasi-

953 2050 1026 2081 dem
1049 2059 1064 2079 a
1086 2049 1324 2090 Magistratibus
1344 2057 1467 2082 tutores
1487 2051 1550 2082 dari
1573 2052 1622 2082 vel
1641 2049 1820 2088 mandasse,

953 2092 1004 2122 vel
1019 2090 1149 2131 jusfiffe,
1173 2091 1223 2122 vel
1243 2092 1444 2132 praeccpisse,
1468 2093 1519 2124 vel
1538 2092 1714 2131 monuiss'e,
1734 2091 1825 2123 redte

955 2133 1093 2170 dixeris3
1115 2132 1144 2163 ὅ(
1163 2133 1309 2164 omnium
1328 2134 1499 2165 verborum
1525 2143 1603 2165 unus
1624 2134 1774 2173 idemque
1792 2133 1823 2164 &

956 2173 1059 2206 sensus
1075 2175 1103 2204 <St
1119 2172 1252 2205 effectus
1268 2174 1329 2205 est:
1352 2174 1420 2206 fere
1438 2176 1523 2206 enim
1544 2174 1696 2216 Ulpianus
1708 2197 1717 2212 ‚
1743 2174 1821 2205 Pau-

956 2215 1002 2247 lus
1021 2238 1030 2253 ,
1063 2215 1140 2254 alii,
1172 2215 1277 2246 verbis
1303 2216 1363 2247 illis
1389 2217 1495 2257 paffim
1519 2224 1615 2258 atque
1641 2215 1822 2248 indistinCte

955 2266 1088 2288 utuntur
1111 2257 1128 2287 i.
1152 2266 1177 2288 1.
1201 2257 1230 2298 ᾗ.
1247 2261 1277 2288 6.
1301 2257 1338 2292 ὅ)
1359 2268 1389 2298 5.
1415 2258 1456 2290 1).
1472 2260 1505 2290 de
1523 2256 1742 2299 magistratibus
1757 2267 1822 2288 con·

954 2299 1114 2330 vcuiemtz‘s.
1136 2297 1156 2330 l.
1173 2302 1222 2336 46.
1245 2298 1273 2340 §.
1293 2303 1322 2330 6.
1351 2300 1392 2330 D.
1412 2301 1444 2331 (Ie
1471 2299 1719 2339 administratione
1747 2305 1823 2330 tuto-

954 2350 1029 2371 rum.
1054 2341 1073 2370 i.
1094 2350 1142 2380 25.
1167 2340 1196 2381 ἓ.
1214 2351 1242 2382 3.
1267 2340 1303 2374 ὅ)
1323 2342 1396 2383 seqq.
1422 2340 1465 2372 D.
1491 2342 1523 2371 de
1546 2342 1725 2382 adquirenda
1743 2341 1822 2370 here-

955 2382 1061 2412 ditate:
1085 2381 1210 2412 constat
1234 2383 1347 2420 etiam,
1373 2383 1515 2423 Legem,
1547 2391 1621 2413 curn
1643 2381 1822 2422 permittit,-

952 2422 1206 2463 jurisdictionem
1234 2424 1375 2455 mandari
1396 2424 1427 2454 in
1447 2422 1543 2454 causis
1570 2423 1714 2464 specialis
1737 2423 1824 2454 dele-

953 2465 1109 2505 gationis,
1132 2463 1213 2503 saepe
1229 2464 1394 2504 personam
1411 2465 1461 2495 cui
1480 2465 1621 2496 mandari
1640 2465 1740 2504 velit,
1763 2473 1823 2495 no-

954 2506 1097 2537 minatim
1127 2505 1299 2546 deiignare.
1341 2506 1452 2537 Potest
1477 2506 1571 2547 igitur
1595 2506 1734 2545 Praeses,
1767 2505 1823 2536 ubi

954 2557 1018 2577 non
1053 2556 1174 2586 magnae
1210 2546 1279 2577 sunt
1311 2547 1421 2588 pupilli
1455 2546 1626 2579 facultates
1645 2571 1654 2586 ‚
1689 2547 1823 2578 tutelam

956 2587 1193 2628 Magistratibus
1219 2589 1463 2630 municipalibus
1488 2592 1666 2628 mandare3
1697 2589 1748 2621 alii
1772 2597 1823 2619 au-

957 2636 1022 2660 tem
1046 2638 1152 2669 neque
1183 2638 1249 2660 tum
1274 2631 1424 2661 mandare
1452 2630 1560 2671 potest
1576 2654 1586 2671 ,
1617 2640 1724 2670 neque
1748 2630 1824 2661 alias

956 2672 985 2702 cl.
1010 2671 1039 2712 §.
1059 2681 1088 2710 4.
1114 2670 1150 2704 ὅ)
1172 2672 1200 2701 d.
1225 2671 1244 2701 l.
1264 2676 1291 2705 8.
1317 2670 1544 2710 cumfimzlibus.
1594 2671 1673 2704 Dixi
1695 2696 1704 2710 ,
1733 2671 1823 2711 juris-

956 2712 1129 2743 dictionem
1143 2736 1151 2750 ,
1175 2712 1226 2743 vel
1246 2721 1367 2751 totam,
1392 2714 1441 2744 vei
1459 2723 1518 2754 pro
1538 2721 1647 2754 parte,
1680 2712 1822 2744 mandari

957 2753 1100 2793 solitarii3
1124 2754 1221 2793 item,
1244 2762 1314 2786 tota
1331 2755 1497 2796 mandata,
1522 2763 1676 2797 quantum
1698 2753 1823 2786 manda-

958 2803 1024 2827 tum
1044 2796 1202 2828 videatur.

756 2907 973 2943 CAPUT
1023 2905 1108 2943 IX.
1158 2923 1160 2927 ·

269 2997 322 3032 An
349 2998 560 3038 mandatarius
578 3004 806 3050 jurisdictionis
829 3005 981 3039 tribunali
1005 3003 1076 3051 usus
1091 3005 1198 3052 suerit
1224 3008 1257 3041 in
1279 3005 1380 3053 causis
1404 3008 1594 3054 cognitionis.

57 3092 252 3165 ςεᾳυιῑᾳν,
277 3101 312 3125 ut
333 3105 513 3137 exponam.
529 3100 799 3138 quemadmodum
818 3109 914 3140 opor-

52 3144 76 3165 μ
126 3140 190 3164 teat
210 3135 240 3180 id
260 3138 348 3176 quod
364 3148 381 3169 a
400 3137 587 3177 Magistratu
610 3143 793 3173 mandatum
811 3144 875 3180 eii,
898 3152 914 3173 a

53 3175 248 3207 mandatario
268 3178 345 3218 geri.
392 3179 472 3210 Puto
493 3189 598 3213 autem
615 3204 623 3219 ‚
648 3181 689 3213 fic
707 3192 856 3222 oportet,
882 3191 916 3214 ut

53 3223 69 3243 a
96 3217 280 3263 mandatore
312 3219 419 3252 solet:
451 3223 584 3259 proinde
617 3222 637 3254 si
671 3226 839 3255 mandetur
868 3235 916 3257 res

51 3263 271 3330 σοξριῑιοῗιες
303 3263 513 3295 mandatarius
544 3265 572 3295 ἀ·
594 3272 650 3304 per
666 3264 696 3296 sc
721 3265 915 3306 cognoscet,

119 3308 170 3330 om.
213 3323 220 3331 .

959 3101 989 3132 ὅς
1021 3103 1168 3135 tribunali
1203 3111 1342 3145 utetur,
1380 3106 1411 3140 &
1446 3102 1617 3137 Consilium
1645 3101 1823 3133 exercebit.

959 3145 1046 3182 quod
1069 3144 1088 3176 fi
1115 3155 1162 3176 res
1186 3146 1246 3177 erit
1273 3147 1421 3179 ordinarii
1439 3146 1531 3185 juris-3
1562 3143 1659 3184 magis
1679 3142 1824 3182 judicem·

959 3185 988 3216 &
1020 3185 1191 3218 formulam
1218 3188 1316 3220 dabit.
1350 3189 1381 3219 id
1407 3190 1490 3217 enim
1525 3195 1597 3217 cum
1623 3184 1828 3226 Magistratui.

960 3227 1012 3266 qui
1027 3228 1278 3267 jurisdictionem
1295 3229 1441 3266 mandat,
1473 3226 1703 3258 observandum
1727 3225 1765 3257 fit
1783 3227 1825 3256 le-

959 3268 1050 3309 gibus
1070 3271 1277 3310 moribusque
1301 3270 1416 3341 Poguli
1444 3269 1609 3302 Romani:
1644 3265 1733 3299 causa
1758 3275 1824 3338 nan

1401 3321 1419 3343 2
1759 3316 1825 3346 Εἰ,
