2052 3487
212 160 290 200 342
306 147 307 150 ’

221 243 386 276 miffumve
408 240 463 278 fit,
487 236 575 279 quod
592 239 751 267 mereatur
772 234 912 268 hominis
934 234 1083 276 sapientis

221 281 519 326 reprehensionem,
542 278 668 318 Aquilia
685 277 792 321 locum
816 276 925 308 habet.
971 318 977 322 .

261 325 379 356 Extant
394 322 432 352 ad
452 322 533 352 hanc
551 326 673 359 partem
692 326 809 357 pariter
826 326 860 348 ut
875 319 913 349 ad
930 326 1082 358 primam,

221 364 368 404 exempla
391 362 519 400 multa3
550 359 603 391 sed
633 358 775 390 adferam
811 368 908 398 pauca
927 382 936 397 ‚
969 361 1081 404 eadem

220 416 284 438 non
308 404 429 436 inutilia
446 425 456 441 ,
488 411 593 442 neque
614 400 816 441 inelegaiitia.
862 400 998 431 Primum
1022 409 1082 431 erit

219 456 259 477 ex
284 445 422 485 Ulpiano
444 445 463 474 l.
483 452 532 482 49.
556 442 585 483 ἓ.
608 451 634 473 1.
665 441 709 473 D.
731 441 782 472 Aa
805 441 893 482 legem
918 442 1079 483 Aquiliam.

217 487 304 527 cujus
320 487 388 517 naec
407 485 502 516 verba
520 482 599 514 sunt.

254 527 342 571 Quod
358 527 464 558 dicitur
481 527 618 557 dawinum
633 524 746 565 injuria
765 525 867 556 dotum
885 524 1007 566 Aquilia
1018 531 1082 564 per·

266 571 353 610 Jequi
367 591 377 607 ,
400 566 445 605 fic
460 569 514 598 erit
537 567 735 607 accipientium
749 589 759 605 ,
790 570 821 596 ut
839 567 976 597 videatur
1001 567 1081 596 dam·

277 619 351 641 mim
372 610 485 649 injuria
507 610 608 639 datum
630 609 704 648 quod
728 617 791 638 cum
814 609 917 639 damno
939 607 1082 647 injuriam
1131 636 1135 640 ,

275 650 408 682 attulerit
422 661 432 680 .·
462 648 518 688 nisi
532 658 639 689 magna
661 650 694 679 vi
715 655 829 689 cogente
840 647 1081 688 fuericfaetum.»

274 698 308 723 ut
333 691 427 732 Celsus
435 691 539 732 scribit
564 692 641 720 circa
656 698 719 720 enm
743 691 794 730 qui
816 691 942 721 incendii
965 691 1083 721 arcendi

274 734 376 775 gratia
400 733 514 763 vicinas
538 733 607 762 aedes
628 732 782 762 intercidzt.
815 741 884 761 nam
910 732 956 762 hic
986 732 1084 767 scribit

279 773 382 815 ceffare
398 774 467 815 legis
483 773 610 814 Aquiliae
634 771 772 802 astionem
789 781 796 801 :
822 771 901 813 justo
917 774 991 804 enim
1006 779 1083 803 metu

277 815 382 847 duetus
393 838 402 854 ‚
415 824 450 845 rie
465 816 503 845 ad
515 820 542 850 se
558 814 634 854 ignis
639 814 822 853 perveniret,
833 816 947 845 vicinos
962 817 1030 846 aedes
1040 815 1084 845 iiz-

278 857 403 887 teremit.
428 854 537 893 &five
551 856 682 895 pervenit
698 856 794 896 ignis,
811 853 876 893 five
894 862 961 886 ante
974 855 1080 896 exstin-

277 897 339 928 nus
355 895 411 937 est,
422 896 567 936 existimat
585 896 654 937 legis
668 895 796 937 Aquiliae
813 895 951 928 astionem
968 897 1078 938 ccjffore.

217 937 377 970 Proximae
392 937 475 969 'I'itii
491 937 610 969 aedibus
626 937 694 968 sunt
713 938 796 969 aedes
816 937 1015 978 Semproni13
1034 940 1081 970 his

216 980 300 1010 cedes
328 979 466 1018 Maevii3
498 979 553 1010 has
581 979 767 1010 incendium
800 981 984 1021 occupavit.
1018 981 1082 1021 ejus

212 1021 352 1053 incendii
378 1021 507 1053 arcendi
534 1022 632 1061 gratia
657 1019 764 1051 Titius
787 1021 870 1052 aedes
900 1022 1080 1061 Sempronii

214 1063 320 1094 diruit.
345 1071 382 1094 an
403 1062 474 1103 lege
493 1062 616 1103 Aquilia
635 1061 787 1093 tenetur?
810 1061 852 1093 Et
870 1072 935 1094 non
954 1064 1080 1104 placet,

215 1112 289 1135 eum
307 1104 428 1135 teneri:
454 1104 526 1143 quia
545 1112 631 1140 non,
654 1102 675 1134 fi
693 1103 978 1144 qualiterqualiter
994 1106 1080 1137 dam-

215 1154 292 1177 num
309 1145 419 1184 dedit,
450 1145 582 1185 Aquiliae
602 1145 762 1176 obnoxius
781 1145 846 1184 est3
878 1145 928 1177 sed
948 1146 968 1177 fi
993 1147 1080 1178 dam-

215 1196 291 1218 num
317 1187 427 1226 injuria
454 1187 566 1218 dedit:
597 1186 628 1217 id
656 1185 701 1216 est
720 1208 729 1224 ‚
759 1185 780 1217 si
803 1186 867 1218 fine
889 1188 956 1226 jure
973 1188 1080 1226 dedit,

213 1227 277 1260 five
299 1227 318 1259 fi
342 1228 433 1268 culpa
452 1228 534 1268 quali
563 1227 646 1268 quali
671 1236 742 1267 quae
766 1228 858 1259 cadat
881 1231 911 1260 in
940 1229 1080 1261 hominis

215 1269 446 1309 prudentiffimi
471 1268 723 1310 castigationem.
754 1277 785 1299 at
813 1270 884 1310 quis
909 1271 1080 1310 reprelien-

217 1311 270 1342 dat
286 1309 411 1342 Titium
423 1333 432 1349 ‚
456 1312 544 1351 quod
568 1319 674 1342 motus
691 1319 804 1351 magna
828 1311 857 1342 vi
876 1311 904 1342 &
918 1311 1001 1351 J'usto
1018 1322 1081 1344 me-

216 1359 270 1390 tu,
294 1361 335 1383 ne
354 1351 434 1392 ignis
450 1352 489 1383 ad
503 1352 590 1383 aedes
606 1351 672 1382 suas
691 1353 875 1392 perveniret
889 1376 899 1391 ‚
923 1353 1018 1384 vicini
1041 1363 1079 1384 ae-

216 1394 274 1424 des
293 1393 482 1425 intercidit?
505 1392 585 1424 fecit
604 1394 689 1424 enim
705 1416 714 1431 ,
739 1400 773 1424 ut
791 1394 875 1425 aedes
894 1393 960 1425 suas
977 1403 1081 1426 tuere-

217 1442 269 1465 tur
290 1433 436 1466 adversus
454 1435 517 1466 vim
535 1434 674 1465 incendii
693 1445 700 1466 :
725 1435 812 1474 quod
829 1435 878 1475 jus
895 1435 925 1466 δε
939 1444 1009 1467 mos
1028 1446 1081 1477 pa-

218 1477 314 1511 titur,
338 1484 410 1506 cuin
430 1475 502 1506 alias
527 1483 591 1506 non
608 1475 716 1515 poffit:
744 1475 823 1506 teste
842 1475 963 1508 Seneca
988 1477 1035 1509 lib.
1053 1487 1078 1509 1.

215 1515 265 1547 De
289 1517 436 1547 clementia
457 1526 481 1547 c.
502 1526 550 1556 25.
575 1517 628 1556 qui
654 1516 768 1555 inquit.
822 1516 883 1548 Sub
905 1528 962 1549 uno
984 1519 1079 1560 aliquo

215 1557 285 1587 tecit>
294 1555 417 1596 flamma
434 1559 590 1597 apparuit,
606 1557 729 1597 familia
746 1559 894 1599 vicinique
912 1569 1018 1600 aquom
1035 1562 1080 1591 in-

213 1604 342 1638 gerunt:
375 1603 406 1629 at
436 1599 601 1629 incendium
625 1597 741 1638 ‘nestum
765 1598 925 1632 &multas
943 1602 1007 1641 jam
1032 1604 1078 1632 clo-

214 1649 273 1670 mos
295 1637 443 1679 depastum
462 1645 546 1679 porte
571 1641 651 1670 urbis
677 1641 819 1672 obruitur.
863 1641 963 1681 Igitur
985 1642 1006 1674 fi
1023 1642 1080 1675 Ti-

214 1681 276 1711 tius
300 1680 493 1720 Sempronio
518 1682 666 1712 damnum
693 1682 804 1720 dedit,
838 1682 975 1722 dirutis,
1008 1694 1078 1723 pro-

213 1728 287 1762 pter
305 1722 488 1753 incendium
504 1745 514 1761 ‚
538 1722 656 1754 aeciinus
674 1722 756 1762 ejus:
780 1723 873 1762 (quia
896 1725 1079 1757 necessitate

215 1763 365 1794 damnum
385 1763 493 1800 dedit)
516 1773 581 1795 non
600 1764 729 1803 injuria,
748 1762 800 1794 sed
817 1765 888 1805 lege
904 1768 1077 1806 temporis,

212 1805 363 1836 damnum
391 1803 509 1836 dedisse
533 1805 678 1835 videtur:
711 1813 816 1845 neque
839 1807 935 1846 magis
952 1808 1079 1848 Aquilia

212 1853 341 1877 tenetur
365 1847 435 1887 lege
452 1869 461 1884 ,
494 1855 587 1886 quam
611 1845 632 1878 fi
657 1845 774 1877 alienas
795 1855 916 1879 merces
938 1849 968 1879 in
993 1857 1079 1880 mai-e

211 1885 393 1927 projeciffet
416 1886 638 1918 servandarum
665 1888 820 1918 mercium
839 1886 959 1921 suarum
987 1889 1078 1921 causa

210 1928 232 1959 l.
252 1938 299 1968 14.
322 1928 365 1959 D.
384 1929 417 1959 de
430 1928 606 1969 praeseriptis
621 1930 726 1959 verbis.
750 1938 823 1960 nam
841 1928 870 1960 ὅ(
893 1928 949 1962 has
968 1940 1078 1962 neces·

212 1969 319 2007 fitam,
343 1969 430 2001 velut
444 1970 533 2010 jure,
563 1969 728 2011 projeciffe
752 1970 889 2002 videtur.
928 1970 980 2002 De
997 1981 1077 2003 utra-

212 2019 277 2050 que
295 2009 399 2049 specie
425 2011 466 2042 sic
488 2011 609 2042 Seneca
632 2010 744 2048 Pater,
774 2011 822 2042 lib.
839 2021 870 2050 4.
895 2011 1075 2047 Controverf.

211 2050 374 2093 Neceffitas
391 2049 448 2092 est,
471 2061 532 2093 quae
549 2053 671 2093 navigia
682 2052 767 2093 joela
785 2059 940 2092 exonerat,
964 2054 1074 2094 neceffi-

213 2099 260 2124 tas
282 2091 321 2133 ‘st
336 2116 346 2132 ‚
379 2103 442 2135 quae
466 2094 561 2124 ruinis
587 2095 720 2124 incendia
744 2094 904 2134 opprimit,
933 2095 1077 2136 necefflzas

213 2133 252 2174 est
276 2135 322 2166 lex
344 2136 484 2175 temporis.
526 2134 588 2166 His
608 2136 735 2166 accedit
759 2135 789 2166 ἂ
815 2135 872 2167 alia
890 2137 971 2167 ratio
996 2148 1036 2169 ex
1053 2138 1075 2168 l.

214 2184 243 2215 7.
266 2177 294 2217 §.
316 2185 346 2214 4.
372 2175 413 2207 D.
432 2175 520 2219 Quod
534 2178 567 2207 vi
583 2183 635 2207 aut
653 2177 735 2208 clam.
760 2185 796 2207 ea
815 2178 896 2207 ratio
916 2177 1078 2219 est,quod

214 2216 396 2258 Sempronii
416 2221 499 2249 aedes
522 2227 613 2258 aeque
637 2218 785 2258 periturae
799 2216 946 2257 fuiss'ent,
979 2220 1034 2252 etfi
1060 2230 1078 2252 a

213 2257 308 2290 Titio
337 2267 404 2289 non
433 2257 563 2290 fuissent
593 2258 714 2290 dirutae.
746 2258 882 2299 proinde
915 2260 936 2291 ss
965 2261 1077 2293 dirutae

211 2299 309 2339 sunt,
340 2309 406 2331 non
429 2300 556 2332 videtur
581 2301 730 2331 damnum
754 2300 944 2341 Sempronio
970 2303 1076 2336 datum

213 2340 303 2379 esse,
338 2342 450 2382 utique
476 2342 624 2382 perituris
653 2341 782 2373 aedibus.
814 2349 910 2382 atque
934 2343 966 2374 id
996 2345 1078 2376 adeo

212 2391 326 2414 verum
351 2382 396 2414 est
412 2405 421 2421 ,
454 2391 487 2414 ut
506 2407 515 2422 ,
546 2382 609 2414 five
629 2383 813 2422 pervenerit
832 2384 912 2424 ignis
938 2384 976 2415 ad
995 2384 1077 2417 Titii

214 2424 298 2454 aedes
315 2447 325 2462 ,
356 2423 419 2455 sive
437 2432 511 2455 ante
535 2424 695 2456 extinctus
713 2423 773 2463 fit,
806 2425 935 2464 Aquilia
960 2426 1076 2459 cess'et:

214 2466 286 2501 Quia
311 2464 440 2504 sufficit,
465 2464 556 2496 Titio
573 2473 640 2497 tum
655 2488 665 2505 ,
695 2474 769 2497 curn
787 2467 871 2497 aedes
898 2467 1012 2506 diruit,
1033 2469 1077 2509 ju·

212 2505 294 2538 stum
318 2514 438 2537 metum
462 2506 554 2538 fuisse
571 2530 580 2545 ‚
611 2517 651 2539 ne
675 2507 713 2538 ad
737 2506 767 2538 se
791 2508 975 2548 perveniret
999 2510 1078 2551 ignis

214 2547 359 2587 quamvis
378 2548 403 2577 is
420 2556 522 2579 metus
563 2547 610 2580 ost
629 2547 770 2581 deflerit:
794 2558 864 2580 nam
879 2572 888 2588 ,
920 2557 956 2581 ut
973 2549 1077 2583 Hora-

216 2589 277 2619 tius
302 2589 347 2618 ait
368 2588 416 2619 lib.
438 2598 462 2620 1.
484 2557 561 2630 epist.
584 2595 629 2624 18.

253 2646 307 2653 -—
324 2646 377 2652 —
393 2647 446 2653 —-
473 2628 537 2661 'sua
553 2640 595 2661 res
611 2633 731 2673 agitur,
742 2633 837 2672 paries
851 2642 915 2664 cum
924 2634 1078 2673 proximus

493 2673 592 2709 ardet,

257 2711 299 2743 Et
315 2710 444 2752 neglena
451 2712 546 2751 fiilent
561 2712 816 2752 incendiasumere
832 2716 919 2747 vires.

214 2752 324 2785 Habes
340 2753 516 2793 elegantem
529 2753 609 2784 Celsi
620 2754 648 2784 ἀ
659 2753 786 2794 Ulpiani
804 2755 989 2788 sententiam
1008 2757 1037 2788 in
1048 2758 1077 2788 d.

215 2795 235 2826 l.
247 2804 295 2833 49,
313 2793 339 2836 §.
357 2803 381 2825 1.
398 2793 443 2825 D.
459 2795 509 2825 Act
523 2795 610 2835 legem
626 2795 776 2835 Aquiliam
793 2796 876 2837 &hg
904 2797 970 2839 ξφ.
987 2798 1028 2829 D.
1046 2800 1079 2829 de

215 2836 367 2873 incendio,
389 2836 494 2873 ruina,
516 2837 694 2875 naufragio,
721 2845 826 2877 neque
843 2839 1040 2870 aberrantem
1061 2849 1077 2870 a

215 2877 316 2909 Servii
333 2876 618 2917 interpretatione:
635 2885 726 2915 quarn
745 2878 828 2909 idern
841 2878 994 2919 Ulpianus
1009 2879 1077 2911 sub-

213 2919 282 2960 jicit
299 2918 329 2949 in
353 2917 422 2948 haec
439 2917 534 2948 verba
552 2918 569 2947 l.
583 2927 610 2958 7.
630 2918 658 2959 ἓ.
672 2928 700 2956 4.
714 2919 755 2949 D.
775 2918 861 2960 ‚Quod
870 2922 903 2950 vi
921 2928 971 2953 aut
989 2922 1074 2953 clam.

254 2957 309 2999 Est
327 2958 364 2993 &³
380 2959 439 2990 alia
453 2960 577 2999 exceptio
596 2982 606 2997 ,
637 2961 671 2989 cle
694 2968 752 2999 qua
770 2961 866 2995 Celsus
881 2964 1013 3001 dubitat,
1036 2973 1075 2994 an

268 3000 311 3039 fic
326 3001 491 3042 objicienda.
516 3006 551 3030 ‘ut
572 2998 684 3039 putafi
701 3002 828 3031 mci-‘miii
851 3005 968 3034 arcendi
988 3011 1075 3038 caula

273 3043 367 3074 vicini
383 3044 451 3072 aedes
468 3042 601 3072 intercidi
619 3065 628 3080 ‚
661 3040 697 3074 δ”
714 3043 789 3081 quod
810 3044 843 3073 vi
860 3050 912 3073 aut
933 3045 1005 3076 clam
1020 3055 1073 3076 me-

277 3093 343 3114 cum
361 3089 468 3124 agatur
482 3106 491 3121 ‚
520 3089 573 3114 aut
596 3084 695 3113 dammi
716 3083 837 3122 injuria.
881 3084 985 3115 Gallus
999 3088 1074 3117 em'm

277 3125 390 3154 dubitat
408 3148 417 3163 ‚
448 3134 487 3155 cm
501 3125 596 3164 excipi
617 3129 770 3164 oporteret,
799 3125 874 3164 quod
889 3126 1013 3156 incendii
1030 3130 1074 3157 de-

267 3165 410 3202 fendendi
432 3167 517 3203 causo
553 3164 647 3196 aetum
672 3175 729 3196 non
746 3164 812 3202 stt?
842 3166 963 3196 Servius
978 3173 1074 3198 autem

277 3205 319 3235 aiz
330 3227 338 3241 ,
354 3204 383 3242 fi
398 3207 429 3236 id
442 3166 628 3248 magificratus
637 3206 768 3247 feczffi¹t‚
791 3207 915 3237 cimzdnm
931 3206 982 3247 effe
993 3231 1001 3246 ‚
1014 3210 1076 3248 pri-

273 3251 342 3277 vato
366 3255 422 3278 non
437 3247 488 3288 effe
513 3251 586 3280 idem
602 3249 820 3281 concedendum.
836 3246 867 3286 fi
890 3255 984 3280 tamen
1004 3251 1075 3290 quid

823 145 1129 183 GERARDI
1179 138 1409 179 Noonr

1185 231 1219 261 vi
1238 235 1291 262 aut
1311 231 1384 263 clam
1399 229 1520 271 strelam
1538 222 1582 270 fit
1599 254 1609 272 ‚
1638 238 1731 274 neque
1751 233 1830 275 ignis
1853 244 1942 277 usque
1962 244 1994 270 eo

1182 273 1375 313 pervenzffess
1391 272 1489 314 fimplz'
1510 273 1588 304 licem
1609 271 1828 314 ‹estimandom3
1847 275 1876 314 fi
1889 285 1990 317 perve-

1185 312 1285 354 nzffet,
1308 315 1416 353 absolvi
1432 323 1496 345 eum
1520 321 1652 354 oportere.
1698 316 1778 347 Idem
1800 319 1843 347 ait
1869 318 1937 357 effe,
1961 319 1990 358 fi

1185 356 1284 386 damni
1305 356 1418 397 injuria
1436 356 1630 396 crcluriiforet.
1655 358 1792 397 quoniam
1815 358 1925 389 nuliam
1947 362 1991 392 in-

1180 395 1293 436 juriam
1310 404 1362 427 oui:
1378 398 1517 428 damnum
1538 399 1606 428 dare
1627 400 1744 429 vzclecur
1764 408 1841 439 aeque
1851 401 1993 439 perituris

1186 438 1300 469 aedinoi.
1338 437 1461 481 Quodsi
1476 438 1553 469 nullo
1573 441 1701 470 zncendz'o
1724 441 1753 470 ici
1763 441 1892 480 feceris,
1914 444 1994 474 dein·
2035 454 2037 456 ·

1187 480 1220 509 de
1234 478 1331 519 postea
1354 481 1519 510 vicendium
1535 488 1629 511 ortum
1637 482 1753 519 fuerit,
1781 491 1838 512 non
1855 484 1928 513 idem
1949 485 1993 515 di-

1187 523 1306 551 cendum
1322 523 1375 552 erit
1386 544 1402 559 ,.
1418 530 1488 562 qma
1505 531 1560 552 non
1579 530 1614 552 ex
1629 520 1787 562 postfacto,
1805 525 1857 562 sed
1871 533 1906 554 ex
1918 532 1991 564 prce-

1187 562 1258 595 sentz'
1267 561 1351 601 statu
1368 568 1507 593 dammam
1519 562 1639 602 fisclum
1647 562 1708 602 fit,
1728 572 1779 595 nec
1796 573 1849 603 ne,
1871 563 1991 605 estuna-

1188 604 1215 633 η’
1231 611 1354 642 oportere
1371 603 1465 635 Labeo
1483 606 1536 636 αιί.
1907 631 1910 634 ,

1125 639 1203 674 Erat
1228 644 1410 676 incendium
1437 647 1467 675 in
1496 646 1612 678 Vicinia
1635 643 1728 677 Titii.
1752 647 1779 678 is
1797 655 1870 678 cum
1901 646 1992 679 time·

1127 692 1198 723 ret,
1223 694 1262 715 ne
1278 686 1308 717 id
1324 689 1363 718 ad
1384 686 1413 717 se
1429 687 1574 726 veniret,
1599 688 1695 719 vieini
1713 689 1797 719 aedes
1817 688 1991 729 dissipavit,

1127 734 1301 765 quaeritur,
1330 736 1368 758 an
1395 728 1593 768 interdicto,
1625 729 1726 771 Quod
1752 739 1782 760 vr
1811 738 1865 760 auc
1889 735 1991 770 clam,

1126 776 1180 798 aut
1196 767 1322 799 actione
1339 770 1443 800 damni
1465 770 1574 809 injuria
1595 779 1634 801 ex
1659 773 1729 811 lege
1748 772 1893 811 Aquilia,
1917 781 1994 803 con-

1127 809 1253 847 veniri3
1279 810 1307 840 ἀ
1325 809 1347 841 fi
1363 819 1593 850 conveniatur,
1618 821 1656 842 an
1675 813 1704 843 le
1722 821 1802 843 tucri
1823 812 1917 852 poffit
1931 812 1993 844 hac

1126 859 1322 890 exceptione
1339 874 1348 889 ,
1381 851 1481 893 Quod
1507 853 1645 884 incendii
1673 853 1802 884 arcendi
1826 856 1914 885 caula
1945 854 1992 885 fa-

1125 891 1209 923 ctum
1233 902 1297 923 non
1323 892 1387 924 fit?
1413 893 1551 925 Primum
1576 895 1618 925 ait
1647 893 1801 935 Ulpianus
1821 918 1832 933 ,
1864 894 1992 928 Celsum

1125 933 1194 972 (ita
1218 934 1388 974 legendum
1413 935 1507 973 Celsus
1524 958 1534 973 ‚
1566 945 1628 966 non
1655 936 1786 976 Gallus)
1817 938 1991 977 dubitaise,

1125 983 1163 1005 an
1186 972 1293 1006 'I'itius
1312 997 1324 1013 ‚
1355 975 1376 1006 ii
1401 976 1465 1007 hoc
1487 978 1659 1008 interdicto
1681 986 1893 1009 conveniatur
1908 1001 1918 1016 ,
1954 988 1992 1010 ea

1125 1016 1322 1056 exceptione
1345 1016 1376 1047 se
1400 1018 1479 1048 tueri
1503 1018 1620 1057 possit:
1645 1019 1675 1049 id
1697 1019 1742 1050 est
1758 1043 1767 1057 ‚
1798 1029 1841 1050 ait
1866 1019 1992 1051 Cerum

1124 1057 1311 1089 existimasse
1329 1081 1338 1095 ,
1368 1056 1481 1096 Titio,
1512 1058 1534 1089 fi
1558 1069 1599 1090 eo
1623 1060 1794 1092 interdicto
1818 1070 1991 1092 comenia—

1125 1106 1197 1138 tur,
1221 1100 1355 1131 dandam
1381 1099 1442 1130 effi:
1460 1100 1542 1131 hanc
1558 1103 1786 1141 exceptionem
1826 1106 1887 1132 noc
1906 1102 1992 1135 enirn

1124 1141 1271 1182 indigitat
1294 1151 1329 1172 ea
1353 1141 1496 1180 locutio,
1519 1141 1635 1181 dubito,
1658 1153 1714 1174 an:
1740 1152 1772 1174 ut
1797 1143 1992 1175 demonstra⁴

1125 1184 1158 1213 vi
1182 1183 1270 1221 supra
1295 1182 1401 1223 capite
1420 1183 1529 1215 sexto:
1555 1184 1584 1214 in
1604 1184 1712 1223 primis
1732 1193 1837 1216 autern
1858 1195 1947 1224 peret
1965 1185 1992 1218 is

1124 1223 1228 1255 sensus
1246 1224 1313 1264 ipso
1331 1225 1382 1264 qui
1401 1233 1438 1255 ea
1461 1225 1626 1256 locutione
1644 1226 1714 1256 ulus
1731 1225 1775 1257 eil
1792 1249 1801 1262 ‚
1834 1228 1992 1267 interpre-

1125 1273 1157 1296 te
1180 1267 1210 1296 in
1235 1267 1264 1297 d.
1287 1266 1374 1308 l.49‚
1406 1265 1434 1307 §.
1464 1275 1489 1296 1.
1524 1264 1560 1300 ὅ)
1583 1269 1610 1297 ιτ.
1638 1270 1655 1297 ι.
1676 1277 1703 1308 3.
1727 1266 1754 1307 ἓ.
1775 1276 1802 1307 7.
1838 1272 1912 1299 iioc
1929 1269 1990 1307 pri·¹

1124 1316 1210 1339 mum
1239 1309 1332 1346 ponit
1360 1306 1534 1347 Ulpianus:
1567 1308 1618 1337 sed
1641 1310 1756 1339 deinde
1783 1310 1890 1347 antiit,
1922 1310 1992 1341 Ser-

1123 1349 1211 1381 vium
1228 1348 1447 1390 Magistratum
1475 1349 1645 1380 distinxisse
1666 1359 1681 1379 a
1700 1350 1843 1389 privato:
1868 1353 1898 1381 ot
1923 1350 1993 1381 Ma·

1121 1389 1261 1430 gitti-attii
1279 1391 1428 1430 quidem,
1451 1389 1471 1420 fi
1490 1391 1520 1421 id
1537 1389 1679 1428 fecisset,
1703 1399 1800 1431 atque
1820 1402 1895 1422 ine«)
1915 1402 1995 1424 con‘

1124 1440 1240 1463 ventu3
1260 1433 1356 1470 ess'et,
1380 1431 1504 1464 facilius
1523 1442 1752 1472 exceptionem
1772 1434 1909 1465 deoill'e:
1936 1443 1993 1474 pu-

1123 1480 1176 1512 to,
1200 1475 1289 1514 quod
1305 1473 1367 1504 ess'e
1384 1475 1548 1505 vrderctnr
1574 1473 1779 1514 praesumptio
1805 1485 1862 1512 pro
1889 1475 1992 1505 hono-

1123 1524 1156 1546 re
1188 1514 1416 1556 Magistratu3‚
1450 1525 1523 1546 euin
1548 1515 1592 1546 nil
1619 1524 1738 1547 temere
1765 1514 1896 1555 feciii‘e,
1936 1516 1991 1549 sed

1122 1565 1263 1597 cogente
1295 1556 1503 1595 necestitate3
1534 1558 1670 1596 utique,
1708 1556 1763 1588 nifi
1793 1558 1990 1589 adversarius

1121 1607 1194 1628 eum
1218 1599 1335 1638 injuriae
1353 1598 1437 1629 clare
1454 1607 1684 1636 convinceret,
1707 1599 1737 1629 id
1756 1597 1819 1637 est,
1842 1599 1896 1630 nili
1913 1609 1992 1631 con·

1123 1646 1168 1669 tra
1193 1639 1378 1671 ostenderet
1392 1662 1402 1678 ,
1434 1640 1542 1680 ignem
1558 1648 1625 1670 non
1648 1638 1740 1671 fuiffe
1758 1649 1798 1670 co
1817 1641 1990 1680 probabili·

1123 1688 1170 1711 ter
1189 1689 1436 1720 perventurum:
1461 1683 1586 1720 privato
1605 1688 1734 1719 autem,
1758 1680 1777 1712 fi
1804 1691 1828 1712 η
1844 1681 1990 1721 swillet,

1122 1722 1350 1762 exceptionem
1377 1721 1538 1753 difficilius
1564 1721 1708 1760 dediss'e3
1737 1721 1793 1753 nisi
1816 1723 1990 1763 probaret,

1121 1762 1265 1794 futurum
1283 1763 1376 1794 fuisse
1395 1762 1628 1803 probabiliter,
1652 1770 1685 1793 ut
1710 1772 1751 1793 eo
1770 1763 1852 1804 ignis
1875 1774 1990 1804 perve-

1121 1811 1215 1835 niret.
1240 1803 1390 1836 summam
1411 1812 1516 1835 tamen
1534 1804 1595 1835 elle
1608 1827 1618 1842 ,
1642 1812 1677 1835 ut
1695 1803 1715 1835 fi
1739 1814 1779 1835 eo
1795 1807 1993 1845 pervenillce

1120 1845 1221 1885 ignis,
1244 1846 1276 1877 id
1300 1845 1366 1884 est,
1398 1855 1439 1876 eo
1459 1845 1610 1885 potuisset
1633 1854 1820 1885 pervenire,
1844 1856 1915 1878 reus
1935 1849 1990 1879 ab·

1121 1886 1290 1919 solvendus
1308 1886 1400 1918 esset:
1426 1886 1446 1917 ii
1462 1896 1503 1917 eo
1521 1896 1586 1918 non
1606 1886 1815 1926 perreniss'et,
1838 1888 1904 1919 hoc
1921 1889 1991 1934 est,

1120 1927 1142 1959 fi
1159 1937 1224 1960 non
1244 1927 1396 1969 potuiss'et
1417 1937 1458 1959 eo
1478 1938 1664 1968 pervenire,
1689 1930 1724 1959 iis
1741 1930 1922 1962 aeitimanda
1943 1941 1990 1963 es-

1119 1968 1186 2001 set:
1217 1969 1249 2001 id
1274 1969 1319 2001 est
1336 1993 1346 2007 ,
1376 1971 1411 2000 lis
1441 1972 1520 2001 tanti
1547 1970 1726 2001 aeitimzinda
1753 1969 1852 2009 ess'ec,
1878 1972 1989 2011 quanti.

1119 2010 1236 2041 actoris
1259 2010 1421 2042 intereffet
1449 2011 1469 2042 l.
1491 2020 1537 2050 15.
1562 2011 1590 2052 §.
1614 2019 1641 2050 7.
1668 2010 1704 2044 ἐπ’*
1723 2020 1753 2048 9-
1782 2011 1823 2043 D.
1845 2011 1933 2055 Quod
1954 2013 1988 2044 vi

1119 2058 1170 2082 auc
1189 2051 1272 2083 clam.
1307 2052 1359 2083 Sic
1375 2051 1452 2083 mihi
1472 2053 1618 2090 videtur,
1643 2052 1672 2082 (x
1689 2051 1772 2083 hanc
1787 2063 1905 2085 evocem
1916 2053 1988 2093 fim-

1114 2092 1179 2133 pli,
1203 2102 1298 2133 quam
1318 2093 1462 2134 plerique
1484 2094 1614 2124 codices
1637 2093 1836 2134 adgnoscunt
1858 2098 1889 2126 in
1912 2104 1939 2127 α.
1964 2096 1986 2128 l.

1120 2143 1150 2174 7.
1173 2133 1202 2175 §.
1221 2144 1250 2174 4.
1276 2134 1338 2166 effe
1357 2133 1508 2178 spuriam:
1532 2137 1606 2175 quia
1624 2137 1854 2167 condemnatio
1874 2159 1883 2174 ‚
1915 2146 1986 2178 quae

1121 2185 1162 2207 ex
1179 2185 1220 2207 eo
1239 2176 1410 2208 interdicto
1430 2173 1486 2214 fit,
1509 2176 1547 2206 ad
1567 2176 1598 2207 id
1617 2175 1705 2215 quod
1728 2176 1858 2208 interest
1877 2177 1929 2209 fit:
1955 2189 1987 2210 a-

1121 2217 1184 2248 deo
1212 2216 1334 2258 semper
1361 2216 1459 2262 simpli
1493 2217 1537 2248 est
1557 2240 1566 2256 ‚
1603 2217 1689 2257 dupli
1726 2227 1898 2258 numquam
1928 2220 1983 2252 est.

1122 2256 1223 2301 Quod
1240 2259 1323 2298 dixi,
1347 2259 1455 2290 censet
1471 2257 1537 2290 Ser=
1552 2268 1597 2290 ius
1617 2259 1647 2289 in
1670 2260 1862 2298 interdicto,
1884 2260 1984 2304 Quod

1122 2309 1153 2331 vi
1172 2307 1225 2330 aut
1243 2300 1323 2332 clam
1338 2324 1347 2339 ,
1378 2300 1527 2340 idemque
1546 2301 1627 2339 ell'e,
1656 2299 1677 2331 fi
1693 2302 1797 2332 damni
1821 2302 1930 2342 injuria
1953 2313 1983 2334 a·-

1120 2349 1212 2382 gatur
1227 2350 1266 2372 ex
1284 2342 1354 2383 lege
1372 2342 1515 2382 Aquilia3
1539 2342 1644 2374 addita
1660 2344 1768 2382 caula,
1791 2351 1864 2383 quia
1879 2353 1983 2385 neque

1122 2385 1289 2421 damnum,
1308 2392 1412 2423 neque
1430 2383 1631 2423 injuria‚dai·i
1650 2391 1702 2414 aut
1721 2382 1787 2415 fieri
1805 2386 1928 2418 videtur
1945 2396 1984 2418 ae-

1121 2432 1183 2465 que
1199 2426 1348 2464 perituris
1366 2425 1496 2456 aedibus.
1516 2424 1656 2465 Exposui
1674 2434 1771 2456 unum
1787 2428 1982 2468 exemplum.

1160 2466 1283 2497 Addam
1312 2467 1448 2498 alterum
1474 2475 1514 2497 ex
1539 2466 1558 2497 l.
1578 2476 1626 2503 29-
1651 2465 1680 2508 §.
1695 2476 1726 2507 3.
1751 2467 1794 2499 D.
1820 2470 1867 2500 Aa*
1894 2470 1982 2511 legem

1119 2507 1280 2549 Aquzlz'ain.
1324 2507 1421 2539 Navis
1440 2508 1469 2539 vi
1488 2516 1659 2539 ventorum
1679 2508 1809 2548 impulsa
1826 2510 1870 2541 est
1887 2512 1919 2542 in
1936 2511 1986 2542 fu·

1120 2558 1176 2581 nes
1194 2548 1402 2580 anchorarum
1420 2549 1548 2580 alterius
1566 2560 1574 2581 :
1608 2557 1711 2580 nautae
1738 2551 1820 2583 illius
1842 2554 1930 2583 navis
1948 2559 1984 2584 ut

1119 2589 1151 2622 se
1183 2589 1367 2626 servarent,
1399 2591 1612 2631 praeciderunt
1638 2589 1730 2623 funes
1770 2594 1982 2626 anchorarum

1120 2631 1216 2663 istius.
1240 2632 1328 2662 navis
1347 2632 1400 2663 ista
1417 2632 1510 2672 periit
1528 2654 1537 2670 ‚
1570 2633 1620 2663 vel
1642 2632 1790 2664 damnum
1816 2633 1898 2673 passa
1914 2635 1983 2674 est,

1120 2682 1158 2704 an
1186 2681 1336 2704 tenentur
1363 2682 1466 2705 nauiae
1485 2673 1502 2704 ¹?
1533 2671 1694 2713 distinguit
1718 2673 1983 2715 Jurisconsultus,

1119 2723 1225 2745 utrum
1249 2715 1413 2754 potuerint
1431 2718 1459 2745 le
1476 2715 1636 2754 explicare
1661 2714 1769 2754 aliter,
1793 2725 1887 2757 quain
1905 2726 1984 2758 prae-

1121 2755 1188 2787 cifis
1212 2755 1357 2794 funibus,
1388 2766 1426 2787 an
1450 2765 1513 2787 non
1532 2756 1707 2796 potuerint.
1733 2760 1762 2788 ὕ(
1780 2759 1887 2797 priore
1909 2759 1982 2791 casu

1121 2806 1236 2837 putat,
1269 2797 1370 2837 culpae
1396 2798 1497 2828 teneri
1516 2806 1572 2829 eos
1588 2820 1598 2835 ,
1628 2798 1699 2837 quia
1717 2807 1784 2830 non
1800 2799 1982 2832 habuerunt

1116 2839 1166 2878 jus
1188 2838 1280 2870 funes
1295 2839 1422 2870 alterius
1440 2839 1653 2879 praecidendi‚
1678 2848 1743 2879 quo
1760 2840 1803 2872 illi
1824 2847 1985 2873 nocerent*

1121 2888 1188 2913 tum
1203 2903 1212 2919 ‚
1244 2889 1316 2910 cuin
1340 2879 1370 2910 se
1387 2880 1476 2911 aliter
1499 2879 1625 2920 poss‘ent
1647 2881 1777 2912 servare.
1801 2882 1979 2922 posteriore

1119 2920 1190 2952 casu
1213 2928 1327 2952 contra
1351 2922 1482 2953 censet:
1514 2931 1586 2962 quia
1613 2931 1678 2953 non
1703 2924 1850 2954 videntur
1866 2925 1979 2964 injuria

1117 2962 1228 2993 feciss'e
1243 2970 1364 3001 nautae,
1388 2964 1441 3004 qui
1459 2961 1489 2993 se
1504 2963 1586 2994 tueri
1604 2964 1794 3001 voluerunt,
1813 2974 1886 2996 cum
1903 2966 1979 2996 alias

1117 3013 1183 3035 non
1207 3003 1349 3044 possent3
1375 3004 1424 3043 δι,
1447 3012 1480 3035 ut
1496 3003 1585 3045 supra
1605 3005 1742 3042 dictum,
1765 3004 1887 3046 sequuti·
1907 3005 1978 3038 sunt

1116 3045 1223 3086 legem
1247 3046 1403 3085 temporis
1418 3069 1427 3083 ‚
1461 3046 1562 3077 coacti
1586 3046 1777 3078 neccfficate.
1818 3045 1907 3078 Idem
1932 3048 1980 3079 tli-

1116 3087 1254 3118 cendum
1278 3089 1363 3118 circa
1388 3087 1468 3118 retia
1490 3087 1706 3128 piscatorum,
1736 3088 1769 3118 in
1796 3096 1866 3128 quae
1887 3089 1976 3120 navis

1115 3128 1281 3159 inciderat.

1158 3169 1275 3200 Similis
1297 3167 1417 3209 species
1441 3168 1485 3199 est
1505 3169 1534 3211 §.
1553 3179 1582 3209 4.
1613 3168 1752 3209 ejusdem
1783 3168 1871 3209 legis.
1913 3169 1976 3206 Na·

1117 3210 1165 3240 vis
1184 3210 1291 3241 obruit
1306 3211 1397 3243 aliam
1415 3219 1528 3241 navem
1543 3218 1653 3240 contra
1674 3209 1704 3239 se
1723 3210 1924 3244 venientem:
1939 3210 1975 3243 ,fi

1118 3252 1257 3292 contigit
1274 3259 1361 3284 tanta
1378 3251 1429 3290 vi,
1453 3259 1488 3282 ut
1504 3260 1569 3283 non
1584 3251 1726 3290 potuerit
1741 3253 1908 3293 temperari
1923 3262 1974 3298 na-

1906 3302 1974 3333 vis;
