2036 3495
154 104 226 140 34¹⁹
574 87 608 122 G
641 95 662 120 E
695 95 718 118 R
751 93 774 119 Α
805 91 829 117 n
859 92 884 117 1>
918 91 933 116 1

158 181 214 221 iit,
237 179 304 222 ejus
325 185 376 212 res
398 186 416 210 a
435 173 529 209 Titio
552 173 678 216 pignori
700 170 841 211 obligata
862 168 923 201 sit:
946 168 1036 200 nullo

163 223 284 256 deinde
299 219 421 253 domini
436 215 587 249 consensu
598 223 638 246 ex
656 221 746 245 novo
754 210 842 244 facto
855 209 1036 256 subsecuto.

202 262 414 296 Constituitur
427 259 523 300 igitur
540 265 582 288 ex
597 254 715 287 Edicto
731 253 846 300 pignus
862 251 1038 297 qualicum-

162 314 228 346 que
245 305 330 336 nuda
344 299 577 334 conventione.
616 297 732 328 Utrum
747 304 780 327 in
794 304 831 327 re
843 300 907 326 tina
916 314 929 333 ,
951 301 990 325 an
1004 299 1039 326 111

159 343 333 387 pluribus?
353 349 414 374 nec
430 339 483 371 hic
497 338 661 381 distinguit
685 336 829 370 Praetori·
854 335 884 368 ez
899 332 946 367 est
964 335 1037 367 rati-

165 387 259 425 onis,
287 387 352 416 tani
367 383 408 414 de
424 380 594 420 omnibus,-
616 383 712 422 quani
728 379 770 412 de
784 381 865 418 una,
882 385 943 418 pro
959 385 1037 409 cons

163 425 358 459 trahentium
372 422 506 454 utilitate
515 421 693 455 conveniri.
708 420 846 462 proinde
862 418 900 451 fit
916 418 1037 458 duplex

158 470 293 510 pignus:
314 471 414 497 unum
429 463 587 505 speciale,
607 463 741 495 alterum
756 462 916 504 generale.
939 459 1037 498 illud,

158 518 232 542 cum
247 507 288 539 de
305 515 367 539 una
382 515 434 545 re,
459 504 525 537 five
544 514 606 537 una
625 503 749 545 specie,
772 501 942 543 obliganda
959 510 1038 532 con-

160 548 308 581 venitur:
332 547 414 586 hoc‚
436 555 511 579 cum
538 547 579 578 de
603 546 772 582 omnibus,
794 544 859 576 sive
875 542 1036 575 universis.

158 590 328 630 utriusque
343 588 468 621 mentio
484 589 546 620 inl.
565 598 593 620 2.
611 587 644 619 C.
663 586 685 619 l.
706 585 811 621 1.&l.
831 594 878 625 15.
901 583 928 626 §.
950 593 976 616 1.
994 583 1035 615 D.

159 632 188 663 h.
205 637 228 663 ε.
244 631 381 672 primum
397 629 461 666 est,
484 629 540 661 ubi
555 630 596 661 de
613 638 647 660 re
663 637 725 660 una
741 628 772 659 &
787 634 894 664 certa,
918 632 952 656 ut
970 624 1038 666 pig·

159 672 232 706 nori
248 671 304 712 fit,
325 670 494 704 convenit:
518 678 585 702 tum
611 679 690 701 vero
706 668 759 701 illa
777 675 899 700 tantum
919 668 959 699 de
974 675 1037 707 qua

158 714 352 747 nominatim
375 711 551 750 convenit,-
573 709 700 752 pignori
723 710 794 742 erit.
818 708 928 748 estque
953 709 1036 739 adeo

157 755 446 792 confiderandum,
474 762 541 785 non
570 752 671 784 modo
697 760 737 782 an
770 760 839 786 res..
863 750 915 781 sed
939 749 1037 780 etiam

158 807 231 838 quae
248 806 297 829 res
313 795 370 835 fit,
390 796 430 827 de
449 802 511 835 qua
533 800 733 826 conventum
753 792 808 823 est.
833 790 905 831 fac;
927 790 1037 830 (quod

158 838 207 871 est
223 838 407 879 exemplum
426 835 446 867 l.
466 838 518 867 26.
544 834 574 877 ᾗ.
599 843 629 867 2.
654 834 683 866 b,
710 833 754 874 t.)
780 832 899 865 Lucius
926 831 1036 863 Titius

156 879 278 922 praedia
293 879 323 911 &
345 877 505 921 mancipia
527 884 598 917 quae
623 874 657 907 in
681 875 807 916 praediis
824 882 934 912 erant,
956 873 1037 905 obli-

156 921 256 965 gavit.
278 929 315 952 ea
330 918 488 958 mancipia
503 922 633 949 mortua
648 916 726 948 sunt.
741 916 773 948 in
793 925 830 947 ea
847 915 965 956 praedia
983 914 1041 946 de-

157 963 235 997 inde
251 960 338 994 missa
353 960 393 993 ab
401 958 573 991 heredibus
584 957 679 990 Lucii
697 957 780 989 Titii
799 957 868 988 sunt
885 956 954 988 alia.
972 964 1040 987 cre-

159 1006 245 1037 ditor
273 1003 345 1035 haec
366 1010 441 1034 cum
462 997 594 1042 praediis
620 1000 692 1041 iure
717 999 861 1041 pignoris
885 997 1039 1029 distraxit.

157 1045 335 1089 Quaefitum
351 1042 414 1075 fuit
430 1062 444 1083 9
472 1051 512 1074 an
530 1050 660 1082 emptor
676 1041 746 1072 haec
766 1039 924 1081 mancipia
947 1038 1034 1070 10610

157 1088 322 1120 vindicare
337 1084 457 1127 poflit?
480 1082 644 1126 quaerendi
662 1082 774 1121 causa,
798 1082 889 1122 quod
903 1090 920 1112 a
936 1079 1035 1112 credi-

158 1136 233 1162 tore
255 1129 388 1160 inventa
410 1125 482 1158 sunt
504 1125 536 1156 in
553 1123 704 1164 praediis,
733 1123 762 1154 ei
790 1121 938 1164 obligatis
961 1130 1035 1153 cuni

157 1169 329 1210 mancipiis
345 1169 377 1200 in
394 1167 444 1199 bis
461 1165 654 1198 constitutisi
690 1163 893 1197 Modestinus
910 1161 1036 1202 respon-

159 1214 227 1252 dit,
241 1211 264 1244 fi
281 1219 387 1251 neque
402 1208 572 1251 pignorata
582 1207 652 1239 sunt
668 1206 731 1248 ipsa
741 1205 897 1246 mancipia
909 1227 919 1243 ,
932 1212 1038 1244 neque

160 1264 202 1287 ex
217 1251 394 1295 pignoratis
418 1249 486 1282 aoe'
516 1249 541 1280 is
564 1255 658 1288 nata,
678 1247 893 1279 creditoribus
908 1245 1039 1277 minime

157 1296 303 1337 obligata
317 1292 393 1325 effe.
415 1290 479 1323 Mo
504 1289 741 1329 estinus,more
756 1287 967 1329 quorumdam
977 1286 1040 1318 Ve-

157 1345 285 1375 terum,
300 1344 368 1368 non
384 1333 426 1366 cie
441 1332 551 1371 facto,
567 1330 620 1363 sed
636 1331 676 1363 de
690 1332 759 1372 iure
777 1329 956 1369 respondit,
972 1336 1040 1360 non

159 1385 320 1421 oportere
336 1375 456 1417 quaeri,
480 1383 519 1405 an
536 1373 694 1414 mancipia
710 1380 783 1404 cum
804 1370 930 1413 praediis
945 1371 1040 1410 oppi-

159 1418 302 1463 gnoratis
319 1415 463 1450 distracta
477 1415 578 1447 modo
594 1414 715 1445 fuerint
730 1414 761 1445 in
779 1412 904 1453 praediis
920 1420 937 1443 a
953 1411 1040 1443 debi-

161 1470 235 1495 tore
251 1458 444 1493 constituta:
463 1456 517 1488 sed
531 1464 572 1487 au
588 1463 626 1486 ea
643 1455 799 1495 mancipia
817 1454 1040 1486 conventione

158 1501 319 1536 debitoris
339 1500 370 1532 δι
388 1496 556 1531 creditoris
578 1495 638 1527 lint
653 1495 894 1536 comprehensa.
925 1503 997 1526 narn
1019 1493 1040 1526 fi

159 1543 228 1586 ipsa
241 1542 301 1575 fint
318 1541 359 1572 de
375 1539 491 1581 quibus
511 1539 722 1575 convenerit,
744 1537 784 1568 ab
812 1543 960 1577 emptore
975 1535 1040 1567 vin-

158 1586 260 1620 dicari
277 1582 380 1616 reete:
395 1581 469 1622 quia
485 1585 575 1611 erant
585 1579 736 1619 obligata.
752 1577 870 1618 quocifi
886 1576 945 1612 alia
960 1576 1038 1615 sint;

161 1636 231 1659 non
247 1625 334 1657 recte
350 1620 525 1660 vindicari,
554 1621 629 1661 quia
652 1629 719 1652 non
743 1619 812 1651 sunt
835 1619 976 1660 obligata
998 1619 1039 1649 de

160 1668 279 1710 quibus
296 1674 363 1698 non
378 1663 425 1696 est
441 1669 659 1700 conventum,
684 1668 719 1698 ut
739 1661 865 1701 pignori
881 1660 951 1692 fint.
978 1658 1039 1690 Ve-

160 1719 196 1743 ra
217 1709 286 1741 haec
304 1706 400 1740 rebus
416 1704 458 1738 fin
484 1704 544 1736 ulis
567 1702 790 1739 conventione
813 1701 940 1743 pignori
956 1700 1041 1733 obli-

162 1750 262 1794 gatis:
274 1748 382 1791 quales
392 1757 442 1779 res
466 1752 523 1777 unt
532 1745 689 1786 mancipia
705 1744 736 1775 in
745 1744 905 1784 superiore
923 1742 1039 1784 specie.

161 1794 207 1826 At
220 1791 243 1824 fi
260 1791 301 1823 de
317 1786 522 1822 universitate
538 1785 736 1828 pignoranda
751 1784 963 1823 convenerit,
979 1783 1045 1815 for-

163 1842 198 1867 te
215 1832 332 1874 ambigi
353 1830 459 1872 poffit.
475 1828 512 1861 fit
527 1829 711 1868 exemptum
728 1827 760 1858 in
775 1835 890 1868 grege:
906 1825 972 1857 hoc
988 1834 1046 1856 vo-

159 1875 279 1910 eubulo
301 1872 485 1906 universitas
508 1868 711 1911 indigitatur:
738 1869 772 1899 id
795 1868 859 1906 est,
882 1866 1046 1907 quoddam

162 1924 302 1958 corpus,
318 1912 467 1946 constans
484 1920 526 1944 ex
538 1910 727 1951 >distantibus
744 1909 920 1950 capitibus,
937 1917 1046 1940 tamen

161 1959 220 1994 uni
234 1955 357 1991 nomini
373 1953 522 1996 subJectis
535 1953 556 1984 l.
586 1962 618 1986 o.
636 1952 686 1984 D.
701 1952 735 1983 de
748 1953 849 1993 ufiirp.
867 1946 904 1985 δ’
920 1950 1045 1990 usucap.

160 2000 264 2044 Igitur
285 2005 382 2041 puta,
406 1994 547 2029 conveni
575 2004 615 2034 e,
638 2000 674 2026 ut
689 2002 769 2035 grex
787 1992 824 2025 fit
842 1992 989 2033 pignori,
1005 2000 1047 2022 ex

163 2050 276 2084 eoque
302 2036 462 2080 capitibus
485 2036 637 2070 omnibus
666 2044 726 2075 per
751 2033 874 2067 diversa
899 2041 1047 2074 tempora

162 2081 322 2121 mortuis,
338 2080 472 2121 aliisque
489 2080 522 2111 in
538 2085 652 2110 eorum
667 2077 777 2109 locum
792 2073 984 2113 substitutis,
1002 2083 1049 2106 re·

164 2131 325 2161 novatum
340 2120 404 2155 ess'e
426 2129 559 2163 gregem
585 2126 712 2158 totum,
735 2127 774 2150 an
799 2117 892 2149 durat
908 2115 1048 2158 pignus?

166 2165 303 2209 quaestio
326 2173 369 2197 eo
395 2162 497 2202 redit,
520 2168 626 2194 utrum
649 2169 729 2201 grex
752 2158 790 2192 fit
811 2158 897 2190 idem
927 2159 967 2190 de
983 2166 1050 2198 quo

166 2205 345 2246 convenit,
359 2212 401 2237 an
416 2202 495 2236 alius
512 2203 553 2235 de
571 2210 639 2244 quo
654 2211 722 2234 non
738 2200 905 2233 convenit.
928 2199 1048 2231 Marci-

167 2258 233 2282 ano
250 2250 272 2282 l.
291 2258 340 2290 13.
359 2246 405 2280 D.
419 2246 448 2278 b.
465 2251 489 2277 t.
515 2244 643 2286 placet,
666 2243 780 2275 durare
803 2242 935 2283 pignus:
958 2240 1048 2281 quod

172 2290 351 2329 existimat,
374 2286 525 2320 eumdem
541 2285 604 2318 effe
619 2293 752 2327 gregem
777 2283 818 2316 de
841 2292 908 2323 quo
925 2291 1047 2314 conve-

170 2333 240 2371 nit,
254 2331 310 2364 etfi
327 2329 457 2363 mutatis
473 2327 624 2361 omnibus
640 2326 800 2367 capitibus
814 2333 884 2365 quae
901 2324 933 2356 in
949 2333 1049 2366 grege

170 2371 277 2406 luere.
299 2373 452 2413 idemque
478 2369 556 2403 milii
583 2369 729 2401 videtur:
751 2365 892 2405 scilicet,
914 2368 988 2406 quia
1009 2366 1052 2397 de

197 2413 277 2456 regis
292 2413 492 2455 obligatione
506 2410 685 2450 convenit,
707 2418 773 2441 non
794 2408 834 2440 de
850 2407 1052 2449 obligatione

200 2456 371 2497 ngulorum
392 2463 429 2487 ca
456 2455 537 2486 itum
559 2461 635 2495 quae
655 2452 749 2484 initio
775 2451 809 2482 in
831 2459 929 2491 grege
953 2455 1053 2481 erant.

175 2496 256 2530 alius
272 2503 377 2528 autem
400 2506 418 2527 e
462 2504 560 2537 grex,
583 2493 643 2527 alia
668 2492 788 2534 singula
814 2492 920 2531 capita
941 2490 962 2521 l.
982 2499 1008 2521 1.
1025 2489 1055 2532 §.

172 2538 236 2573 vlt.
251 2537 301 2568 D.
319 2537 352 2568 de
375 2538 416 2568 rei
438 2538 550 2569 vindic.
573 2545 671 2577 porro
695 2540 817 2566 mutata
842 2532 913 2564 sunt
937 2531 1055 2573 fingula

176 2576 286 2620 capita
301 2577 343 2609 de
359 2577 493 2618 quibus,
510 2585 547 2610 ut
558 2576 686 2619 pignori
704 2574 782 2614 fiat,
799 2583 865 2606 non
874 2574 1051 2606 convenit:

173 2620 235 2662 [ed
249 2627 329 2664 grex
346 2618 386 2649 de
410 2620 498 2660 cujus
525 2619 725 2660 obligatione
751 2616 928 2654 convenit,
950 2622 1052 2648 muta-

171 2668 234 2696 tus
249 2669 313 2693 non
329 2657 394 2691 est:
417 2659 550 2692 durante
565 2659 788 2697 univerfitate,
811 2656 962 2699 quamdiu
987 2656 1054 2696 ejus

173 2701 305 2752 species
317 2700 424 2745 durat:
440 2707 476 2731 ut
491 2703 621 2744 egregie
636 2699 773 2733 Alfenus
790 2699 810 2732 l.
827 2702 877 2740 76.
895 2699 942 2730 D.
959 2698 993 2729 de
1001 2698 1054 2737 ju-

175 2745 277 2782 diciis.
292 2740 455 2787 Superiori
472 2744 622 2783 exemplo
634 2742 734 2775 fimile
748 2740 795 2773 est
810 2741 944 2782 sequens
961 2740 992 2771 in
1009 2746 1056 2770 ta-

178 2786 294 2822 berna.
309 2792 373 2825 qua
386 2789 571 2824 pignorata,
585 2783 692 2824 potest
701 2782 820 2826 quaeri,
839 2781 915 2824 quid
929 2780 1056 2822 pignori

180 2829 329 2863 futurum
344 2823 393 2857 fit.
415 2825 438 2857 fi
453 2824 538 2870 enirn
563 2825 700 2857 tabernae
724 2824 945 2867 appellatione
961 2830 1056 2854 exau-

183 2872 309 2905 diamus
322 2875 453 2900 ‘merces
477 2873 512 2897 in
531 2872 575 2910 5³²}
599 2867 744 2906 venales,
768 2875 835 2899 non
850 2871 984 2898 manent
998 2864 1056 2895 diu

182 2911 320 2946 eaedem.
341 2907 419 2950 quin
448 2906 596 2951 quotidie
625 2914 815 2940 mutantur:
846 2907 922 2940 dum
939 2906 1054 2947 aliquae

182 2953 391 2991 venduntur,
414 2947 446 2982 &
460 2949 528 2984 aliae
545 2948 581 2979 ¹iti
596 2955 704 2979 earum
721 2949 830 2981 locum
846 2955 1059 2989 reponuntur.

183 2993 316 3029 mutatis
332 3001 411 3024 vero
421 2990 570 3024 omnibus
584 2997 651 3021 non
666 2988 791 3028 poffunt
805 2989 932 3032 pignori
947 2988 1011 3021 effe
1026 2989 1062 3021 in

184 3036 318 3071 taberna
335 3031 556 3074 deprehensae:
571 3031 645 3072 quia
659 3030 700 3062 de
708 3028 757 3060 his
774 3039 838 3063 non
854 3030 900 3063 est
916 3038 1061 3063 conven-

184 3086 277 3117 tum3
299 3077 330 3109 &
345 3084 417 3117 quae
443 3075 536 3107 fuere
557 3079 706 3113 tempore
727 3071 973 3115 conventionis,
993 3072 1059 3113 33111

184 3128 254 3153 11011
272 3118 352 3150 sunt.
375 3124 473 3157 atque
489 3115 556 3148 hoc
572 3113 595 3146 fi
612 3113 677 3152 est,
691 3110 789 3144 fuerit
806 3119 930 3149 metus3
951 3122 992 3144 ne
1010 3120 1057 3144 ta-

185 3162 287 3196 berna
301 3159 430 3245 Rissnori
446 3157 590 3200 obligata
606 3153 686 3188 nihil
701 3152 805 3188 acrum
823 3150 870 3184 fit.
886 3151 950 3183 Sed
965 3153 1056 3187 aliter

185 3203 220 3243 se
235 3211 288 3241 res
367 3207 412 3237 et.
440 3206 531 3241 certe
546 3197 648 3239 visum
662 3195 762 3242 mihi,
780 3191 1000 3235 conventione
1014 3196 1057 3237 de

990 79 1259 125 Nooni·
1314 70 1529 120 6011111ι

1077 170 1274 216 pignoranda
1291 170 1423 206 taberna
1440 173 1613 214 quamdam
1627 173 1778 217 designari
1798 178 1951 213 mercium

1078 212 1333 246 universitatem:
1356 216 1445 254 cuius
1468 216 1633 257 particulae
1657 218 1805 258 quotidie
1828 228 1954 252 muten-

1079 261 1148 299 tur,
1170 262 1320 298 manente
1345 255 1451 298 specie
1475 257 1638 297 tabernae,
1659 258 1691 290 id
1715 259 1780 298 est,
1804 260 1955 292 univcrlia

1081 301 1170 327 tatis:
1191 296 1331 343 ideoque
1347 298 1480 340 intelligi
1498 299 1621 339 astum3
1635 306 1672 331 ut
1689 309 1725 331 ea
1742 309 1812 342 quze
1830 310 1956 342 tempo·

1079 343 1115 383 re
1130 344 1241 369 mortis
1261 338 1416 372 debitoris
1439 349 1505 381 quo
1529 348 1679 382 ternpore
1702 343 1845 374 creditor
1867 341 1956 375 forte

1080 385 1206 424 pignus¹
1220 378 1442 421 persequatur,
1464 381 1496 414 in
1515 382 1647 414 taberna
1668 385 1866 424 reperiantur
1886 385 1957 423 jure

1081 428 1224 460 pignoris
1241 420 1410 462 praeciusa,
1433 425 1559 465 pignori
1583 424 1726 466 obligata
1749 424 1953 457 censeantur:

1080 460 1164 507 quali
1179 462 1290 507 eadem
1307 463 1469 497 duraverit
1487 466 1638 505 taberna,
1655 465 1711 497 etsi
1728 468 1857 498 mutatis
1876 475 1956 498 mci·-

1080 502 1184 533 cibus.
1208 501 1261 533 Sic
1275 502 1453 538 Scaevolam
1471 506 1596 548 accipio
1615 508 1634 539 ι.
1651 516 1702 549 34.
1719 507 1762 540 D.
1780 508 1808 539 h.
1824 513 1847 540 t.

1121 542 1167 574 Ut
1191 543 1309 590 redeat
1326 555 1387 584 eo,
1411 548 1495 579 unde
1517 549 1636 588 coepit,
1666 548 1863 590 disputati03
1894 557 1954 589 pu·

1081 591 1207 631 temus,
1231 585 1369 626 placito,-
1391 594 1458 620 10111
1473 596 1593 622 certam
1608 591 1737 632 pignori
1754 590 1836 630 esse,
1860 590 1955 622 solam

1081 634 1181 672 teneri
1196 636 1267 673 rein
1285 627 1325 674 de
1341 636 1403 675 qua
1419 631 1594 670 convenit3
1615 632 1756 673 ideoque
1770 632 1832 665 effe
1850 631 1957 663 obser-

1080 674 1237 706 vationis,
1261 669 1338 708 quid
1354 678 1420 709 ejus
1438 670 1482 709 rei
1504 672 1718 711 appellatione
1743 673 1957 714 comprehen-

1081 709 1183 741 datur.
1208 709 1285 754 Non
1301 716 1408 755 autem
1424 710 1564 743 difficilis
1580 713 1641 744 erit
1656 714 1726 746 haec
1742 714 1905 753 definitio,
1921 722 1958 745 re

1081 759 1233 795 manente
1259 750 1314 782 illo
1335 760 1367 783 111
1389 750 1471 784 statu
1495 752 1526 784 in
1543 761 1611 794 quo
1628 761 1695 786 erat
1712 761 1860 797 tempore
1878 764 1959 787 con·—

1081 800 1252 824 ventionis.
1275 792 1328 839 sed
1345 792 1452 834 finge,
1473 800 1640 838 mutatam.
1660 796 1722 835 33111
1738 805 1776 828 311
1803 798 1896 828 duret
1912 795 1958 837 pi-

1079 842 1178 880 gnus,
1202 842 1299 875 quaeri
1319 834 1451 875 potest?
1472 835 1549 868 1111111
1564 836 1707 868 videtur:
1731 836 1791 868 hac
1808 847 1895 869 certa
1912 847 1961 869 ra·

1083 883 1195 921 tione,
1218 876 1307 914 quod
1325 885 1387 908 non
1406 875 1447 908 de
1462 875 1589 916 forma,
1611 883 1647 910 ut
1663 878 1790 919 pignori
1806 878 1859 917 sit,
1882 888 1961 910 con-

1083 925 1190 963 venit:
1214 917 1273 963 ‘sed
1296 917 1337 963 de
1359 927 1393 949 re
1417 917 1470 949 seu
1494 919 1640 951 materia.
1662 919 1709 950 ita
1732 918 1833 960 qualis
1858 920 1959 959 qualis

1082 958 1157 1004 hat,
1191 967 1313 1004 pignori
1337 965 1474 1005 tenetur.
1499 960 1632 998 addam,
1656 960 1687 992 δε
1708 959 1849 1000 01111111ος
1874 962 1959 1000 quod

1082 999 1225 1045 alioquin
1242 999 1330 1031 foret
1345 1009 1376 1032 in
1396 1001 1555 1041 potestate
1579 1001 1734 1034 debitoris
1746 1024 1756 1039 ,
1779 1001 1884 1033 invito
1902 1008 1957 1031 aut

1081 1042 1453 1087 ignorantecreditore,
1478 1042 1619 1084 pignoris
1642 1043 1876 1084 obligationem
1893 1041 1962 1072 for-

1077 1090 1138 1128 rnae
1154 1090 1330 1114 mutatione
1347 1083 1487 1116 eludere.
1506 1083 1558 1115 Ne
1576 1083 1695 1116 dubita.
1713 1085 1798 1116 clare
1811 1084 1852 1115 sic
1873 1083 1960 1114 Mar-

1078 1132 1187 1155 cianus
1204 1124 1224 1155 l.
1249 1127 1294 1155 16.
1311 1124 1340 1165 §.
1370 1134 1399 1156 2.
1426 1125 1454 1156 b.
1481 1131 1503 1157 t.
1521 1126 1573 1162 Si,
1597 1125 1719 1166 inquit,
1740 1135 1785 1157 res
1800 1125 1961 1166 hypothecae

1080 1165 1167 1203 data,
1186 1163 1282 1213 postea
1298 1171 1414 1197 mutata
1423 1167 1542 1206 fucrit,
1559 1176 1638 1208 aeque
1657 1167 1863 1208 hypothecaria
1883 1165 1960 1197 aerio

1082 1211 1223 1246 competit.
1248 1205 1290 1237 Et
1306 1207 1368 1238 tale
1386 1207 1478 1247 ponit
1502 1208 1705 1249 exemplum:
1727 1208 1819 1240 veluti
1833 1210 1866 1239 cie
1881 1209 1962 1238 domo

1082 1248 1153 1279 data
1171 1248 1348 1295 hypothpcae,
1374 1248 1411 1283 &³
1430 1249 1509 1281 horto
1519 1249 1617 1289 fabia.
1641 1250 1750 1289 addit,
1773 1250 1863 1288 irem,
1882 1247 1910 1286 ft
1925 1250 1960 1279 de

1083 1289 1139 1336 loco
1155 1295 1308 1328 convenit,
1331 1289 1368 1324 δ’
1382 1291 1482 1321 domus
1490 1291 1579 1331 fasta
1587 1289 1641 1329 fit.
1663 1292 1731 1322 item
1746 1292 1779 1322 de
1796 1291 1856 1322 loco
1870 1292 1936 1321 dato
1951 1312 1962 1327 ,

1082 1331 1184 1362 demae
1199 1331 1294 1361 vineis
1309 1331 1377 1362 ineo
1381 1330 1492 1371 positis.
1515 1331 1882 1372 AEqueobservandum,
1906 1332 1969 1361 ubi'

1080 1380 1131 1404 res
1148 1371 1328 1418 obligatur,
1343 1381 1409 1403 non
1426 1372 1509 1404 113110
1526 1373 1673 1406 3111111311]
1687 1380 1811 1414 partem
1825 1373 1893 1413 jure
1913 1372 1959 1411 pi-

1080 1422 1190 1454 gnoris
1214 1413 1336 1458 teneri3
1359 1412 1413 1444 sed
1439 1423 1506 1445 rein
1531 1420 1653 1453 totam,
1687 1420 1867 1454 omnesque
1893 1413 1961 1453 03113

1081 1461 1187 1501 partes
1203 1454 1360 1494 obligatas
1377 1453 1452 1486 ess'e.
1489 1454 1746 1487 Fundamentum
1768 1455 1844 1488 huic
1859 1455 1961 1485 colle·

1082 1497 1180 1528 trioni
1196 1495 1262 1534 est,
1286 1496 1376 1536 quod-
1399 1496 1432 1528 in
1458 1502 1530 1527 toto
1555 1505 1626 1535 pars
1641 1496 1722 1528 inest
1736 1497 1756 1528 1.
1777 1506 1848 1538 113.
1866 1495 1908 1526 D.
1926 1496 1961 1526 de

1080 1537 1172 1578 regul.
1194 1537 1259 1577 jur.
1281 1536 1313 1568 δι
1340 1536 1394 1577 qui
1422 1542 1529 1568 totum
1554 1537 1653 1576 dicit,
1676 1546 1790 1569 omnes
1806 1537 1961 1576 intelligit

1082 1585 1206 1618 partes:
1228 1584 1326 1618 atque
1350 1575 1430 1618 ipsas
1455 1586 1522 1609 non
1546 1578 1718 1619 praesentes
1740 1584 1885 1616 tantum,
1907 1577 1962 1608 sed

1082 1619 1204 1651 futuras
1224 1627 1374 1664 quoque-1
1408 1618 1482 1660 quia
1503 1627 1569 1660 quo
1598 1619 1760 1651 accedunt
1786 1620 1932 1660 tempore
1949 1632 1971 1657 ,⁷

1081 1669 1191 1701 partes
1214 1659 1285 1692 sunt
1309 1667 1407 1692 totius
1432 1660 1474 1691 de
1502 1668 1587 1701 quo,
1611 1667 1644 1692 ut
1662 1658 1786 1704 pignori
1803 1660 1860 1698 sit,
1883 1668 1963 1691 con-

1082 1702 1181 1734 venit.
1206 1701 1331 1733 Ancilla
1347 1700 1413 1733 hoc
1436 1702 1535 1734 modo
1585 1703 1685 1744 ignoti
1711 1701 1873 1742 obligata,
1896 1709 1965 1732 non

1082 1750 1205 1776 tantum
1226 1741 1291 1784 ipsa
1310 1743 1370 1775 erit
1390 1742 1537 1784 pignori,
1571 1745 1612 1775 ed
1637 1750 1742 1783 partus
1766 1752 1899 1783 quoque
1919 1750 1962 1773 ex

1088 1794 1126 1816 ea
1142 1791 1254 1830 natus:
1276 1785 1351 1825 quia
1375 1785 1526 1825 quamdiu
1549 1784 1681 1816 cobaefit
1703 1793 1776 1816 cum
1793 1783 1966 1816 visceribus

1089 1834 1217 1865 matris,
1241 1835 1313 1867 pars
1337 1826 1466 1865 matris,
1490 1826 1523 1858 id
1540 1825 1606 1866 est,
1629 1835 1701 1866 pars
1723 1825 1865 1866 pignoris
1879 1824 1966 1857 fuit:

1087 1867 1248 1909 separatus
1263 1875 1397 1901 autema
1413 1875 1512 1900 matre
1529 1875 1637 1900 manet
1646 1868 1772 1908 pignori
1785 1867 1966 1907 obligatus:

1088 1919 1147 1950 pei·
1163 1909 1364 1941 nativitatem
1385 1918 1451 1941 non
1473 1908 1630 1951 sequuto,
1651 1918 1709 1940 cur
1731 1908 1887 1941 delineret
1902 1906 1967 1940 effe

1089 1952 1107 1982 l.
1119 1950 1208 1997 29.·§.
1228 1951 1282 1983 1.l.
1295 1949 1383 1992 26.§.
1393 1958 1422 1983 2.
1433 1950 1476 1982 D.
1486 1951 1515 1983 b.
1530 1957 1552 1983 ε,
1568 1950 1737 1988 Similiter,
1753 1951 1772 1982 sl
1784 1951 1825 1981 de
1839 1949 1966 1988 fundo,

1089 2001 1126 2024 ut
1142 2002 1269 2033 pignori
1283 1992 1340 2031 fit,
1355 1992 1529 2031 convenit,
1545 1993 1642 2024 etiam
1659 1991 1782 2023 frustus
1798 2001 1840 2023 ex
1856 2000 1898 2022 eo
1913 1999 1968 2021 na-

1091 2036 1135 2073 ti,
1158 2032 1213 2066 etii
1229 2034 1262 2065 id
1284 2043 1350 2066 non
1373 2033 1409 2066 stt
1434 2033 1635 2074 expressum,
1654 2032 1711 2074 ipsi
1728 2033 1902 2065 creduntur
1919 2032 1967 2072 pi-

1090 2075 1184 2117 gnori
1200 2074 1297 2107 iness‘e
1306 2075 1327 2107 Ι,
1345 2084 1375 2116 3.
1391 2074 1426 2107 C.
1444 2074 1480 2106 Io
1494 2076 1574 2117 quib.
1593 2076 1670 2115 caufi
1685 2075 1771 2116 pigri.
1788 2075 1870 2105 iacit.
1887 2082 1965 2105 cum

1092 2117 1178 2149 enim
1200 2117 1365 2157 pendent,
1388 2123 1494 2157 partes
1522 2117 1633 2158 praedii
1647 2116 1797 2147 videntur
1813 2115 1829 2146 1,
1851 2124 1903 2154 44.
1922 2114 1969 2146 D,

1092 2159 1125 2190 cle
1136 2159 1177 2190 rei
1185 2159 1296 2190 vindic.
1320 2166 1427 2200 eoque
1442 2164 1549 2199 partes
1564 2157 1707 2199 pignoris
1725 2157 1839 2198 procul
1852 2155 1967 2188 dubio.

1095 2199 1216 2232 Eadem
1238 2199 1383 2239 ratione,
1406 2198 1428 2232 ss
1448 2199 1490 2231 de
1511 2199 1615 2231 fundo
1637 2198 1795 2231 convenit
1809 2221 1820 2237 ,
1850 2206 1885 2228 ut
1909 2196 1970 2237 hy-

1091 2241 1242 2283 pothecae
1265 2239 1302 2273 fit
1318 2264 1329 2281 ,
1358 2241 1451 2282 isque
1474 2240 1636 2273 alluvione
1662 2240 1699 2272 fit
1724 2240 1824 2280 1113101
1846 2238 1972 2276 faetus,

1092 2290 1179 2316 totus
1203 2282 1400 2324 obligabitur
1422 2282 1443 2315 l.
1471 2286 1518 2316 16.
1543 2281 1585 2315 D.
1600 2283 1628 2314 b.
1645 2287 1668 2314 t.
1686 2281 1787 2323 Igitur
1802 2287 1970 2312 convento

1093 2326 1134 2357 de
1157 2324 1330 2366 obliganda
1355 2333 1390 2356 re
1412 2331 1499 2356 certa
1517 2346 1528 2363 ‚
1559 2323 1590 2356 ἀ
1615 2323 1679 2363 ipsa
1707 2322 1825 2363 pignori
1848 2321 1913 2358 est,
1936 2320 1968 2351 ὃς

1094 2367 1163 2440 (Rus
1190 2374 1297 2407 partes
1321 2366 1575 2398 acceffionesve:
1598 2365 1649 2397 sed
1669 2372 1784 2406 praeter
1806 2363 1861 2394 has
1879 2361 1968 2393 nibil.

1127 2409 1190 2440 deo
1206 2407 1332 2439 constat
1354 2407 1434 2439 ratio
1461 2406 1636 2445 Papiniano
1652 2406 1672 2439 l.
1694 2415 1718 2437 1.
1737 2405 1767 2446 §.
1788 2412 1813 2434 1.
1831 2404 1860 2434 h.
1878 2408 1901 2434 t.
1928 2403 1973 2433 110ι

1098 2449 1264 2481 scribenti:
1287 2450 1378 2480 Servo
1397 2450 1516 2490 pignori
1533 2449 1619 2486 dato,
1638 2447 1784 2488 peculium
1802 2444 1864 2485 ejus
1881 2446 1970 2475 credi-

1097 2497 1143 2522 tor
1156 2492 1233 2522 ciira
1242 2491 1459 2521 conventionem
1469 2490 1631 2529 specialiter
1642 2489 1729 2528 super
1744 2496 1772 2517 eo
1788 2491 1972 2526 conceptam,

1088 2530 1207 2572 frulira
1223 2530 1368 2572 distrahit.
1413 2531 1562 2569 Scilicet,
1587 2529 1659 2569 quia
1677 2529 1755 2559 alius
1780 2526 1825 2558 est
1842 2526 1973 2564 servus,

1095 2574 1180 2606 aliud
1204 2573 1271 2613 ejus
1293 2572 1477 2614 peculium:
1507 2569 1670 2610 postremo
1692 2569 1755 2601 11οο
1780 2577 1843 2600 11011
1868 2567 1913 2600 est
1936 2569 1972 2600 in

1094 2623 1205 2657 parte,
1229 2623 1335 2653 neque
1350 2615 1381 2644 in
1397 2612 1585 2644 acceffione.

1135 2657 1162 2688 A
1181 2655 1306 2696 speciali
1323 2654 1511 2696 hypotheca
1531 2653 1678 2693 proxime
1699 2650 1846 2683 transitur
1860 2651 1900 2682 ad
1916 2660 1973 2693 ge-

1097 2697 1251 2730 neralem.
1282 2695 1485 2728 constituitur
1508 2702 1615 2727 autem
1638 2694 1707 2725 haec
1729 2693 1869 2733 generali
1894 2700 1973 2723 con-

1098 2739 1267 2771 ventione.
1291 2737 1392 2777 qualis
1418 2736 1482 2776 est,
1506 2743 1542 2767 ut
1558 2736 1666 2768 omnia
1691 2734 1845 2767 debitoris
1863 2733 1972 2772 bona,

1099 2781 1153 2813 vel
1169 2778 1322 2812 universae
1341 2778 1408 2818 ejus
1424 2787 1493 2816 res,
1509 2776 1665 2809 creditori
1681 2775 1809 2817 pignori
1825 2774 1894 2805 sint.
1915 2773 1973 2808 fic-

1098 2829 1135 2854 ut
1154 2830 1233 2853 vero
1251 2819 1306 2852 sub
1314 2828 1432 2861 genere
1453 2828 1566 2851 omnes
1580 2818 1648 2860 ejus
1666 2817 1786 2859 species
1802 2815 1974 2848 continen-

1097 2871 1176 2896 tur:
1206 2862 1249 2894 ita
1274 2862 1334 2893 hac
1355 2861 1578 2893 conventione
1603 2868 1714 2892 omnes
1744 2857 1898 2890 debitoris
1922 2866 1975 2888 ree

1096 2904 1230 2947 perinde
1244 2902 1391 2945 obligatae
1407 2902 1470 2935 ess'e
1486 2903 1725 2940 creduntur,ac
1741 2899 1763 2931 fi
1778 2899 1905 2940 fingulae
1915 2907 1975 2930 no-

1101 2945 1246 2979 minatim
1270 2953 1308 2976 03
1330 2943 1551 2976 conventione
1574 2942 1674 2974 essent
1698 2948 1890 2973 enumeratae
1906 2940 1925 2972 1.
1941 2949 1973 2972 2.

1102 2988 1137 3020 C.
1154 2988 1182 3019 h.
1202 2993 1224 3019 t.
1243 2986 1264 3019 1.
1280 2994 1311 3018 2.
1327 2986 1376 3017 D.
1393 2985 1457 3028 Qui
1490 2990 1528 3016 οι.
1544 2986 1577 3016 in
1589 2985 1671 3025 pigri.
1689 2981 1788 3022 idque
1811 2982 1893 3013 adeo
1918 2990 1974 3011 ve-

1102 3039 1172 3063 rum
1187 3028 1259 3068 est¹,
1282 3033 1320 3060 ut
1336 3027 1450 3060 Paulus
1465 2992 1488 3058 ἔ)
1502 3035 1551 3063 29.
1568 3025 1598 3068 §.
1617 3025 1671 3057 ult.
1688 3024 1736 3055 D.
1753 3024 1781 3055 b.
1799 3028 1822 3054 t.
1841 3021 1976 3059 scribat,

1103 3071 1139 3103 Si
1153 3071 1267 3112 sciente
1289 3067 1329 3105 ἐξ
1351 3069 1541 3106 consentiente
1562 3068 1675 3099 domino
1683 3068 1806 3106 servus,
1830 3068 1864 3094 ut
1878 3064 1977 3094 omnia

1099 3113 1173 3145 bona
1180 3112 1287 3144 domini
1301 3110 1428 3153 obligata
1442 3109 1540 3151 effem,
1550 3110 1683 3141 convenit
1690 3130 1700 3146 ,
1708 3104 1799 3147 ipfimz
1806 3112 1915 3148 quoque
1923 3103 1979 3145 qui

1098 3155 1192 3193 cavit,
1200 3154 1356 3196 obligatum
1363 3151 1415 3194 effe
1422 3152 1556 3194 pignoris
1558 3151 1635 3193 jure.
1656 3148 1732 3181 Dixi
1744 3147 1784 3177 de
1792 3145 1885 3176 bonis
1897 3154 1978 3185 prae-

1097 3194 1254 3237 sentibus.
1261 3194 1424 3232 videamus
1433 3195 1474 3228 de
1479 3192 1607 3229 futuris.
1615 3191 1647 3225 &
1653 3188 1783 3233 quidem
1790 3186 1891 3229 palam
1899 3195 1979 3218 con·
2000 3208 2001 3211 ¹

1521 3264 1524 3269 .
1895 3236 1976 3268 ,ven-2
