2036 3495
443 90 1131 129 Oasenvartonutt
1183 85 1385 126 L1ss.11.

41 186 132 221 trem,
154 185 207 214 aut
222 184 418 222 materteram,
441 186 493 212 aut
515 185 622 220 neptem
637 184 673 210 ex
683 178 764 218 filio,
789 187 908 212 uxorem

25 227 141 258 ‘elucere
164 233 222 255 non
243 222 369 264 poffum:
386 222 512 262 scilicet,
530 221 560 260 st
580 220 611 252 in
629 221 747 259 familia
765 221 827 263 ejus
837 220 906 260 fim.

40 266 168 307 alioquin
178 264 206 304 fi
225 265 425 305 emancipatus
433 263 521 303 fuero
539 263 573 294 ab
589 272 636 300 eo,
653 260 719 300 fine
734 264 817 294 dubio
834 263 908 294 nibil

40 308 157 349 impedit
180 307 316 348 nuptias.-
330 306 462 346 scilicet,
484 304 553 346 quia
569 302 633 344 post
651 305 905 351 emancipationem

39 355 198 381 extraneus
215 347 367 388 intelligor.
391 345 452 377 Sed
469 346 648 384 videamus,
665 354 706 392 ne
724 343 822 391 Gaius
838 355 903 392 non

40 392 79 423 ad
106 389 278 428 Urbicum,
302 388 353 420 sed
375 389 411 419 ad
437 387 654 425 Provinciale,
674 395 724 426 jus
741 388 904 426 rcipiciat3

37 433 188 473 nolitque
205 454 214 469 ‚
243 430 273 462 in
295 428 461 471 proposito
484 429 571 468 quod
595 427 705 459 Roma:
725 451 735 466 ,
764 428 848 460 idem
872 429 905 461 in

37 473 238 511 Provinciis,
261 471 416 502 obtinere.
442 469 524 500 Mihi
538 468 608 501 sane
623 469 664 500 fic
679 468 785 508 sedet3
808 478 906 511 atque

40 521 82 547 eo
101 515 222 547 verius:
246 513 316 553 quia
334 520 392 542 nec
408 510 502 550 alibi,
518 510 672 552 quidquid
693 511 723 542 in
743 509 830 542 Urbe
848 512 905 543 fin-

38 557 137 598 gulari
152 557 220 597 J'ure
236 553 404 594 recipitur,
427 553 522 584 etiam
545 553 584 584 ad
602 553 787 585 Provincias
804 553 906 594 porri-

64 606 134 630 itur.
209 627 211 631 .

34 608 61 646 'g
85 638 236 671 Indicium
260 635 354 673 mihi,
378 635 465 674 quod
490 635 530 666 de
555 635 760 678 delegatione
779 635 904 676 jurisdi-

37 680 151 713 chionis
167 674 458 710 fideicommiffariae
474 676 516 708 ita
530 677 701 709 Suetonius
719 678 860 718 loquitur
874 678 903 709 in

38 721 157 753 Claudio
173 728 197 751 c.
219 728 267 760 23.
288 715 526 758 Jurisdz'ftz‘onem
548 720 580 750 de
599 717 820 759 fideicommiffis
833 729 902 760 (μισ-

37 763 134 794 tannis
149 784 159 800 ,
191 760 226 795 &⁹
252 764 366 791 tantum
387 760 418 790 in
443 761 513 791 urbe
537 761 664 802 delegari
688 759 904 808 magistratibus

26 804 162 845 solitam,
186 805 217 833 in
236 806 423 842 perpetuum,
448 807 533 843 atque
556 803 644 833 etiam
668 808 720 842 per
730 803 902 843 provincias

31 843 216 886 potestatibus
232 844 426 874 deiriandavit.
452 842 515 874 Sed
531 843 560 874 Gt
577 839 731 884 Ulpianus
744 844 775 874 in
785 842 900 885 Fragm.

37 888 82 918 tit.
110 895 151 917 xx.
170 885 197 926 §.
219 895 268 917 20.
293 884 334 915 fic
357 884 480 923 scribit,
505 885 556 915 Ex
578 886 637 925 lege
653 885 743 926 Julia
765 887 798 916 de
813 886 899 915 mari-

38 929 132 959 tanais
153 927 299 957 ordinibus
323 931 402 956 tutor
424 927 512 957 datur
526 936 544 957 a
565 926 689 958 Prretore
706 928 782 957 urbis
799 927 824 957 ei
841 936 901 956 rnu-

38 969 100 1000 lieri
121 969 267 1008 virginive
283 976 369 1008 quam
386 971 422 998 ex
438 967 492 998 hac
507 967 566 1008 ipsa
582 968 640 1009 lege
657 969 762 998 nubere
776 973 901 1008 oportet,

38 1012 75 1042 acl
97 1011 186 1041 dotem
209 1010 352 1046 dandam,
376 1009 544 1047 dicendam,
563 1010 825 1049 promittendamve
841 1031 850 1046 ,
873 1007 902 1046 fi

37 1052 194 1093 legitimum
217 1057 335 1080 tutorem
359 1049 470 1090 pupilla
493 1060 551 1081 non
573 1050 686 1081 haheat.
732 1052 788 1081 Sed
806 1047 902 1091 pollen

41 1093 165 1124 Senatus
182 1093 306 1129 censuit,
329 1097 363 1122 ut
384 1092 471 1122 etiam
488 1093 518 1122 in
531 1093 685 1132 provincia
700 1101 809 1133 quoque
818 1090 901 1129 fimi·

38 1135 103 1166 liter
118 1145 136 1166 a
149 1131 316 1172 Prcefidilrus
330 1142 429 1163 aarum
444 1142 478 1163 ex
496 1135 592 1164 eadem
608 1135 695 1173 causa
712 1139 818 1164 tutores
835 1135 902 1163 den-

38 1183 98 1208 tur.
131 1175 283 1207 Praeterea
301 1175 395 1205 ceffio
413 1174 590 1212 bonorum,
615 1184 685 1215 quae
702 1174 904 1206 debitoribus

39 1218 91 1258 qui
109 1216 261 1248 solvendo
280 1225 342 1247 non
360 1215 448 1254 sunt,
475 1213 563 1257 Lege
573 1216 654 1256 Julia
670 1217 791 1248 indulta
807 1216 851 1247 est
867 1216 904 1247 ad

38 1258 244 1291 evitationem
260 1257 411 1295 carceris,
430 1257 523 1288 initio
540 1258 668 1298 quidem
686 1259 766 1289 intra
782 1255 903 1289 Urbem

37 1308 133 1340 atque
157 1293 278 1331 ltaliam
305 1299 466 1336 obtinuit3
490 1298 542 1330 sed
568 1300 606 1331 ad
631 1298 816 1331 Provincias
840 1308 904 1331 non

36 1341 208 1383 pertinuit,
231 1347 400 1380 antequam
424 1340 518 1371 novis
544 1340 724 1380 Principum
743 1339 904 1373 Constitu-

38 1382 177 1414 tionibus
190 1383 288 1414 etiam
307 1381 345 1413 ad
364 1391 415 1413 eas
434 1382 660 1423 porrigeretur.
691 1381 807 1413 Testes
824 1381 903 1413 Dio-

38 1424 190 1461 cletianus
208 1422 238 1454 &
260 1423 472 1454 Maximianus
489 1423 509 1454 l.
526 1433 555 1462 4.
575 1423 607 1455 C.
636 1423 700 1468 Qui
716 1425 793 1454 bonis
810 1424 905 1453 cedere

30 1460 146 1507 poffunt
201 1464 287 1505 Legis
309 1463 400 1504 Juliae
424 1467 457 1494 de
480 1465 559 1495 bonis
582 1466 711 1496 cedendis
734 1464 905 1504 heneficium

37 1503 286 1547 constitutionibus
305 1506 448 1536 Divorum
460 1503 618 1546 nostrorum
625 1512 781 1547 parentum
797 1507 833 1537 ad
840 1513 902 1545 pro-

35 1549 152 1579 vincias
166 1546 325 1586 porrebtum
341 1542 409 1587 effe,
425 1553 458 1578 ut
474 1545 550 1588 ceffio
567 1548 703 1580 bonorum
712 1548 905 1587 admittatur,

37 1596 135 1621 notum
152 1598 164 1618 e
192 1613 198 1620 .

79 1586 198 1661 Poll'esiir
214 1630 302 1669 plura
319 1629 475 1669 adferre:
488 1629 541 1662 sed
560 1630 630 1662 haec
645 1628 847 1669 suffecerint,
870 1635 906 1661 ut

37 1671 271 1709 demonstrem,
294 1670 374 1710 saepe
395 1671 426 1702 in
440 1668 530 1703 Urbe
545 1673 687 1713 permitti
702 1671 846 1712 singulari
861 1669 904 1711 ju·

35 1723 71 1745 re
89 1737 99 1752 ,
129 1713 216 1753 quod
243 1713 274 1743 in
301 1711 477 1744 Provinciis
507 1722 572 1745 non
597 1722 687 1754 aeque
715 1713 909 1744 conceditur·

35 1763 94 1794 per
117 1753 389 1792 consequentiam.
435 1762 540 1795 neque
571 1755 652 1786 adeo
675 1752 792 1785 faciam
815 1753 907 1794 quid-

37 1802 132 1832 quam
151 1804 166 1824 a
186 1794 308 1825 ratione
333 1794 491 1832 alienum;
514 1794 534 1826 fl
552 1796 677 1833 dicam,
702 1805 742 1826 ex
761 1794 904 1826 Senatus-

37 1835 186 1866 consulto
205 1835 379 1866 Claudiano
395 1837 426 1866 in
437 1833 546 1874 Urbe,
562 1837 749 1875 atqueintra
765 1835 904 1875 ltaliam,

39 1877 166 1917 quidem
185 1874 276 1907 suiil'e
291 1876 404 1914 justum
421 1877 502 1915 patri
518 1886 590 1908 cum
606 1877 709 1909 fratris
725 1876 787 1909 filia
801 1877 906 1908 matri-

36 1919 200 1954 moninmg
223 1919 251 1948 in
266 1916 440 1949 Provinciis
456 1927 561 1950 autem
574 1918 666 1950 fuisse
682 1917 854 1949 incestum:
877 1918 907 1950 &

38 1959 102 1990 hoc
120 1957 234 1997 Gaium
253 1957 385 1990 voluiffe
401 1960 429 1990 d.
446 1959 464 1990 l.
482 1970 530 1999 55.
547 1959 566 2001 §
598 1970 624 1991 1.
666 1958 739 1991 Nec
754 1959 907 1991 abhorret

37 2001 78 2031 ab
105 2001 163 2031 bac
189 1999 370 2040 conjestura
396 2000 458 2030 loci
486 2000 669 2041 inscriptio:
695 2009 765 2041 quae
787 2000 904 2038 habet,

37 2042 133 2081 Gajus
151 2042 198 2072 lib.
221 2051 266 2072 11.
302 2038 351 2072 Ad
374 2040 511 2072 Edictum
536 2042 740 2078 Provinciale;
763 2051 800 2072 ac
819 2065 828 2079 ,
852 2041 906 2073 nisi

34 2082 130 2115 fallor
147 2104 156 2121 ‚
186 2082 271 2113 clare
294 2081 453 2120 ostendit,
478 2082 549 2122 Gaji
575 2083 753 2115 sermonem
776 2092 840 2114 non
866 2083 908 2117 de

34 2124 150 2163 Ealitfto
170 2122 309 2160 [Ji-bico,
328 2124 365 2154 ad
382 2125 469 2163 quod
486 2125 581 2156 etiam
600 2121 744 2164 scripsisse
761 2134 833 2156 eum
853 2134 905 2164 ap-

36 2174 125 2206 paret
142 2175 181 2196 ex
199 2163 306 2197 Indice
333 2164 579 2206 pandectarum,
603 2167 632 2197 ὅ(
648 2166 667 2197 l.
687 2177 715 2206 5.
735 2165 777 2197 D.
797 2166 829 2212 de
844 2166 905 2212 udi-

37 2207 145 2237 mendis
161 2207 207 2237 vel
225 2206 433 2245 transferendis
449 2207 570 2248 legatis,
595 2207 649 2239 sed
665 2208 704 2239 de
721 2207 904 2239 Provincia-

38 2247 60 2280 li
77 2248 148 2287 Jure
164 2247 236 2278 else.
769 2250 771 2253 '

83 2289 124 2319 At
148 2289 233 2319 enim
260 2289 343 2320 idem
360 2284 458 2328 Gaius
474 2287 520 2321 lib.
541 2299 567 2321 1.
587 2286 661 2331 Infl.
679 2291 725 2321 tz't.
743 2288 789 2320 De
805 2290 903 2321 matri-

38 2330 139 2368 moniis
160 2339 189 2368 4.
214 2328 233 2371 ὃ
268 2340 298 2371 3.
321 2329 499 2362 indistincte
518 2330 645 2370 scribit,
668 2331 781 2363 Fratris
797 2340 906 2373 quoque

42 2370 79 2405 &f
97 2371 198 2407 sororis
208 2371 304 2409 filiam
320 2377 435 2403 uxorem
449 2372 547 2402 ducere
569 2382 627 2403 non
645 2372 718 2404 licet.
752 2372 860 2417 Quid,
883 2371 905 2404 fi

38 2412 161 2450 dicam,
185 2410 301 2452 Gajum
319 2413 358 2443 ab
375 2412 499 2444 Aniano
518 2412 668 2445 inflexum
684 2413 746 2446 esse
764 2414 802 2445 ad
820 2413 904 2445 secu-

39 2453 62 2484 li
78 2461 200 2485 morem
220 2452 289 2484 sui‘?
312 2453 356 2484 ira
374 2453 445 2484 sane
467 2454 627 2494 Pithoeus,
650 2455 740 2487 Notis
756 2456 794 2486 ad
809 2456 836 2486 d.
856 2455 904 2487 tit.

39 2496 69 2524 6.
95 2493 170 2536 Quo
187 2496 252 2534 jure
264 2494 280 2527 ἓ)
296 2495 440 2535 optimo:
456 2494 477 2526 fi
493 2496 689 2536 cogitemus,
706 2497 814 2536 quod,
831 2505 905 2528 cum

41 2532 137 2566 Ga'us
155 2535 218 2566 hoc
235 2536 264 2566 in
284 2535 534 2568 institutionibus
552 2536 688 2578 scripsit,
708 2541 905 2570 contrarium

42 2575 74 2605 in
125 2577 178 2606 rbe
191 2574 237 2616 jus
254 2576 331 2608 fuit:
353 2578 383 2608 id
399 2577 461 2615 est,
480 2578 563 2610 idem
578 2579 665 2619 quod
682 2578 743 2610 fuit
759 2587 906 2618 tempore

44 2613 183 2653 Ulpiani.
199 2617 315 2658 scripsit
328 2619 412 2650 enim
423 2617 520 2660 GaJus
535 2619 752 2652 Institutiones
769 2620 842 2661 post
852 2630 906 2652 ex-

47 2654 161 2688 cessum
177 2658 330 2693 Antonini
344 2659 414 2693 Pii:
430 2669 465 2693 ut
480 2659 620 2694 ostendit
633 2661 654 2694 l.
676 2671 702 2694 1.
719 2661 749 2703 §.
768 2671 796 2693 2.
813 2661 856 2694 D.
874 2662 907 2693 de

764 2766 977 2801 CAPUT

1757 103 1822 139 271

950 178 995 209 his
1017 178 1069 220 qui
1086 179 1135 217 sui
1156 179 1202 210 vel
1228 178 1317 212 alieni
1334 181 1413 223 juris
1430 181 1523 222 fiam
1547 190 1616 222 quae
1633 180 1678 213 est
1694 191 1733 214 ex
1752 184 1825 224 Gajz‘

937 221 999 252 tit.
1027 229 1051 252 1.
1079 219 1325 262 Irzflitationum;
1357 224 1385 255 &
1411 224 1526 271 allegat
1549 222 1823 257 Constitutionem

951 261 1125 301 Antonini,
1138 263 1169 293 id
1185 262 1249 302 est,
1268 263 1332 303 Pii;
1352 264 1403 296 sed
1423 264 1523 304 Divi,
1539 265 1569 296 id
1583 264 1646 305 est,
1661 265 1723 306 jam
1740 270 1824 298 moi·-

951 303 1016 334 tui:
1041 303 1094 334 sub
1120 304 1287 337 Antonino
1313 314 1419 338 autern
1447 305 1647 347 Plrilosopbo
1677 309 1730 348 qui
1762 306 1821 339 Pio

947 343 1092 376 successit
1108 367 1118 384 ,
1147 345 1262 386 justum
1286 345 1379 379 fuiss'e
1405 349 1506 388 patrui
1531 355 1604 380 cum
1629 348 1734 381 fratris
1760 348 1823 381 filia

948 385 1204 425 matrimonium,
1218 389 1280 428 J'am
1296 389 1379 420 evici
1396 398 1436 421 eo
1454 389 1540 431 quod
1556 390 1581 421 is
1596 388 1771 430 Imperator
1788 387 1823 422 fl-

948 427 1022 459 liam
1047 425 1130 459 suam
1154 428 1308 461 Lucillam
1336 439 1472 463 uxorem
1498 431 1586 463 dedit
1611 431 1698 463 AEli'o
1713 432 1820 465 Vero:

947 469 979 500 id
997 468 1061 508 est,
1086 468 1175 501 fratri
1193 469 1249 502 suo
1266 471 1435 512 adoptivo.
1477 471 1619 513 Exposui
1641 482 1765 514 meam,
1791 474 1821 506 &

947 517 1048 551 puto,
1073 520 1180 543 veram
1198 511 1397 545 sententiam.

988 551 1057 583 Alia
1073 551 1119 583 est
1135 552 1290 585 Francisci
1310 553 1487 595 Hotmani,
1503 553 1641 588 hominis
1657 556 1770 598 inclyti
1791 556 1822 589 ὅ(

947 593 1084 632 eruditi,
1102 592 1149 624 De
1165 595 1227 626 ritu
1241 597 1411 636 nuptiarum
1427 607 1451 628 c.
1467 607 1497 637 5.
1521 597 1546 629 is
1564 597 1740 637 existimat,
1753 607 1821 630 mo-

947 634 1032 666 ribus
1057 635 1237 675 permissum
1263 646 1303 669 ex
1327 637 1613 670 senatusconsulto
1641 639 1820 671 Claudiano

947 674 1038 707 fuiffe
1056 676 1294 710 matrimonium
1311 679 1414 720 patrui
1438 688 1511 711 cum
1526 679 1632 712 fratris
1651 679 1731 720 filia3
1755 690 1822 713 non

946 717 1056 756 omni,
1080 717 1132 750 sed
1156 720 1306 758 naturali,
1330 729 1396 752 non
1413 721 1506 753 etiam
1527 721 1701 763 adoptivo:
1724 729 1821 762 atque

945 758 989 789 ita
1004 757 1119 798 Gajum
1139 769 1213 792 cum
1232 760 1389 802 Ulpiano,
1408 763 1599 804 caeterisque
1611 763 1822 804 Jurisconsul-

946 799 985 831 tis
1002 799 1064 831 effe
1082 805 1357 841 componendum.
1403 803 1466 836 Sed
1484 803 1684 836 Hotmanum
1700 804 1823 837 refutat

945 841 1027 872 ratio
1048 852 1060 886 :-
1088 842 1184 874 etiam
1214 845 1398 885 exemplum
1431 845 1635 887 Imperatoris
1665 846 1821 878 Antonini

945 881 1152 922 Philosophi:
1178 893 1272 924 quem
1300 887 1366 917 dixi
1388 886 1486 919 filiam
1504 887 1590 920 suam
1617 887 1771 920 Lucillam
1788 889 1821 920 in

945 925 1183 956 matrimonium
1200 926 1319 957 dediss‘e
1336 928 1424 960 AElio
1444 928 1532 960 Vero
1550 929 1640 961 fratri
1660 929 1734 969 su0‚
1755 940 1821 962 non

945 965 1099 1002 naturali,
1123 965 1175 997 sed
1198 968 1372 1008 adoptivo:
1398 977 1432 1001 ut
1454 979 1585 1011 apparet
1610 981 1649 1003 cx
1667 971 1822 1011 Capitoli-

945 1015 1007 1045 no,
1029 1007 1181 1038 Antonino
1207 1008 1258 1038 Pio
1287 1019 1311 1039 ε.
1331 1020 1361 1048 4.
1386 1010 1415 1042 ὅ(
1434 1011 1619 1052 §.pai-tiano,
1645 1009 1779 1044 Adriano
1794 1024 1820 1045 c.

945 1057 995 1088 23.
1040 1046 1116 1079 Non
1146 1049 1241 1089 igitur
1262 1052 1435 1084 naturalem
1455 1052 1587 1085 fratrem
1605 1054 1646 1086 ab
1663 1054 1821 1095 adoptivo

946 1091 977 1119 in
1004 1088 1063 1119 hac
1088 1088 1194 1129 specie
1210 1090 1421 1125 distinxerunt
1442 1089 1597 1127 Veteres:
1622 1096 1674 1128 sed
1688 1097 1744 1137 Jus
1761 1095 1822 1129 Ur-

947 1131 1063 1161 banum
1079 1140 1096 1161 a
1112 1131 1317 1165 Provinciali.

989 1170 1083 1202 Plane
1099 1171 1190 1204 fuiss‘e
1205 1182 1274 1205 earn
1291 1174 1523 1208 distinctionem
1534 1177 1705 1218 aliquando
1723 1179 1753 1210 in
1766 1179 1822 1221 Sy·

948 1213 992 1244 ria
1014 1213 1192 1254 neglectam
1217 1222 1253 1246 ut
1271 1216 1407 1256 opiner,
1429 1217 1526 1249 facile
1542 1221 1686 1250 adducor
1704 1219 1821 1252 Edicto

949 1254 1050 1295 Irnpp¹
1074 1253 1271 1288 Diocletiani
1289 1257 1319 1288 ὅτ
1337 1256 1548 1298 Maximiani,
1566 1258 1731 1300 Damasci,
1751 1270 1823 1301 quae

947 1296 1021 1326 urbs
1040 1294 1085 1327 est
1099 1296 1130 1328 in
1156 1296 1263 1339 Syria,
1287 1298 1383 1339 dato,
1411 1298 1522 1331 Tusco
1539 1300 1569 1332 ἃ
1587 1302 1727 1334 Anulino
1739 1304 1823 1334 Con-

947 1334 1074 1368 sulibus.
1100 1345 1189 1369 extat
1212 1339 1244 1371 id
1269 1340 1300 1371 in
1324 1341 1352 1372 d.
1371 1342 1417 1373 tit.
1437 1345 1466 1372 6.
1486 1341 1650 1374 attestatur
1668 1353 1766 1382 vero,
1791 1344 1823 1375 in

947 1388 984 1409 ea
1010 1378 1177 1411 Provincia
1201 1381 1358 1422 complures
1375 1385 1521 1423 pecudum
1546 1394 1581 1415 ac
1600 1384 1740 1424 ferarum
1760 1386 1823 1416 rittt

946 1421 983 1450 ad
998 1420 1101 1451 illicita
1118 1423 1260 1453 connubia
1282 1421 1422 1463 instinctu.
1443 1426 1605 1456 exercenda
1621 1425 1751 1457 libidinis
1760 1425 1825 1465 fine

948 1461 1005 1491 ullo
1030 1460 1155 1501 respefflu
1175 1464 1295 1503 pudoris
1317 1474 1352 1495 at·
1371 1466 1488 1504 pietatis
1506 1466 1633 1507 irruzffe.
1674 1467 1737 1499 Sed
1755 1468 1826 1500 liaec

948 1501 1024 1534 fatti
1046 1502 1127 1543 esse,
1145 1513 1185 1535 ex
1203 1503 1269 1545 ipso
1291 1504 1406 1537 EdiCto
1418 1506 1561 1546 constat,
1580 1507 1629 1539 vel
1647 1517 1699 1540 me
1717 1517 1824 1540 tacena

950 1552 992 1575 te.
1035 1543 1096 1575 Illo
1121 1553 1219 1585 porro
1244 1545 1358 1578 Edicto
1383 1547 1523 1586 cumfic
1539 1556 1690 1588 cavetur,
1713 1550 1770 1592 Sed
1787 1545 1826 1585 ἐξ

944 1582 1007 1626 post
1023 1585 1115 1624 hanc,
1132 1586 1296 1628 religionem
1304 1587 1551 1631 sanititatenzque
1565 1590 1597 1620 in
1613 1592 1764 1622 connubiis
1780 1598 1826 1629 cof

943 1628 1087 1668 pulanclis
1111 1628 1244 1659 volumus
1268 1629 1304 1660 ab
1329 1635 1501 1672 unoquoque
1514 1631 1634 1672 servari
1651 1655 1662 1671 ,
1684 1633 1766 1674 utRJe
1787 1631 1827 1664 ad

948 1668 1129 1709 disciplinam
1146 1670 1274 1711 legesque
1291 1669 1445 1702 Romanas
1464 1672 1647 1711 meminerint
1659 1674 1824 1714 pertinere,

950 1709 987 1744 {9⁹
1003 1703 1181 1741 ealeantum
1191 1712 1292 1749 *sciam
1308 1714 1426 1754 nuptias
1445 1713 1541 1745 licitas
1557 1720 1618 1756 quce
1629 1714 1700 1751 ‘sunt
1719 1713 1827 1747 Roma:

949 1760 985 1782 no
1003 1751 1071 1792 jure
1089 1752 1246 1792 permzffoe:
1269 1762 1334 1785 non
1360 1753 1559 1794 restituitur,
1584 1754 1636 1788 sed
1662 1756 1827 1789 inducitur

949 1791 1054 1823 forma
1068 1791 1148 1832 Juris
1163 1792 1321 1833 Romani,
1338 1793 1404 1827 five
1421 1790 1554 1829 Urbieiz
1578 1806 1639 1828 nec
1656 1796 1775 1838 ubique
1793 1799 1826 1831 in

948 1833 1154 1865 Provinciis:
1187 1834 1243 1871 sed,
1263 1835 1295 1867 in
1321 1835 1419 1877 Syria.
1441 1837 1485 1869 ita
1508 1839 1546 1870 ad
1571 1837 1654 1870 hauc
1684 1840 1828 1879 pertinet

951 1882 1092 1913 tantum,
1117 1876 1206 1915 quod
1231 1875 1348 1908 deinde
1372 1879 1518 1918 additur,
1541 1880 1614 1910 Cum
1640 1881 1746 1921 quibus
1772 1889 1827 1913 aaa

951 1921 1007 1945 tem
1018 1916 1146 1956 perlonis
1162 1917 1225 1948 tam
1237 1924 1456 1959 cognatorum,
1469 1930 1558 1962 quam
1576 1919 1712 1993 affusum
1726 1928 1828 1954 nume-

948 1967 977 1988 ro
1002 1957 1132 1988 contrahi
1152 1967 1209 1989 non
1230 1958 1314 1990 liceat
1332 1962 1562 2000 matrimonium,
1594 1972 1639 1994 sac
1655 1961 1760 1995 Edicto
1775 1973 1826 1995 no-

941 1996 1004 2038 stro
1029 1999 1168 2039 complexi
1178 2000 1305 2040 sumus:
1328 2011 1393 2032 curn
1413 2001 1480 2042 filia
1497 2026 1507 2041 ,
1537 2009 1621 2045 nepte
1638 2027 1647 2041 ,
1665 2008 1824 2046 pronep‘te,

949 2046 1059 2077 matre,
1082 2040 1171 2078 avia,
1191 2044 1332 2082 proavia.-
1355 2041 1392 2077 δ’
1414 2053 1452 2075 ex
1475 2043 1562 2076 latere
1578 2046 1689 2084 amita,
1714 2056 1748 2078 ac
1765 2056 1826 2078 ma-

950 2085 1073 2120 tertera,
1090 2081 1200 2119 fisroris
1209 2081 1294 2123 filia,
1311 2083 1348 2118 &³
1365 2094 1402 2115 ex
1419 2087 1557 2126 ea'nepte.
1582 2086 1690 2127 Atque
1709 2095 1743 2118 ut
1760 2087 1826 2119 hoe

947 2123 994 2162 Jus
1022 2131 1063 2153 eo
1088 2122 1205 2154 Edicto
1230 2133 1247 2154 a
1269 2123 1478 2158 Diocletiano
1505 2127 1533 2158 ἀ
1558 2127 1760 2160 Maximiano
1778 2129 1824 2161 est

949 2163 1129 2204 specialiter
1145 2164 1289 2204 'positum
1314 2166 1431 2207 Syriae‚
1454 2169 1495 2199 ita
1514 2168 1559 2199 ibi
1576 2168 1675 2201 rursus
1691 2168 1823 2212 abroga-

949 2210 1044 2237 tuma
1064 2204 1277 2241 Constantino
1290 2208 1318 2239 &
1337 2207 1528 2241 Constantio
1545 2210 1567 2242 l.
1586 2219 1610 2242 1.
1629 2210 1699 2243 Cod.
1719 2210 1825 2244 Theod.

949 2247 983 2277 de
1002 2245 1115 2285 int-eliis
1138 2256 1178 2277 nu
1199 2248 1272 2287 tiis,
1306 2249 1468 2282 indicante
1492 2251 1559 2282 loci
1589 2251 1825 2293 inscriptione,

949 2296 1021 2328 quae
1036 2287 1081 2319 est
1097 2288 1136 2318 ad
1155 2323 1156 2327 Ἰ
1178 2290 1349 2330 ravinctales
1366 2289 1490 2323 Fenices.
1514 2291 1603 2334 quod
1626 2293 1672 2325 est
1687 2293 1824 2327 summm

949 2338 1026 2369 pere
1042 2329 1229 2362 notandum.
1248 2340 1309 2362 nec
1320 2332 1423 2364 minus
1433 2356 1442 2371 ‚
1452 2335 1678 2374 explicandam
1687 2336 1726 2367 ad
1737 2336 1823 2368 hunc

949 2370 1080 2402 modum
1098 2369 1160 2402 effe
1174 2371 1193 2402 l.
1209 2381 1261 2411 ¹17.
1282 2373 1315 2403 C.
1334 2375 1368 2404 αἰ»
1382 2374 1514 2415 nuptiis,
1539 2384 1609 2416 qua:
1632 2375 1678 2407 est
1701 2376 1825 2410 desum·

948 2418 1002 2452 pta
1027 2421 1068 2443 ex
1092 2410 1207 2444 Edicto
1224 2412 1422 2446 Diocletiani
1441 2415 1471 2447 ἀ
1491 2415 1679 2449 Maximiani
1698 2427 1763 2458 quo
1782 2419 1824 2451 de

948 2454 1074 2485 monui:
1100 2461 1136 2485 ut
1161 2463 1202 2486 ex
1227 2462 1361 2495 tenore,
1385 2455 1482 2488 etiarn
1498 2467 1540 2488 ex
1559 2457 1769 2501 inscriptione
1791 2460 1824 2492 δε

949 2493 1188 2538 Subscriptione
1214 2497 1242 2527 d.
1271 2495 1291 2528 l.
1320 2505 1367 2537 17.
1392 2496 1505 2538 liquet,
1528 2498 1598 2531 haec
1624 2504 1732 2533 autem
1756 2501 1823 2543 ejus

950 2537 1066 2575 verba,
1090 2535 1235 2568 Praeterea
1249 2537 1362 2577 fratris
1382 2537 1450 2578 filia
1473 2539 1562 2574 &ex
1574 2549 1608 2573 ea
1623 2547 1724 2584 nepte,
1747 2552 1822 2580 cum

949 2577 981 2609 in
1006 2577 1121 2609 Edicto
1145 2577 1263 2618 desint,
1287 2578 1477 2612 Triboniani
1503 2581 1566 2620 ess’e
1581 2606 1592 2622 ‚
1620 2583 1683 2625 jam
1705 2584 1834 2625 depre-'

949 2618 1063 2692 heiladit
1081 2619 1135 2692 gili
1159 2620 1246 2694 {nt‘iza
1263 2620 1378 2662 Jacobi
1398 2619 1599 2657 Gothori-edi
1612 2646 1624 2666 ,
1649 2622 1690 2659 V.
1711 2624 1771 2660 CL.
1784 2626 1825 2660 ad

948 2662 976 2695 d.
1009 2685 1018 2693 .
1037 2669 1066 2693 1.
1108 2681 1117 2692 .
1183 2669 1210 2692 eo
1233 2684 1242 2693 .

1044 2764 1114 2801 VI.
1147 2805 1150 2808 ,

260 2864 263 2865 ⁷
314 2848 467 2897 Ulpianus
492 2853 551 2889 levi
577 2856 682 2891 mendo
707 2855 855 2904 liberatus
881 2855 901 2892 l.
929 2867 949 2899 4
954 2865 987 2898 5.
1014 2854 1044 2902 §⁴
1072 2856 1104 2890 6.
1131 2856 1175 2892 D.
1200 2852 1240 2901 de·
1260 2858 1323 2894 ritu
1352 2860 1539 2907 nuptiarum.

46 2944 166 3018 Hoc
197 2945 302 2983 capite
333 2945 474 2978 liberabo
508 2948 679 2987 Ulpianum
704 2953 766 2983 levi
790 2951 909 2983 mendo

145 2987 232 3023 quod
256 2987 396 3018 nondum
414 3010 422 3026 ,
446 2998 595 3028 quantum
615 2994 762 3029 memini,
789 3002 907 3031 expun-

45 3036 123 3060 xere
139 3025 317 3058 Doctiffimi
330 3026 407 3058 Viri.
432 3028 493 3060 Sed
512 3032 646 3071 primurn
664 3034 835 3065 adscribam
854 3031 910 3065 Ul-

47 3068 129 3108 piani
153 3068 266 3099 verba:
284 3078 326 3113 ’ea
350 3069 445 3100 verba
466 3071 486 3102 l.
501 3082 549 3112 45.
574 3073 602 3115 §.
618 3079 648 3105 6.
670 3075 713 3107 D.
734 3076 766 3106 de
780 3075 841 3105 ritu.
857 3084 912 3106 nu·

43 3111 169 3152 pliarum
189 3109 257 3140 haec
274 3110 350 3141 lunt.

86 3150 120 3182 Si
143 3151 177 3181 ab
205 3148 328 3192 hostibus
348 3158 489 3190 patronus
515 3161 615 3195 captus
639 3155 690 3196 effe
712 3159 911 3197 proponatur,

81 3233 86 3237 .
120 3200 242 3232 verear,
264 3201 299 3224 ne
313 3192 399 3234 poffit
425 3191 479 3233 ista
500 3198 675 3230 connubium
689 3198 790 3231 habere
806 3199 912 3231 nuben-

1030 2953 1081 2983 do:
1099 2955 1332 2992 quemadmodum
1347 2955 1482 2995 haberet,
1491 2955 1518 2994 fi
1532 2960 1664 2988 mortuus
1679 2955 1754 2997 effct.
1775 2956 1817 2988 Et

1030 2994 1081 3034 qui
1101 2993 1221 3033 Juliani
1236 2996 1414 3035 sententiam
1433 3000 1559 3038 probant
1576 3021 1584 3036 ‚
1613 2998 1739 3028 dicerent
1761 3007 1819 3030 non

1031 3035 1194 3066 babituram
1218 3038 1416 3070 connubium:
1441 3045 1531 3079 putat
1555 3039 1629 3068 enim
1653 3037 1819 3078 Julianus,

1032 3076 1136 3107 durare
1151 3077 1212 3118 ejus
1229 3079 1334 3109 libertce
1349 3081 1564 3111 matrimonium
1580 3080 1666 3109 etiam
1680 3080 1711 3109 in
1729 3082 1821 3121 capti-

1037 3118 1149 3157 vitate,
1167 3125 1285 3160 propter
1303 3122 1423 3160 patroni
1444 3120 1642 3150 reverentiam.
1690 3120 1771 3152 Certe
1789 3120 1819 3159 si

1031 3159 1062 3189 in
1077 3158 1165 3189 aliam
1173 3162 1348 3200 servitutem
1365 3168 1507 3202 patronus
1517 3158 1558 3197 fit
1578 3159 1731 3201 detinetur,
1750 3170 1818 3204 pro-

1030 3200 1075 3231 cui
1090 3201 1174 3233 dubio
1191 3201 1355 3242 drffolutum
1369 3201 1431 3243 effet
1448 3202 1671 3235 matrimonium.
1783 3245 1796 3277 I

1801 3257 1817 3279 n
