2052 3487
214 132 286 169 126

214 227 268 259 ta,
291 226 352 260 qua
373 217 413 249 de
435 213 547 248 Paulus
567 209 694 248 scribit,
716 208 901 249 simpliciter
923 207 1082 249 accipies:

214 262 270 292 sed
287 270 351 292 non
366 260 451 290 idem
469 255 513 287 est
524 277 534 293 ,
548 253 571 284 fi
588 262 658 284 earn
674 250 795 282 referes
812 251 852 281 ad
870 249 1027 281 Veterum
1036 258 1083 280 re-

211 302 386 343 ligionem,
410 300 439 329 ὅ(
460 297 499 328 ad
520 294 671 326 solemnia
692 299 789 332 atque
809 290 1018 322 anniversaria
1039 289 1082 321 sa-

214 353 268 375 cra
280 366 287 380 ‚
312 342 340 372 δε
357 343 387 371 in
404 339 452 369 his
468 338 506 368 ad
523 335 651 367 Palilia:
674 334 705 364 in
722 332 839 378 quibus
866 332 957 378 urbis
970 331 1081 363 Romae

211 384 371 420 natalem,
397 378 601 419 pastoresque
620 374 716 416 jussos
735 373 765 405 &
783 373 894 405 soiitos
911 372 1004 405 fuiffe
1023 383 1080 414 per

212 424 354 457 ardentia
372 421 539 452 stramenta
560 417 711 449 transilire
723 439 732 454 ‚
755 413 891 446 Ovidius
909 415 1019 446 auctor
1035 414 1081 446 est

209 463 359 506 Frisiorum
376 463 422 493 lili.
446 471 475 501 4.
497 459 562 500 ejus
586 457 657 489 festi
686 465 760 488 cum
783 458 899 495 ritum,
924 464 992 487 tum
1017 456 1080 487 ori-

211 508 339 548 ginem,
364 503 394 534 ἃ
416 501 558 539 causam,
581 499 665 531 belle
681 508 717 530 ac
736 499 798 530 late
814 498 995 538 indigitans.
1021 496 1080 538 lgi-

210 557 262 579 tur
279 545 366 586 quod
390 544 506 575 Paulus
530 541 643 573 definit
660 540 700 572 de
723 540 791 578 his,
813 540 866 579 qui
893 547 950 580 per
968 539 1079 570 arden-

208 590 252 620 tia
270 587 436 618 stramenta
455 583 693 620 transiluerunt,
718 582 748 613 &
765 589 1017 619 concurrerunt,
1041 581 1080 611 la-

209 629 318 671 psique
338 625 592 663 ceciderunt,ad
611 624 718 655 Palilia
736 621 855 662 spectat
871 623 901 654 δι’,
919 621 1079 663 pastorum

207 669 362 702 solemnia
386 677 482 708 atque
510 664 719 697 anniversaria
746 664 848 695 Iaera:
870 664 903 695 in
926 663 1042 704 quibus
1059 663 1080 694 fi

210 712 284 753 quid
312 710 460 741 fecerunt
485 706 644 749 pastores,
673 705 807 745 jubente
840 705 1018 746 religione3
1048 704 1082 736 id

209 761 299 785 extra
317 752 443 792 culpam
461 759 496 781 ac
516 748 729 780 temeritatem
749 745 901 779 substitit:
926 746 956 778 &
975 745 996 778 fi
1016 747 1081 778 duo

209 796 316 835 ignem
327 793 414 825 simui
424 790 644 823 transiluerunt
654 811 664 826 ,
680 788 710 820 ἂ
720 788 809 820 forte
827 796 1079 827 concurrerunt,

209 827 372 876 amboque
394 834 603 870 ceciderunt3
626 830 658 862 id
683 839 743 871 pro
772 830 882 870 injuria
904 839 969 861 non
992 828 1055 860 fuit
1071 852 1081 868 ‚

209 877 265 909 sed
284 886 341 917 pro
361 875 451 912 casu,
468 874 518 904 cui
535 872 718 904 communis
734 871 912 904 humanitas
931 870 1082 912 ignoscit.

209 917 381 959 Expofitus
404 915 489 947 Pauli
508 915 610 946 locus.

253 960 359 999 AEque
375 958 502 998 elegans
520 955 565 988 est
582 954 715 996 sequens
730 953 859 995 Ulpiani
875 954 907 986 in
923 953 942 985 l.
961 963 989 994 7.
1006 954 1033 996 §.
1052 963 1082 994 4.

208 1001 253 1033 D.
272 1001 323 1032 Ad
339 1001 427 1041 legem
444 997 606 1040 Aquiliam.

248 1043 282 1074 Si
298 1041 408 1082 [qais]
426 1041 458 1070 in
479 1038 697 1077 colluctatione,
724 1037 770 1068 vet
793 1037 825 1068 in
837 1038 1010 1078 pancratio,
1034 1037 1080 1068 vel

265 1083 382 1126 pugiles
399 1084 467 1113 dnm
485 1082 560 1112 inter
569 1081 602 1120 Je
620 1085 810 1116 exercentur,
832 1079 908 1110 alius
932 1079 1023 1110 alium
1037 1088 1076 1109 οε,

269 1126 390 1163 cidem,
408 1122 436 1161 fi
453 1124 568 1164 quidem
586 1122 618 1152 in
631 1121 745 1162 publico
760 1123 915 1151 certamine
934 1119 1030 1161 [alius
1051 1130 1081 1151 a·

273 1166 345 1198 diurn
363 1164 518 1206 occiderit]
544 1162 630 1204 ceffat
648 1162 789 1204 Aquilia3
813 1163 883 1202 quia
896 1162 995 1203 gloriae
1012 1171 1079 1192 cau-

263 1208 302 1249 sa
321 1207 357 1242 &²
375 1207 517 1245 virtutis,
541 1214 598 1236 non
615 1205 729 1245 injuriae
744 1206 846 1245 gratia
861 1205 978 1234 videtur
1001 1205 1080 1234 dam-

269 1259 343 1281 num
362 1250 472 1280 datum.
517 1246 583 1278 Hoc
600 1253 696 1277 autern
713 1246 744 1276 in
756 1250 839 1284 servo
862 1254 919 1275 non
931 1246 1082 1285 procedit,

271 1292 410 1333 qnoniam
435 1289 555 1330 ingenui
576 1288 670 1329 solent
687 1291 814 1318 certare:
837 1288 867 1317 in
880 1285 1077 1326 filiofamilias

271 1332 425 1364 vulnerato
439 1331 576 1372 procedit.
622 1328 717 1359 Plane
725 1327 754 1366 fi
776 1329 916 1359 cedentem
939 1327 1076 1358 vnlnera-

271 1375 367 1411 veri‘t,
388 1374 444 1403 erit
461 1371 586 1413 quiz'liae
601 1370 695 1401 locus:
721 1376 774 1401 aut
783 1368 812 1407 fi
828 1379 884 1400 non
900 1370 930 1399 in
947 1369 1078 1399 certami-

273 1425 309 1445 ne
336 1418 451 1452 servum
470 1413 622 1444 occiderit:
650 1409 706 1449 nifi
724 1410 789 1452 [fi]
818 1411 929 1441 domino
953 1412 1079 1440 commit-

274 1450 350 1487 terite
367 1457 416 1486 hoc
427 1454 546 1495 facturn
557 1452 616 1491 sit,
643 1458 713 1483 tunc
737 1454 812 1483 enini.
836 1451 960 1492 Aquilia
986 1451 1078 1492 ceffat.

214 1497 250 1530 In
275 1498 339 1528 lioc
359 1498 433 1528 loco
453 1495 686 1536 distinguuntur
704 1493 807 1531 lucta,
839 1493 999 1533 pugilatus
1015 1516 1026 1532 ,
1051 1493 1081 1525 &

212 1539 423 1579 pancratium.
449 1534 647 1577 quomodo?
670 1534 771 1575 quise
798 1535 880 1566 lucta
906 1541 1079 1573 exercent,

211 1580 244 1611 hi
263 1579 292 1611 se
319 1580 436 1610 mutuis
463 1576 687 1617 complexibus
705 1576 907 1614 devinciunt,
932 1575 962 1607 δε
981 1576 1079 1616 maj0-

210 1631 279 1653 rem
304 1621 392 1652 1061ae
420 1627 543 1661 partem
571 1619 657 1649 varie
685 1617 853 1648 miscendis
879 1617 909 1649 ἃ
927 1616 1080 1648 constrin-

212 1663 324 1703 gendis
349 1662 488 1693 invicem
506 1660 697 1700 corporibus
713 1666 887 1700 peragunt:
912 1658 964 1699 qui
989 1659 1077 1699 pugi-

211 1705 297 1742 latu,
322 1703 352 1734 hi
379 1702 409 1734 se
427 1702 597 1734 verberant
614 1700 779 1739 caestibus,
805 1708 866 1731 nec
890 1699 919 1731 se
940 1700 1081 1732 invicem

210 1745 495 1786 complectuntur:
521 1744 606 1782 imo,
630 1742 650 1774 fi
674 1742 705 1774 id
730 1742 851 1778 velint,
875 1750 940 1773 non
959 1742 1081 1782 patiun-

209 1795 263 1818 tur
279 1787 387 1818 arbitri
406 1785 607 1817 certaminis:
632 1784 684 1824 qui
705 1783 870 1823 pancratio
887 1806 896 1821 ,
920 1781 968 1814 liis
982 1783 1031 1822 Jus
1049 1791 1082 1814 u·

209 1836 362 1868 trumque
379 1827 444 1866 est,
468 1835 576 1867 itaque
601 1824 788 1857 Plutarchus
817 1824 1014 1864 pancratium
1040 1833 1082 1855 ex

207 1870 294 1901 lutra
311 1870 340 1901 ἃ
364 1869 504 1910 pugilatu
526 1866 741 1907 compositum
758 1865 859 1896 refert
882 1866 930 1897 lili.
948 1874 977 1896 2.
997 1865 1080 1906 Sym-

209 1910 312 1953 pofiac.
333 1921 356 1942 c.
378 1921 406 1951 4.
433 1910 572 1950 denique
595 1907 736 1940 scribunt
753 1907 902 1948 quidam,
923 1907 1081 1947 pancrati-

210 1963 264 1984 um
285 1952 322 1984 ab
341 1962 382 1983 eo
397 1952 458 1983 dici
472 1975 482 1990 ,
506 1949 593 1991 quod
610 1949 743 1991 pugniS,
765 1948 902 1987 cubitis,
918 1948 1080 1987 calcibus,

212 1994 260 2033 &,
285 2003 318 2025 ut
335 1993 436 2025 verbo
460 1991 641 2031 absolvam,
667 1989 801 2036 universi
826 1989 970 2030 corporis
993 1990 1079 2035 nisu,

212 2037 422 2075 omniumque
452 2042 625 2065 nervorum
649 2039 885 2071 contentione,
909 2038 1081 2072 peragitur.

210 2076 312 2117 Igitur
341 2076 363 2108 si
392 2077 472 2107 alter
497 2076 631 2107 alterurn
659 2074 689 2105 in
719 2073 819 2111 lucra,
844 2073 1003 2114 pugilatu,
1028 2080 1082 2104 aut

210 2119 400 2158 pancratio,
425 2118 567 2156 occidit3
590 2126 627 2148 an
650 2115 711 2156 legi
731 2115 867 2156 Aquiliae
885 2115 977 2146 locus
995 2114 1082 2145 erit?

212 2159 357 2202 Quaestio
380 2159 444 2198 est,
477 2166 584 2190 utrum
607 2158 693 2198 jure,
726 2165 764 2187 an
791 2156 901 2195 injuria
918 2180 927 2194 ‚
960 2154 1082 2188 fafitum

210 2201 384 2233 videatur?
406 2200 447 2232 Et
464 2199 648 2232 Anacliarfis
661 2199 791 2239 quidem
803 2198 886 2237 apud
908 2196 1082 2229 Lucianum

210 2242 260 2274 De
273 2241 434 2284 gymnasiis
451 2243 512 2279 ait,
529 2241 767 2273 oblectamenta
787 2238 843 2270 ista
858 2237 983 2270 iiisaniae
1000 2238 1082 2279 esse,

211 2283 243 2315 ὅ(
264 2284 391 2324 publice
408 2284 550 2315 inutilia:
574 2281 744 2324 praefocari
771 2288 879 2320 certe,
903 2281 1003 2319 caedi,
1027 2291 1081 2322 pe-

210 2326 329 2364 ricula,
353 2325 498 2363 labores,
522 2325 690 2365 injuriasve
709 2324 854 2365 indignas
869 2345 879 2361 ,
902 2320 1015 2354 frustra
1037 2324 1083 2355 in-

210 2365 318 2405 ferre,
343 2366 373 2398 δι
394 2368 478 2407 pati,
502 2367 533 2398 in
564 2365 739 2407 conspectu
764 2365 902 2407 populi,
929 2373 994 2397 non
1019 2364 1082 2397 effe

211 2409 296 2448 ejus,
321 2409 374 2449 qui
394 2408 519 2440 ratione
538 2409 646 2440 utitur·
674 2407 736 2439 Sed
755 2416 867 2439 contra
883 2406 983 2439 Solon
999 2408 1082 2447 apud

211 2450 361 2482 cumdem
383 2451 411 2481 d.
435 2450 490 2481 loco
514 2457 627 2491 negat,
652 2449 706 2481 ista
729 2448 853 2481 insaniae
879 2458 977 2490 opera
998 2449 1080 2488 effe,

210 2500 319 2532 neque
338 2491 473 2533 impulsu
491 2491 694 2523 contumeliae
707 2490 766 2523 hos
782 2500 896 2522 mutuo
915 2490 944 2522 se
962 2490 1077 2522 obver-

212 2532 344 2571 bcrare,
368 2533 465 2573 inque
493 2542 590 2565 coeno
609 2533 745 2564 volutari
765 2556 774 2571 ‚
805 2540 858 2563 aut
886 2532 984 2564 semet
1002 2541 1078 2564 con·

210 2573 358 2614 spergere
385 2575 536 2614 pulvere,
568 2574 621 2606 sed
637 2574 855 2606 necessitatem
881 2573 976 2605 inesse
1005 2573 1081 2605 huic

210 2617 259 2647 rei
290 2624 354 2646 non
384 2616 595 2656 injucundam.
641 2615 728 2648 Idem
752 2615 833 2656 post.
876 2615 939 2647 Pro
970 2614 1081 2647 conse-

211 2656 339 2697 quenda
356 2657 457 2697 gloria
475 2659 569 2689 etiam
586 2657 617 2689 in
636 2666 782 2689 ventrem
805 2656 981 2695 calcitrari‚
1005 2666 1081 2697 prae-

212 2698 333 2729 clarum
356 2697 418 2729 effe
451 2699 640 2730 venantibus
671 2699 805 2737 gloriam
834 2708 874 2730 ex
905 2698 1080 2730 laboribus.

214 2739 276 2770 Sed
303 2739 379 2779 quid
403 2738 472 2771 est?
496 2740 631 2780 primum
658 2739 800 2779 Craecis,
825 2740 941 2772 deinde
963 2739 992 2771 ἃ.
1017 2739 1080 2771 Ro-

212 2781 336 2818 manis,
359 2780 459 2812 visum
478 2791 496 2812 e
519 2791 553 2812 re
576 2782 704 2822 publica
730 2781 811 2819 effe,
833 2781 986 2822 juvenum
1010 2790 1081 2813 cor-

213 2831 292 2863 pora
319 2822 368 2853 his
392 2822 554 2853 laboribus
585 2832 756 2862 exercere,
781 2831 834 2861 ut,
859 2824 948 2863 quod
978 2821 1080 2854 Solon

212 2871 304 2903 putat
328 2864 355 2894 d.
381 2863 432 2895 loc.
451 2869 483 2904 p.
507 2873 575 2904 751.
600 2864 762 2895 laboribus
787 2865 958 2896 tolerandis
981 2863 1080 2895 affue-

213 2904 347 2943 fierent,
370 2905 554 2945 pariterque
569 2905 686 2936 ictuum
706 2906 969 2937 declinandorum
983 2906 1079 2946 periti

213 2946 409 2985 evaderent,
433 2954 539 2985 neque
563 2954 650 2977 metu
674 2947 890 2978 aversarentur
913 2947 1078 2988 pericula:

212 2995 368 3028 praeterea
393 2994 427 3018 ut
453 2987 561 3018 secure
588 2988 777 3027 procidere,
800 2988 830 3019 ὃ(
847 2997 999 3029 prompte
1025 2998 1079 3020 ex-

212 3029 355 3069 surgere,
379 3028 562 3067 discerent;
586 3029 662 3060 item
680 3036 715 3059 ut
734 3029 888 3060 tenaciter
910 3029 1080 3070 ampiecti,

214 3070 243 3100 d<
262 3071 337 3101 loco
354 3080 506 3108 movere,
532 3070 560 3101 δι’
585 3071 615 3101 in
631 3071 729 3101 altum
745 3069 906 3101 sustollere
921 3094 931 3109 ,
954 3070 1081 3110 possent

214 3111 432 3143 adversarium.
475 3111 572 3152 Igitur
593 3113 680 3143 vides
700 3120 766 3142 rcm
783 3110 948 3151 pulchram
967 3112 995 3141 ἃ
1014 3112 1081 3143 bel-

168 3179 172 3186 ,
214 3151 246 3181 io
275 3153 404 3191 utilem,
435 3162 529 3193 quam
555 3154 728 3185 volucrunt
753 3152 888 3182 Veteres
911 3153 1080 3192 juvenibus

214 3201 278 3222 non
310 3201 431 3225 tantum
463 3195 669 3234 permittere,
702 3194 754 3225 scd
782 3196 878 3224 etiam
907 3193 1080 3233 propositis

213 3234 348 3273 praemiis
364 3243 459 3276 atque
477 3236 652 3269 honoribus
671 3235 909 3270 commendare.
954 3233 1079 3267 Horum

823 117 1130 155 Gaxanni
1179 114 1412 153 Noonr·

1125 208 1333 249 praemiorum
1352 207 1500 240 meminit
1517 205 1708 249 Papinianus
1731 208 1751 241 t.
1775 213 1826 251 40.
1850 210 1891 243 D.
1913 213 1947 246 de
1964 220 1995 248 re

1119 250 1275 291 Judicata‚
1310 249 1470 282 honorum
1499 250 1596 282 etiam
1624 249 1782 283 Lucianus
1801 258 1833 292 p.
1861 257 1930 293 726.
1952 256 1995 288 fic

1124 291 1283 331 inquiens,
1324 290 1565 324 Exercitiorum
1581 292 1666 325 aliud
1686 293 1836 332 quidem,
1860 296 1947 334 quod
1962 298 1995 330 in

1124 341 1222 363 coeno
1246 331 1300 370 fit,
1321 332 1404 364 lucta
1427 340 1588 373 vocatur,
1617 333 1663 366 illi
1692 343 1772 366 vero
1801 343 1934 376 quoque
1963 339 1995 371 in

1123 374 1255 414 pulvere
1283 373 1459 407 luctantur:
1483 383 1583 415 porro
1605 384 1680 414 eos»,
1705 376 1760 416 qui
1780 376 1891 408 erecto
1913 376 1996 411 stant

1123 423 1281 455 corpore,
1303 424 1340 446 ac
1365 414 1466 447 semet
1485 416 1673 448 verberibus
1697 417 1816 449 mutuis
1840 426 1995 458 onerant,

1123 457 1288 496 pancratio
1315 459 1482 488 decertare
1513 458 1666 489 dicimus:
1691 456 1763 490 sunt
1787 454 1942 499 praeterea
1964 461 1996 493 δε

1124 497 1182 529 alia
1212 497 1307 529 nobis
1326 498 1509 538 huiusmodi
1534 499 1693 539 gymnasia
1718 499 1749 531 &
1774 501 1935 541 pugilatus
1965 502 1996 533 ὅς

1125 537 1247 570 disci&
1274 538 1388 578 saltus,
1412 549 1551 580 quorum
1577 542 1722 572 omnium
1749 542 1923 574 certamina
1949 541 1997 574 so-

1124 581 1224 612 lemus
1254 589 1466 621 proponere3
1505 590 1641 622 quorum
1672 582 1725 623 qui
1756 582 1893 623 palmam
1923 585 1998 615 ade-

1124 628 1196 662 ptus
1223 620 1344 661 fuerit,
1369 622 1395 653 is
1412 622 1677 663 praestantiffimus
1695 633 1737 655 ex
1759 624 1909 656 omnibus
1934 624 1998 657 effe

1122 663 1300 703 judicatur,
1332 672 1369 694 ac
1398 665 1581 695 certaminis
1610 665 1694 696 tollit
1721 667 1860 706 praemia.
1907 665 1998 708 Quid

1125 704 1226 747 ergo?
1249 703 1270 735 ss
1288 704 1368 736 alter
1381 705 1517 737 alterum
1536 705 1637 744 lucta,
1661 708 1848 747 pancratio,
1870 715 1922 739 aut
1939 717 1998 748 pu-

1124 747 1220 787 gilatu
1235 768 1243 784 ‚
1268 746 1417 778 occidit?
1442 747 1568 786 Aquilia
1590 746 1704 779 cess'at:
1721 748 1812 780 causa
1830 758 1887 788 ea,
1902 758 1997 789 quain

1126 787 1279 828 Ulpianus
1300 786 1428 826 adfert,
1450 789 1689 829 quiavirtutem
1710 789 1740 821 ἅ
1756 791 1889 830 gloriam
1909 791 1940 822 in
1963 800 1999 822 re

1125 830 1211 862 licita
1235 827 1368 861 sectatus
1384 828 1450 868 est,
1473 839 1537 860 non
1563 830 1726 871 injuriam:
1752 832 1858 863 voluit
1886 839 1997 871 certe,

1126 871 1292 902 vi&01·iam
1323 870 1428 910 lucta,
1453 871 1619 911 pugilatu,
1649 882 1701 903 aut
1731 872 1895 914 pancratio
1913 898 1923 913 ,
1957 874 1999 905 de
2049 884 2052 890 ¹

1126 912 1258 944 homine
1281 912 1356 942 vivo
1382 913 1413 944 ὅτ.
1434 912 1587 944 incolumi
1614 913 1759 954 auferre,
1783 916 1871 956 quod
1897 916 1944 956 jus
1967 916 2000 946 δε

1126 963 1197 985 mos
1223 953 1359 993 patitur:
1382 960 1413 984 at
1438 955 1463 984 is
1487 952 1643 987 infirmior
1668 955 1756 995 fuit,
1780 966 1874 997 quarn
1897 964 1931 988 ut
1948 957 1998 988 his

1126 995 1306 1031 sufficeret3
1334 992 1507 1026 suffocatus
1537 995 1609 1035 est,
1641 1005 1694 1029 aut
1724 999 1858 1029 verbere
1885 999 1999 1038 periit:

1127 1045 1207 1078 puto
1241 1035 1452 1067 infortunium
1477 1036 1639 1077 dicemu33
1670 1046 1722 1070 aut
1747 1039 1768 1071 fi
1792 1040 1937 1082 culpam,
1968 1041 2000 1071 ei
2032 1057 2034 1059 >

1124 1077 1368 1117 imputabimus,
1394 1078 1448 1117 qui
1467 1086 1540 1108 curn
1557 1079 1780 1113 difficultatem
1799 1082 1843 1113 rei
1863 1082 1893 1113 δι
1913 1081 1999 1113 suam

1125 1119 1344 1151 infirmitatem
1371 1117 1492 1157 nollet,
1516 1125 1569 1150 aut
1587 1120 1647 1160 (ut
1673 1123 1848 1153 commode
1865 1122 1998 1164 Epitre-

1126 1169 1175 1193 tus
1193 1160 1362 1191 Enchiridio
1392 1169 1417 1190 c.
1442 1160 1522 1201 36.)
1547 1169 1620 1192 ante
1643 1162 1843 1195 considerare
1861 1165 1889 1195 ἀ
1908 1163 1998 1196 nosse

1125 1201 1455 1240 deberet,certamini
1474 1201 1503 1232 se
1520 1209 1643 1234 temere
1666 1204 1845 1237 commisit:
1870 1205 1998 1246 prorsus

1125 1245 1209 1276 lianc
1226 1243 1406 1274 adversario
1424 1252 1489 1274 non
1509 1243 1736 1283 imputabimus
1755 1270 1766 1286 ,
1799 1247 1854 1287 qui
1880 1246 1934 1278 ubi
1952 1247 1998 1278 vi-

1123 1285 1379 1323 ctoriaestuduic,
1397 1292 1520 1315 tantum
1532 1285 1663 1325 publico
1679 1287 1747 1327 jure
1768 1288 1837 1320 usus
1847 1287 1920 1319 fuit.
1941 1289 1999 1320 At-

1121 1337 1185 1368 que
1205 1327 1269 1358 hoc
1290 1325 1444 1365 Ulpianus
1464 1327 1492 1357 d.
1510 1326 1560 1358 loc.
1588 1327 1725 1366 probat,
1759 1330 1780 1361 fi
1806 1331 1836 1361 in
1864 1330 1997 1371 publico

1123 1370 1298 1401 certamine
1316 1367 1435 1399 factum
1452 1367 1507 1406 sit3
1531 1368 1649 1408 pariter
1661 1378 1696 1400 ut
1713 1369 1805 1402 Plato
1822 1370 1870 1402 De
1887 1372 1997 1412 legibus

1123 1410 1171 1444 lib.
1197 1419 1241 1441 ix.
1260 1417 1290 1449 p.
1316 1413 1384 1448 865.
1402 1409 1444 1440 sic
1462 1408 1609 1442 scribens.
1656 1411 1689 1441 Si
1705 1413 1771 1453 quis
1790 1413 1940 1454 inpugna
1960 1413 1998 1448 ὅ)

1124 1452 1330 1483 certaminibus
1345 1450 1471 1491 publicis
1488 1451 1605 1490 nolens,
1622 1450 1689 1490 sive
1706 1463 1719 1483 e
1735 1452 1854 1496 vestigio
1862 1454 1928 1493 five
1944 1461 1996 1496 po-

1116 1492 1183 1533 stea
1209 1498 1297 1523 morte
1323 1493 1512 1532 consequuta,
1535 1495 1660 1524 anticum
1676 1496 1873 1534 interfecerit,
1897 1496 1943 1527 vet
1962 1498 1995 1527 in

1125 1535 1191 1565 hello
1203 1532 1358 1572 fimdzter,
1381 1534 1427 1563 vet
1445 1536 1475 1564 in
1494 1535 1696 1566 exercitatione
1716 1536 1833 1575 bellica,
1857 1547 1945 1579 quum
1963 1539 1997 1569 de

1130 1573 1367 1617 Magistratztiim
1383 1576 1519 1606 mandato
1531 1574 1625 1614 βω,
1642 1579 1763 1609 inermes
1774 1602 1783 1616 ,
1793 1577 1858 1616 five
1869 1589 1936 1611 cuni.
1951 1589 1999 1610 ar-

1123 1619 1177 1648 mis
1182 1618 1244 1658 jeje
1265 1622 1446 1654 exercerent,
1470 1619 1507 1647 ad
1519 1614 1593 1658 justi
1610 1617 1673 1648 belli
1689 1620 1898 1660 imitationem,
1922 1622 1946 1651 is
1963 1630 1996 1652 ea

1123 1658 1201 1700 lege,
1224 1667 1286 1699 qzcae
1301 1658 1413 1689 oraculo
1432 1657 1574 1698 Apollinis
1591 1659 1667 1690 edita
1683 1658 1722 1700 est
1734 1684 1742 1699 ‚
1767 1662 1894 1692 mundus
1905 1663 1998 1700 cense-

1124 1705 1178 1732 tor.
1203 1699 1301 1738 H0c3
1334 1699 1355 1730 ii
1378 1699 1457 1730 alter
1483 1700 1617 1731 alterum
1650 1703 1773 1733 occidit
1799 1710 1888 1742 tum,
1920 1705 1997 1735 dum

1124 1748 1328 1773 exercentur.
1353 1741 1442 1781 quod
1461 1738 1480 1770 fi
1499 1741 1669 1773 cedentem
1691 1744 1926 1784 vulneraverit3
1950 1748 1997 1784 is,

1123 1781 1146 1814 fi
1171 1781 1313 1823 Ulpiano
1330 1780 1409 1814 fides
1427 1782 1454 1812 d.
1479 1780 1498 1811 l.
1518 1790 1546 1821 7.
1567 1781 1594 1822 §.
1616 1792 1645 1820 4.
1670 1784 1775 1816 adhuc
1792 1786 1927 1826 Aquiliae
1948 1787 1996 1818 lo-

1125 1833 1198 1855 cum
1216 1823 1314 1855 facit:
1332 1825 1404 1863 quia
1415 1823 1585 1855 cedentem
1598 1824 1625 1854 &
1640 1825 1702 1864 Jam
1719 1835 1848 1859 manuni
1866 1828 1997 1860 dantem

1125 1866 1270 1902 caedere,
1301 1873 1368 1896 non
1391 1865 1489 1896 virtus
1516 1865 1580 1905 est,
1605 1865 1658 1897 sed
1683 1866 1818 1899 saevitia:
1843 1877 1998 1909 praeterea

1124 1916 1198 1938 cum
1215 1916 1280 1937 non
1299 1907 1375 1939 alius
1399 1906 1435 1938 sit
1459 1906 1550 1946 hujus
1576 1910 1758 1941 certaminis
1784 1908 1876 1950 finis,
1900 1920 1997 1952 quam

1124 1958 1166 1980 eit
1186 1946 1353 1980 adversarii
1377 1958 1434 1980 ore
1458 1949 1600 1980 victoriae
1626 1949 1861 1984 confcffionem
1887 1960 1997 1984 extor-

1124 1999 1243 2031 quere;
1266 1990 1336 2031 plus
1357 1989 1427 2021 satis
1444 1990 1555 2031 gloriae
1573 1990 1683 2022 victori
1703 1991 1822 2032 fuerit,
1843 1993 1928 2026 hanc
1943 1995 1998 2027 ad·

1125 2031 1264 2064 versario
1281 2031 1515 2063 confeffionem
1533 2032 1732 2072 expreffiffe:
1749 2035 1862 2073 utique
1879 2045 1952 2067 cuin
1967 2035 1998 2067 ei

1124 2073 1206 2105 ultra
1228 2074 1276 2114 jus
1293 2082 1359 2104 non
1377 2072 1413 2104 sit
1428 2096 1437 2111 ‚
1461 2072 1483 2104 fi
1501 2081 1616 2104 contra
1641 2073 1759 2114 faciat3
1783 2085 1860 2107 vere
1883 2077 1997 2117 injuria

1125 2115 1260 2146 dicetur.
1307 2114 1404 2147 Hunc
1423 2113 1520 2145 finem
1546 2115 1694 2156 indigitat
1711 2117 1833 2149 Seneca
1856 2117 1904 2149 his
1925 2128 1995 2150 ver-

1125 2156 1174 2188 bis
1200 2155 1247 2188 De
1265 2156 1407 2196 beneficiis
1428 2155 1483 2186 lib.
1505 2165 1535 2195 5.
1560 2166 1584 2187 c.
1604 2167 1634 2197 3.
1659 2156 1869 2190 Lacedaemonii
1891 2165 1995 2191 vetant

1116 2201 1188 2240 suos
1206 2199 1359 2238 pancratio
1377 2202 1430 2228 aut
1455 2196 1539 2236 caeltit
1562 2198 1725 2237 decernere,
1750 2200 1802 2230 uhi
1825 2201 1994 2235 inferiorem

1115 2239 1244 2281 'ostendit
1263 2238 1337 2270 victi
1357 2237 1485 2278 confeffio
1528 2238 1634 2278 Cursor
1657 2246 1760 2270 nietam
1772 2245 1854 2281 prior
1880 2244 1992 2274 contin-

1123 2284 1181 2324 git.
1206 2282 1356 2313 velocitate
1371 2281 1481 2318 aliani,
1491 2289 1549 2311 non
1562 2282 1657 2311 animo
1672 2281 1825 2323 anteceffit.
1850 2283 1995 2315 Luttator

1127 2330 1169 2354 ter
1194 2322 1321 2365 aiJeaus
1341 2323 1469 2364 perdidit
1490 2321 1637 2362 palmam,
1659 2332 1718 2354 non
1743 2324 1875 2356 tradidit.
1920 2325 1995 2357 Cam

1127 2363 1250 2405 invictos
1272 2364 1323 2405 effe
1341 2364 1551 2396 Lacedaemonii
1573 2366 1650 2395 cives
1659 2365 1733 2404 sitos
1746 2375 1850 2408 magno
1870 2364 1994 2408 aefiima—

1127 2414 1211 2446 rent,
1242 2407 1276 2438 ab
1299 2406 1344 2437 his
1374 2406 1579 2437 certaminibus
1608 2413 1813 2446 removerunt,
1834 2409 1867 2440 in
1888 2410 1994 2450 quibus

1127 2448 1264 2481 victorem
1282 2448 1363 2489 facit
1384 2457 1441 2478 non
1461 2448 1574 2488 judex,
1598 2457 1656 2479 non
1672 2453 1775 2489 perse
1792 2450 1849 2489 ipse
1876 2451 1997 2489 exitus,

1122 2492 1178 2533 sed
1199 2500 1259 2522 vox
1275 2490 1395 2521 cedentis
1414 2488 1450 2523 ὅ)
1473 2491 1582 2520 tradere
1593 2489 1733 2529 jubentis.
1777 2489 1860 2533 Quae
1885 2491 1994 2523 hacte-

1127 2542 1184 2565 nus
1211 2532 1295 2570 dixi,
1318 2540 1354 2562 ea
1372 2530 1554 2571 procedunt
1569 2531 1601 2561 in
1625 2530 1810 2564 hominibus
1826 2532 1993 2574 ingenuis,

1127 2574 1181 2605 sed
1192 2572 1489 2613 patribusfamilias:
1504 2571 1588 2602 addo
1601 2594 1611 2610 ‚
1629 2572 1661 2603 in
1677 2571 1904 2606 filiisfamilias:
1919 2582 1994 2607 nam

1128 2616 1169 2647 de
1193 2616 1241 2646 liis
1264 2613 1425 2646 consentit
1444 2611 1620 2654 Ulpianus;
1643 2612 1665 2644 fi
1683 2613 1715 2644 iri
1730 2616 1906 2647 certamine
1924 2616 1994 2647 vul-

1128 2657 1227 2689 nerati
1244 2655 1321 2688 fint:
1345 2656 1413 2696 (de
1442 2654 1583 2695 quoiam
1610 2653 1700 2695 supra
1717 2664 1745 2686 c.
1763 2665 1792 2686 2.
1804 2657 1823 2696 )
1845 2656 1877 2687 in
1895 2655 1993 2688 servis

1128 2706 1234 2730 autem
1258 2707 1324 2729 non
1343 2696 1536 2738 procedunt.
1559 2693 1649 2737 Quid
1666 2695 1736 2727 ita?
1760 2698 1834 2737 quia
1859 2697 1993 2738 ingenu-

1128 2750 1220 2772 orum
1239 2740 1412 2770 certamina
1428 2737 1496 2769 sunt
1506 2746 1571 2768 non
1584 2736 1765 2769 servorum:
1782 2745 1817 2769 ut
1834 2738 1991 2771 veriffime

1127 2780 1283 2822 Ulpianus
1301 2780 1365 2812 ait:
1389 2779 1463 2811 dum
1474 2777 1544 2824 haec
1562 2778 1678 2818 verba,
1701 2778 1851 2822 Quoniam
1868 2780 1992 2822 ingenui

1117 2823 1213 2864 solent
1235 2828 1361 2862 certare,
1382 2820 1425 2853 fic
1442 2820 1658 2861 accipiantur,
1681 2822 1817 2862 quoniam
1832 2822 1992 2862 prasertim

1125 2866 1247 2905 ingenui
1259 2864 1355 2903 fiilent
1375 2867 1502 2894 certare.-
1523 2861 1674 2893 videntur
1691 2863 1775 2894 enim
1795 2864 1990 2902 certamina,

1125 2905 1180 2937 etfi
1200 2905 1440 2937 servorumnon
1458 2902 1599 2941 fuerint,
1623 2910 1729 2935 tamen
1750 2904 1779 2936 &
1799 2904 1990 2937 libertorum

1124 2946 1236 2986 fuiffe,
1269 2948 1408 2978 maxime
1429 2944 1656 2986 Augustalium.
1680 2946 1769 2985 quod
1795 2945 1912 2986 probat
1942 2944 1988 2977 se-

1124 2997 1226 3027 quens
1257 2987 1425 3029 Inscriptio
1449 2987 1532 3028 apud
1569 2984 1772 3028 onuphrium
1801 2986 1991 3020 Panviniuin

1124 3029 1257 3072 Reipubl·
1279 3029 1406 3062 Roman.
1435 3034 1584 3061 comment.
1607 3029 1655 3059 lib.
1676 3039 1705 3060 2.
1718 3035 1750 3070 p.
1774 3036 1845 3061 210.

1432 3080 1464 3102 L.
1486 3077 1678 3102 AVRELIO

1304 3120 1576 3145 APOLAvsTo.
1600 3118 1803 3143 MEMPHIO

1300 3163 1426 3185 avoc.
1450 3162 1530 3185 ΗΒ.
1552 3160 1811 3184 HIERONICA-2

1231 3204 1478 3228 CORONATO.
1505 3203 1568 3226 ET.
1591 3202 1686 3225 ΤοΝ.
1710 3201 1880 3225 DIAPAN

1232 3247 1331 3271 TON.
1355 3244 1608 3270 APOLLINIS.
1631 3242 1881 3267 sAcERDOTI

1923 3283 1983 3306 SO-
