2036 3495
199 78 267 124 362
690 73 1032 107 Genannt

205 177 250 199 no
266 168 284 198 l.
305 175 330 198 ι.
346 164 376 206 §.
394 165 446 196 ult.
467 162 507 194 D.
526 162 558 192 de
579 161 619 192 rei
640 159 750 191 vindic.
770 158 807 193 ὅ)
824 159 845 189 l.
866 167 910 190 12.
926 157 956 204 §t
974 166 1003 194 4.
1022 158 1075 188 D.·

207 211 239 240 cie
254 207 307 246 usa
324 207 360 241 &f
377 206 465 237 babit.
483 202 636 239 equitium
655 199 779 230 dicitur.
795 198 877 241 Quae
896 200 1071 238 dejumcn·

207 250 245 281 tis
262 249 416 285 diximus,
434 246 501 275 haec
515 243 639 282 (inquit
649 239 802 281 Ulpianus
811 242 840 273 d.
851 240 881 281 ᾗ.
903 248 949 278 14.
966 239 985 269 l.
1001 239 1072 279 38.)

208 293 237 322 ot
253 292 283 322 in
310 286 493 319 hominibus
519 284 677 321 dicemus,
708 282 850 320 pluribus
875 290 939 313 uuo
966 289 1071 320 pretio

208 330 374 363 distractis:
396 325 449 357 nifi
465 324 484 356 fi
503 324 634 365 separari
655 333 718 354 non
735 322 866 364 posiint,
890 330 924 353 ut
940 329 1036 361 puta,
1052 320 1074 352 ii

207 371 338 412 tragoedi
365 367 416 398 vel
439 365 545 404 mimi,
576 375 616 397 ex
634 365 732 397 Paulo
754 363 879 395 additur
904 363 923 395 l.
945 372 996 403 39.
1021 363 1073 393 vel

207 414 339 444 fratres:
365 407 398 439 hi
415 409 498 439 enirn
524 416 587 437 non
605 415 697 438 eruut
714 405 872 445 separandi
888 404 909 436 l.
933 414 984 443 40.
1001 404 1029 435 h.
1051 408 1074 435 t.

208 455 328 485 Seneca
344 450 456 486 Pater,
469 448 606 488 Excerpt.
625 448 759 478 Controv.
777 446 825 476 lib.
840 455 870 481 9.
893 444 1024 477 Deciani.
1041 453 1072 483 3.

207 495 246 527 In
261 491 420 524 {tunionem
435 491 543 526 fratres
553 488 707 530 procinetus
715 488 850 528 quamvis
865 485 973 527 hostilis
989 486 1071 525 hasta

206 546 264 566 non
281 533 396 565 dividit.
421 531 499 562 Plus
521 531 659 571 quiddam
681 527 720 569 est
742 529 870 569 geminos
891 527 961 568 effe,
985 537 1072 568 quam

201 578 324 615 fratres.
342 573 439 615 perdit
463 580 582 613 uterque
601 571 731 613 gratiam
745 576 855 610 stiam,
878 568 935 607 nifi
950 578 1015 600 cum
1029 569 1070 599 ai-

205 623 263 651 tero
279 613 329 657 est.

1095 69 1356 107 NoonT
1413 72 1625 112 Coitit.

1151 156 1299 192 Tertium
1323 169 1417 202 caput
1442 162 1575 195 AEdilitii
1599 163 1699 196 Editti
1714 170 1766 196 ‘ex
1790 163 1930 205 Ulpiano
1947 167 1978 199 ὅτ

1114 198 1213 230 Paulo
1228 199 1247 231 l.
1263 211 1314 240 40.
1334 201 1363 243 §.
1387 211 1410 234 1.
1427 201 1554 245 &⁹qusp
1581 205 1607 235 h.
1629 210 1649 236 t.
1666 206 1705 236 sle
1721 214 1825 238 extat:
1847 206 1897 237 Ne
1912 209 1978 248 qais

1113 248 1230 279 canem,
1251 251 1379 280 verrem,
1409 245 1454 275 vei
1475 248 1610 276 minorem
1631 253 1751 286 aprum,
1782 248 1898 288 lupam,
1930 257 1978 278 nr-

1106 282 1192 320 Jum,
1211 283 1398 329 pantheram,
1424 286 1549 324 leonem,
1568 287 1685 318 aliudve
1699 289 1772 328 quod
1787 294 1898 320 noceret
1915 290 1980 320 ani·

1116 323 1192 370 mai,
1202 322 1266 360 five
1280 326 1374 361 soluta
1384 325 1447 364 fint
1458 351 1466 365 ,
1476 326 1540 364 five
1557 328 1694 369 alligata,
1709 333 1743 360 itt
1758 331 1898 360 contineri
1912 331 1979 361 vin-

1116 363 1186 393 cutis
1198 387 1207 402 ,
1218 374 1272 411 qno
1289 367 1386 411 minus
1399 370 1537 399 dammim
1553 371 1701 408 inferant,
1713 379 1771 400 non
1783 369 1888 411 poffint
1898 393 1907 408 ‚
1921 380 1981 411 qzia
2008 389 2009 394 =

1115 404 1204 444 vulgo
1220 412 1274 436 iter
1285 411 1356 445 flet,
1372 409 1415 440 ita
1431 408 1556 450 habuiffe
1564 410 1653 447 νοοίης
1669 417 1701 441 iit
1719 412 1853 452 cuiquam
1864 421 1980 451 nocere,

1117 447 1292 477 damnumve
1314 448 1379 479 dari
1397 449 1497 489 poffit:
1515 448 1544 489 si
1566 450 1704 492 advenias
1728 461 1761 483 ea
1770 452 1888 492 fatiunt
1905 454 1980 491 erit,

1115 486 1152 533 ᾤ’)
1168 487 1246 518 homo
1261 487 1328 534 libes
1344 498 1380 536 ex
1394 500 1425 521 ea
1439 499 1469 521 re
1482 494 1615 532 perierit,
1628 494 1717 533 solidi
1739 494 1872 525 ducenti:
1888 491 1917 531 fi
1933 503 1984 524 no·
2024 511 2026 514 -

1112 534 1203 575 citum
1211 529 1321 577 nomini
1335 529 1418 575 libero
1434 532 1484 571 effe
1501 534 1627 572 dicetur,
1638 536 1742 575 quanti
1751 537 1853 566 honam
1866 544 1978 575 tequam

1113 569 1218 617 Jutlzci
1245 570 1407 609 videbitur,
1431 574 1654 606 condemnetur:
1678 583 1843 606 caeterarum
1863 568 1979 615 rerum,
2024 566 2028 576 ⁵

1114 619 1218 651 quanti
1235 613 1372 642 dammim
1388 614 1487 644 autum
1496 613 1650 653 factumve
1659 617 1699 654 fit
1710 641 1719 655 ,
1748 618 1839 654 dupli.

874 693 1227 729 TITULus
1283 692 1333 727 Il.

771 770 820 806 De
838 769 1035 804 emtionibus
1053 766 1093 807 δέ)
1110 769 1207 815 duplae
1220 768 1429 815 stipulatione.

205 865 352 941 Partes
367 860 514 894 Rubricae
531 860 600 892 duae
616 858 702 892 sunt:
718 868 779 891 una
794 859 835 891 de
851 857 1076 897 eviCtionibus‚

207 934 211 935 ⁷
270 906 365 937 altera
374 905 414 936 de
423 903 528 943 duplae
538 901 747 943 stipulatione.
758 900 813 932 Est
822 908 928 932 autem
938 898 1056 930 evictio
1065 921 1076 937 ,

205 946 251 979 rei
267 954 383 986 emptae
411 944 532 977 ablatio
549 953 607 984 per
626 942 771 983 Judicem
787 942 857 983 jure
876 940 968 972 facta.
993 939 1076 971 dicta

207 999 224 1019 a
254 986 411 1020 vincendo
420 998 429 1025 ;
458 984 682 1027 praepofitione
707 984 796 1015 verbi
820 982 1007 1022 potestatem
1024 990 1075 1026 au-

206 1039 314 1071 gente.
330 1037 401 1060 nam
412 1027 543 1059 vincere
559 1025 616 1065 est,
625 1025 791 1057 victoriam
807 1024 965 1055 obtinere.
987 1031 1074 1053 evin·

207 1081 281 1103 cere
297 1070 361 1109 est,
384 1068 548 1100 victoriam
561 1065 696 1106 exequi,
719 1065 803 1105 sive,
827 1073 861 1097 ut
878 1063 1001 1096 ostendi
1020 1062 1074 1093 sub

207 1112 340 1151 Titulo,
369 1107 417 1141 De
437 1108 587 1150 inofficiostt
609 1105 773 1149 testamento
788 1130 798 1147 ,
829 1115 886 1147 per
910 1104 1075 1150 vissoriam

207 1154 333 1187 auferre
351 1152 403 1183 vel
418 1151 587 1183 abducere.
604 1150 629 1181 is
645 1149 730 1181 enim
747 1147 777 1179 in
796 1148 840 1179 rei
858 1146 1075 1179 vindicatione

208 1195 253 1228 est
270 1193 411 1227 victoriae
427 1192 513 1224 finis:
529 1192 667 1231 ideoque
681 1190 830 1222 executio
841 1212 849 1226 ,
867 1191 930 1228 ejus
945 1187 1075 1218 ablatio·

207 1247 250 1269 ne
272 1243 326 1268 aut
349 1234 543 1266 abduttione
569 1231 735 1269 constans,
758 1232 797 1262 ab
821 1229 959 1270 Ulpiano
974 1235 1077 1260 extre·

208 1287 296 1311 mum
320 1273 545 1317 jurisdictionis
574 1276 706 1304 vocatur
728 1272 749 1303 l.
772 1273 850 1303 unic.
875 1271 904 1313 §.
934 1279 959 1301 ι.
986 1269 1027 1300 D.
1044 1269 1078 1300 Si

208 1321 272 1362 qais
283 1319 336 1360 jus
354 1316 461 1348 dicenti
480 1325 538 1346 non
552 1316 669 1353 obtemp,
702 1312 775 1345 Hoc
794 1313 892 1345 modo
909 1310 1015 1343 evinci
1031 1312 1075 1342 di·

207 1363 291 1392 citur
310 1369 358 1390 res
376 1364 501 1398 empta,
523 1365 595 1388 curn
613 1356 761 1387 dominus
784 1362 836 1385 aut
853 1353 994 1385 creditor
1006 1352 1076 1392 jure

207 1399 340 1434 dominii
357 1407 410 1430 aut
430 1398 570 1439 pignoris
586 1397 723 1437 emptori
741 1405 796 1436 per
810 1395 955 1435 Judicern
971 1393 1076 1424 aufert

207 1442 237 1474 ei
254 1439 418 1474 venditum
435 1440 465 1470 &
483 1437 630 1470 traditum
648 1437 688 1468 ab
705 1437 812 1476 aliquo
829 1438 881 1477 qui
898 1445 963 1467 non
982 1434 1075 1465 habe-

207 1484 262 1516 bat
281 1479 440 1513 vendendi
455 1488 493 1510 ac
518 1477 663 1510 tradendi
688 1477 887 1509 facultatem.
925 1477 1076 1516 idemque

208 1525 272 1561 est,
295 1524 314 1554 fi
333 1521 435 1561 Judex
444 1526 592 1560 emptore
610 1526 725 1560 agente
740 1517 887 1550 adversus
904 1519 948 1549 rei
959 1525 1075 1557 emptae

205 1563 407 1607 poss’efforem
418 1585 428 1601 ,
445 1570 518 1593 eum
535 1560 687 1592 absolvat.
719 1559 812 1592 Adeo
829 1559 930 1591 evifila
946 1569 994 1591 res
1010 1557 1075 1590 est:

205 1607 271 1640 five
280 1603 418 1645 emptori
427 1609 594 1634 convento
603 1601 812 1642 pe1·Judicem
822 1600 867 1632 est
874 1600 946 1642 post
955 1600 1076 1631 senten·

205 1649 282 1680 tiam
291 1646 411 1678 ablata:
425 1643 490 1677 five
499 1653 540 1675 eo
550 1651 666 1685 agente
680 1642 724 1675 est
733 1651 749 1674 a
759 1641 928 1683 possessore
938 1648 1074 1674 retenta.

202 1688 258 1722 De
278 1695 413 1728 utraque
428 1685 596 1717 evictionis
612 1692 702 1726 parte
717 1683 845 1725 prodita
863 1692 881 1714 a
897 1682 1071 1714 Veteribus

202 1729 249 1762 est
258 1728 283 1761 F
285 1728 407 1761 ormula
417 1725 645 1767 stipulationis:
656 1734 750 1767 quam
762 1724 901 1757 Rubrica
911 1732 1006 1756 vocat
1018 1723 1073 1755 du-

201 1772 263 1813 plae
272 1768 595 1811 stipulationem1quia
603 1766 634 1800 in
644 1776 715 1799 eam
723 1765 933 1799 inducebatur
942 1766 1073 1806 duplum

201 1813 318 1854 pretii,
340 1821 375 1843 re
391 1809 502 1842 eviCta.
527 1809 556 1840 E
572 1818 607 1841 re
622 1809 701 1847 erit,
715 1807 800 1840 illam
817 1806 842 1839 F
845 1807 1001 1840 ormulam
1021 1815 1074 1847 ap-

201 1855 296 1897 poni:
319 1852 481 1893 plerisque
498 1851 589 1892 hujus
606 1849 710 1882 Tituli
734 1849 936 1891 Fragmentis
951 1849 991 1880 ab
1010 1848 1076 1888 eius

204 1895 424 1936 explicatione
433 1891 659 1933 pendentibus.
676 1890 813 1923 Videtur
821 1889 980 1922 autemita
998 1899 1076 1920 con-

203 1937 268 1979 cipi
285 1934 393 1977 posse,
414 1933 494 1966 Eam
509 1943 577 1966 rem
595 1942 688 1974 quam
706 1942 723 1964 a
739 1940 772 1964 te
788 1932 868 1971 erni,
891 1932 968 1963 mihi
985 1930 1078 1962 habe-

203 1989 240 2011 re
255 1979 367 2011 licere:
384 1976 413 2008 &
429 1975 451 2007 fi
467 1984 504 2007 ea
523 1985 572 2007 res
588 1984 605 2006 a
621 1984 673 2006 me
690 1975 790 2015 petita
806 1974 886 2012 erit,
902 1973 952 2004 vel
968 1972 990 2004 fi
1007 1980 1077 2003 eam

204 2020 246 2052 ab
263 2019 325 2050 alio
343 2016 487 2058 petiero,
504 2025 573 2048 eam
592 2016 678 2047 reete
695 2015 890 2053 defendere,
906 2013 1073 2054 postquam

204 2062 265 2094 tibi
282 2059 435 2091 heredive
451 2065 508 2089 tuo
524 2057 781 2089 denunciavero:
806 2057 836 2087 &
858 2055 879 2087 fi
897 2065 934 2086 ea
950 2065 999 2087 res
1017 2055 1074 2086 mi-

204 2103 238 2135 hi
254 2101 357 2134 evit'ta
372 2098 451 2137 erit,
474 2099 526 2130 vel
551 2097 573 2130 fi
596 2107 665 2130 eam
691 2107 751 2139 ego
768 2107 784 2128 a
801 2096 972 2138 possessore
986 2095 1074 2127 evin-

205 2154 281 2176 cere
295 2151 361 2175 non
378 2139 536 2181 potuerim
547 2162 556 2177 ,
572 2147 639 2171 turn
659 2140 786 2180 duplam
804 2138 880 2170 mihi
899 2138 984 2169 recte
998 2147 1075 2178 prae·

204 2185 277 2218 ssari
286 2206 296 2222 ,
307 2183 481 2222 dolumque
490 2182 605 2212 malum
615 2180 738 2219 abesse,
753 2180 783 2212 δι
793 2179 977 2212 abfuturum
994 2178 1074 2216 effe,

206 2224 370 2267 spondes?
391 2222 502 2255 Tenes
519 2221 711 2254 Formulam.
735 2222 818 2262 petis
836 2221 1074 2261 probationem.

207 2268 338 2308 accipe,
362 2265 393 2297 &
409 2264 576 2304 subJectam
591 2263 903 2303 interpretationem.

247 2308 349 2340 Prima
358 2305 541 2338 observatio
550 2305 611 2336 erit
620 2327 629 2343 ,
639 2305 669 2336 in
679 2304 728 2336 illa
738 2303 887 2335 Formula
898 2312 958 2334 non
969 2301 1076 2341 postu-

208 2350 264 2381 lari
287 2347 541 2380 satisdationem:
564 2345 618 2377 sed
640 2345 921 2385 repromiffionem.
953 2344 1075 2384 Vulgus

208 2390 337 2429 quidem
362 2388 498 2421 credidit
513 2411 524 2427 ,
558 2386 771 2428 fidejussorem
802 2395 897 2427 quem
913 2385 1075 2417 auctorem

209 2432 380 2463 secundum
405 2436 542 2468 vocant,
573 2438 606 2460 re
622 2429 736 2460 tradita
760 2428 825 2460 dari
845 2435 1016 2468 oportere:
1040 2424 1075 2457 ss·

1119 856 1267 898 terposita.
1291 863 1391 889 utram
1407 867 1443 890 ex
1459 857 1545 894 caiisa
1561 859 1725 899 emptionis,
1749 867 1789 890 aiz
1807 869 1843 892 ex
1857 862 1934 903 alia,
1947 871 1981 895 ut

1119 898 1362 944 committipoffit.
1387 899 1505 931 Praeter
1522 899 1590 931 haec
1608 899 1983 943 oiervandum‚angustos

1119 940 1180 972 effe
1196 940 1327 985 achonis
1343 950 1383 971 ex
1400 942 1493 982 dupla
1514 939 1610 972 fines:
1625 950 1658 972 ut
1675 941 1720 973 est
1736 941 1830 973 stricti
1842 942 1917 983 Juris
1934 945 1984 976 sti-

1118 982 1257 1022 pulat10;
1291 982 1319 1013 ὧι
1345 989 1468 1014 tantum
1493 989 1652 1023 concepta
1674 983 1704 1013 in
1723 983 1853 1022 duplum
1876 984 1987 1023 pretii:

1117 1021 1286 1067 manifesto
1298 1022 1332 1067 in
1348 1023 1567 1063 stipulatione,
1591 1024 1743 1064 quidquid
1759 1023 1985 1065 adstringendae

1117 1064 1320 1110 obligationis
1345 1063 1409 1103 est,
1439 1064 1493 1097 nili
1511 1066 1612 1105 palam
1642 1064 1746 1097 verbis
1772 1064 1985 1106 exprimitur,

1118 1106 1262 1136 omissum
1286 1106 1418 1147 intelligi
1443 1107 1462 1136 i.
1489 1115 1540 1143 99-
1560 1108 1608 1138 D.
1625 1108 1704 1137 verb.
1725 1107 1810 1147 obiigA
1843 1105 1921 1138 Inde
1942 1106 1988 1138 sa-

1119 1146 1266 1192 &urnmt
1281 1146 1374 1178 facile
1392 1146 1565 1180 deficiente
1582 1157 1622 1179 ex
1635 1148 1729 1188 dupla
1747 1147 1984 1188 actione,saepe

1118 1187 1215 1219 fuerit
1231 1187 1373 1226 necesse,
1390 1188 1568 1230 confugere
1584 1189 1621 1221 ad
1637 1189 1792 1222 actionem
1802 1198 1842 1220 ex
1853 1198 1982 1229 empto:

1119 1237 1189 1269 quae
1208 1237 1243 1260 ut
1261 1229 1305 1260 est
1315 1230 1407 1274 b'onae
1424 1229 1517 1268 fidei,
1535 1230 1564 1261 &
1578 1231 1718 1271 aequitati
1736 1230 1873 1262 serviens
1885 1253 1895 1269 ‚
1908 1231 1987 1262 mul-

1119 1277 1150 1301 ta
1167 1270 1415 1317 complectitur,
1430 1272 1469 1302 ad
1487 1281 1557 1311 quae
1574 1281 1635 1303 non
1653 1271 1803 1312 pertingit
1819 1273 1905 1312 rigor
1914 1271 1988 1304 asti-

1119 1320 1190 1356 onis
1215 1321 1256 1343 ex
1279 1312 1385 1352 dupla.
1427 1311 1566 1344 Obtinet
1594 1313 1690 1353 igitur
1712 1322 1754 1344 ex
1778 1314 1871 1354 dupla
1886 1312 1987 1352 aftio,

1119 1352 1270 1397 ev16ta1re
1289 1360 1414 1392 empta,
1438 1354 1469 1385 in
1487 1354 1617 1394 duplum
1637 1355 1754 1393 pretii:
1776 1355 1876 1386 modo
1891 1355 1988 1386 inter-

1118 1401 1243 1439 venerit
1258 1394 1299 1425 de
1315 1395 1413 1435 duplo
1428 1394 1597 1433 stipulatio.
1621 1402 1653 1426 at
1674 1395 1732 1426 hac
1747 1394 1874 1433 omissa,
1888 1404 1987 1435 quau-

1118 1443 1235 1467 tumws
1252 1435 1523 1475 sequaturevictio
1535 1459 1545 1474 ,
1561 1435 1656 1467 cessat
1671 1436 1752 1467 attio
1769 1446 1809 1467 ex
1826 1436 1939 1477 dupla3
1955 1437 1985 1471 a:

1117 1485 1176 1517 pro
1193 1486 1230 1507 ea
1256 1476 1418 1516 subjicitur
1441 1486 1482 1507 ex
1498 1484 1609 1517 empto
1626 1477 1708 1508 attio
1731 1479 1769 1508 ad
1787 1479 1819 1508 id
1835 1478 1924 1517 quod
1940 1478 1987 1509 in·

1118 1516 1212 1548 terest
1230 1518 1249 1549 l.
1276 1526 1302 1548 1.
1321 1517 1363 1548 D.
1381 1519 1415 1548 de
1431 1517 1486 1549 aa.
1511 1524 1596 1558 enzpt.
1615 1518 1678 1549 hoc
1693 1517 1756 1557 est,
1780 1519 1902 1549 lucrum
1919 1527 1989 1549 ces-

1117 1558 1183 1591 sans
1211 1558 1240 1589 &
1263 1559 1413 1590 damnum
1448 1567 1615 1600 emergens
1637 1559 1657 1590 l.
1684 1568 1733 1600 13.
1756 1558 1800 1590 D.
1826 1557 1897 1590 Rat.
1919 1568 1989 1592 rem.

1116 1600 1181 1631 hab.
1199 1599 1370 1638 Javolenus
1385 1600 1405 1631 l.
1421 1603 1471 1632 60.
1490 1599 1533 1632 D.
1553 1600 1582 1632 h.
1603 1606 1623 1631 t.
1648 1599 1690 1632 fic
1713 1599 1881 1640 exprimit:
1905 1601 1940 1632 Si
1955 1601 1987 1632 in

1115 1641 1278 1673 venditione
1303 1641 1413 1673 ditium
1432 1651 1489 1672 non
1504 1639 1565 1680 fit,
1582 1646 1724 1682 quantum
1744 1643 1921 1672 venditorem
1934 1648 1988 1682 pro

1114 1681 1253 1713 evittione
1265 1680 1398 1723 praestare
1411 1688 1555 1723 oporteat.-
1577 1682 1652 1714 nihil
1670 1684 1803 1714 venditor
1815 1680 1981 1723 praesiabit,

1113 1729 1218 1765 praeter
1226 1722 1362 1765 fimplam
1377 1723 1526 1755 evictionis
1541 1725 1673 1760 nomine,
1699 1723 1736 1758 ὅ)
1755 1734 1792 1756 ex
1815 1730 1926 1755 natura.
1945 1733 1983 1755 ex

1116 1771 1209 1812 empto
1220 1764 1341 1797 aetionis
1352 1765 1404 1796 hoc
1417 1767 1493 1807 quod
1508 1763 1632 1805 interest.
1652 1763 1825 1797 obscurior
1839 1764 1884 1797 est
1893 1764 1988 1805 Javo·

1119 1807 1184 1839 leni
1210 1806 1331 1839 sermo:
1353 1806 1406 1838 sed
1424 1810 1529 1838 lucem
1548 1807 1635 1838 dabit
1651 1806 1716 1838 hoc
1733 1806 1819 1838 Pauli
1833 1807 1853 1837 l.
1868 1816 1918 1847 43.
1938 1807 1989 1839 D.

1123 1849 1157 1879 de
1165 1847 1222 1879 aa.
1239 1854 1322 1889 empt.
1332 1850 1370 1879 acl
1375 1847 1433 1888 fin.
1452 1848 1536 1880 Nam
1551 1849 1637 1889 empti
1640 1848 1787 1890 judicium
1796 1850 1834 1879 act
1847 1856 1988 1889 eamquo-

1119 1888 1431 1930 qnespeciemsicfficere
1438 1888 1577 1930 existima
1586 1899 1643 1921 non
1651 1891 1724 1921 enim
1728 1891 1855 1930 pretium
1864 1890 1988 1920 continet

1120 1938 1252 1970 tantum,
1277 1933 1324 1965 led
1339 1941 1418 1962 omne
1432 1934 1507 1973 quod
1523 1929 1636 1971 interest
1651 1933 1782 1971 emptoris
1791 1931 1914 1971 servum
1929 1939 1987 1961 non

1120 1973 1226 2004 evinci.
1251 1973 1289 2003 Et
1305 1973 1335 2004 in
1348 1972 1366 2003 l.
1377 1982 1425 2013 70.
1441 1972 1483 2006 D.
1500 1973 1527 2004 h.
1546 1979 1568 2004 t.
1585 1971 1696 2003 Evina
1712 1982 1741 2003 re
1755 1981 1791 2003 ex
1806 1979 1896 2012 empto
1912 1970 1986 2002 attio

1119 2023 1178 2045 non
1191 2015 1229 2044 ad
1241 2014 1369 2054 pretium
1382 2015 1538 2045 dumtaxat
1547 2015 1739 2054 recipiendum
1749 2014 1815 2053 ,sed
1824 2014 1861 2044 ad
1872 2013 1901 2043 id
1909 2012 1985 2053 quoti
2020 2035 2023 2037 -

1116 2052 1232 2094 interest
1247 2057 1384 2091 competit.
1409 2054 1590 2086 Secundum
1609 2054 1677 2085 haec
1689 2063 1835 2093 putemus
1852 2062 1869 2084 a
1885 2052 1983 2093 Javo-

1117 2096 1190 2127 leno
1213 2095 1378 2137 significari
1395 2118 1405 2135 ,
1434 2096 1591 2128 actionem
1612 2105 1651 2127 ex
1677 2103 1789 2135 empto
1812 2094 1878 2126 dari
1893 2095 1932 2125 ad
1947 2093 1981 2125 id

1118 2137 1205 2177 quod
1229 2137 1376 2174 interest,
1406 2145 1502 2177 atque
1525 2138 1556 2168 in
1582 2146 1621 2168 eo
1649 2136 1786 2178 pretium
1810 2135 1980 2167 contineri.

1117 2178 1179 2210 Vel
1205 2178 1269 2209 hoc
1293 2179 1393 2209 notari
1423 2178 1650 2219 dignum’est3
1680 2178 1767 2217 quod
1790 2186 1862 2209 cum
1888 2176 1983 2214 dico,
2019 2178 2021 2180 ’

1118 2228 1186 2250 eam
1204 2219 1347 2259 persequi
1365 2229 1462 2251 omne
1476 2222 1564 2261 quod
1582 2220 1737 2260 emptoris
1751 2217 1893 2250 interest:
1917 2226 1983 2249 nou

1117 2261 1241 2292 idcirco
1267 2261 1365 2300 volo,
1388 2270 1458 2292 eam
1477 2262 1630 2302 emptoris
1654 2261 1821 2292 utilitatem
1839 2258 1982 2300 persequi

1117 2302 1148 2333 in
1165 2301 1332 2333 infinitum.
1356 2311 1421 2334 non
1445 2303 1530 2333 enim
1552 2301 1664 2333 estita:
1681 2302 1710 2332 ἂ
1727 2303 1765 2332 ad
1781 2309 1848 2331 rem
1862 2298 1977 2331 Paulus

1117 2344 1146 2375 d.
1161 2344 1180 2375 l.
1199 2352 1249 2384 43.
1267 2344 1304 2374 ad
1315 2342 1373 2383 fin.
1393 2344 1502 2382 Plane,
1526 2342 1648 2383 inquit,
1665 2342 1694 2381 fi
1714 2346 1874 2372 intantum
1889 2339 1980 2380 preti-

1118 2394 1167 2416 um
1181 2385 1277 2415 excedi
1301 2394 1315 2415 e
1337 2391 1498 2426 proponas,
1521 2390 1554 2415 ut
1576 2393 1633 2415 non
1655 2383 1691 2420 lit
1705 2383 1857 2423 cogitatum
1875 2390 1892 2411 a
1910 2389 1980 2410 ven-

1118 2428 1207 2457 ditore
1226 2427 1259 2456 de
1283 2431 1367 2458 tanta
1384 2427 1522 2466 summm
1544 2425 1637 2456 veluti
1651 2424 1683 2466 st
1698 2430 1789 2464 ponas
1810 2422 1981 2463 agitatorem

208 2472 310 2504 cutin
327 2470 560 2511 mancipatione
583 2470 648 2501 hoc
671 2468 852 2507 invaluisse,
876 2467 929 2500 nisi
952 2475 1075 2498 contra·
1111 2465 1209 2514 postea
1221 2466 1360 2506 fufium,
1383 2467 1430 2498 vel
1444 2468 1671 2508 pantomimum,
1702 2462 1825 2494 evitium
1847 2462 1897 2502 effe
1917 2471 1982 2492 eum

208 2512 290 2546 :rium
306 2512 485 2552 placuisset,
514 2511 616 2543 Varro
632 2511 740 2543 auctor
755 2510 799 2542 est
816 2511 864 2541 lib.
881 2520 912 2551 5.
925 2508 977 2540 ,De
1000 2509 1072 2549 ling.

210 2555 369 2593 tatinpag.
385 2563 434 2589 92.
454 2553 516 2585 Sed
533 2553 689 2592 quidquid
706 2553 818 2592 vulgus
834 2551 952 2588 putarit
966 2573 974 2588 ‚
991 2549 1076 2581 aliud

211 2593 367 2627 obtinuit:
384 2593 529 2626 Formula
539 2593 749 2634 stipulationis
758 2593 861 2632 duplae
873 2592 957 2623 nuda
967 2600 1076 2632 repro-

211 2635 357 2669 miffione
365 2642 533 2674 contenta,
545 2635 599 2667 nifi
615 2635 705 2666 aliter
719 2633 918 2665 convenerit.
942 2631 1075 2663 idintel-

212 2677 320 2719 ligitur
335 2684 375 2706 ex
391 2675 408 2704 l.
425 2684 473 2714 37.
489 2676 545 2715 l.4.
563 2676 643 2717 l.56.
661 2676 701 2706 D.
719 2677 747 2707 h.
768 2681 790 2706 t.
806 2675 825 2705 l.
846 2684 873 2706 1.
891 2673 918 2715 §.
938 2677 966 2707 8.
984 2672 1027 2704 D.
1044 2673 1077 2702 de
1101 2708 1105 2712 .

208 2726 323 2762 praetor.
336 2714 436 2756 Jtipal.
454 2715 483 2745 <St
498 2718 664 2748 annotavit
681 2716 725 2749 D.
743 2715 889 2757 Cujacius
904 2716 952 2746 tib.
971 2722 1018 2745 11.
1033 2714 1079 2744 ob—

206 2763 289 2804 serv.
310 2768 334 2788 c.
354 2767 383 2795 4.
401 2757 475 2787 idem
484 2757 650 2796 suspicatus
675 2758 724 2790 lib.
743 2767 792 2789 21.
810 2767 834 2788 c.
858 2757 946 2797 15.in
963 2757 992 2787 d.
1008 2754 1028 2786 l.
1043 2764 1078 2793 4.

214 2811 276 2844 pro
291 2798 464 2837 mancipium
483 2795 545 2827 esse
563 2799 752 2838 legendum,
775 2800 927 2839 mancipio.
946 2796 1031 2837 quod
1050 2795 1080 2827 &

214 2841 339 2877 mavult
367 2836 527 2870 Salmasius
544 2836 590 2867 De
604 2842 697 2878 usuris
711 2851 735 2871 c.
754 2845 782 2875 8.
803 2839 855 2871 sed
872 2846 1017 2870 veterem
1035 2837 1079 2868 le-

217 2884 357 2917 aionem
383 2886 490 2911 tuetur
512 2876 670 2909 Heraldus
685 2903 695 2918 ‚
721 2880 930 2921 Animadvers.
949 2880 982 2910 m
1010 2877 1079 2909 Sat.

215 2928 286 2966 mas.
312 2924 418 2962 observ.
447 2919 485 2951 W)
503 2928 532 2957 4-
557 2929 582 2951 θ·
609 2928 636 2950 2-
661 2919 688 2958 ἓ.
710 2931 738 2964 3.
765 2923 873 2954 Altera
897 2919 1077 2952 observatio

216 2968 278 3041 §2¹5
288 2958 1080 3043 initiarat*attestantiaaa·

215 3059 278 3081 nec
296 3044 416 3078 idcirco
432 3042 548 3084 respuit
564 3041 641 3074 alios
656 3040 846 3075 contractusss
870 3044 942 3075 Hoc
958 3044 1082 3075 constat

218 3089 282 3122 fide
300 3085 427 3127 Ulpiani
445 3085 465 3116 l.
483 3094 533 3125 52.
552 3083 596 3115 D.
613 3084 642 3114 d.
659 3088 682 3114 t.
698 3091 794 3122 atque
810 3085 948 3123 opinati,
972 3085 1003 3116 id
1020 3085 1082 3116 file-

217 3132 244 3163 τί
263 3138 327 3161 non
347 3133 512 3167 oportere.
536 3124 643 3157 Verba
657 3124 721 3164 eJus
744 3122 828 3154 sunt:
851 3124 1002 3155 Sciendum
1025 3123 1083 3165 est,

219 3171 292 3206 nihii
301 3167 440 3209 intereffe,
449 3175 485 3200 ex
500 3176 559 3208 qua
574 3174 660 3208 causa
669 3165 761 3207 dupla
770 3162 919 3206 stipulatio
927 3165 1025 3205 faerit
1040 3167 1085 3198 in-

1118 2518 1168 2550 qui
1183 2509 1298 2539 minimo
1313 2509 1406 2539 veniit
1424 2509 1537 2548 pretio:
1557 2508 1690 2547 iniquum
1710 2506 1827 2536 videtur
1846 2507 1878 2534 in
1900 2512 1980 2544 mag-

1118 2559 1187 2580 nam
1200 2551 1393 2590 quantitatem
1416 2549 1537 2589 obligari
1559 2548 1744 2578 venditorem.
1789 2543 1876 2587 Quid
1902 2553 1981 2585 ergo

1120 2591 1189 2622 est?
1211 2590 1264 2621 Sic
1287 2591 1491 2629 temperanda
1510 2589 1541 2620 in
1568 2586 1730 2628 propofito
1748 2587 1814 2625 ejus
1831 2585 1919 2625 quod
1935 2585 1982 2616 in-

1121 2630 1218 2662 terest
1241 2630 1405 2662 aestimatio
1421 2629 1482 2668 est,
1504 2638 1545 2660 ne
1569 2629 1705 2660 excedat
1729 2628 1861 2658 modum
1883 2627 1981 2666 dupli.

1121 2672 1295 2711 licebitque
1319 2671 1561 2711 temperamenti
1581 2668 1703 2700 causam
1730 2676 1841 2709 petere
1863 2667 1902 2698 ab
1918 2667 1986 2699 offi-

1121 2713 1172 2744 cio
1183 2711 1320 2752 Judicis:
1342 2710 1449 2743 affueti
1464 2712 1495 2743 in
1512 2711 1607 2743 bonae
1623 2709 1829 2749 fideiJudiciis
1839 2708 1986 2740 emollire

1122 2755 1153 2786 &
1179 2753 1336 2786 moderari
1360 2752 1548 2785 affectiones
1571 2751 1694 2792 asperas
1720 2758 1816 2792 atque
1831 2750 1988 2782 immode-

1123 2802 1224 2828 ratas:
1246 2794 1346 2835 qualis
1371 2794 1402 2825 in
1426 2792 1590 2834 proposito
1617 2792 1679 2824 visa
1702 2791 1746 2823 est
1772 2800 1842 2831 quae
1859 2789 1988 2822 excedit

1122 2837 1272 2877 duplum:
1297 2834 1405 2875 utique
1430 2835 1599 2876 postquam
1616 2834 1736 2873 placuit
1753 2832 1989 2871 Prudentibus,

1121 2877 1291 2909 formulam
1307 2875 1516 2917 stipulationis
1531 2877 1563 2908 in
1578 2875 1649 2908 casu
1672 2873 1835 2906 evictionis
1855 2874 1989 2914 plerum-

1121 2928 1184 2959 que
1207 2919 1344 2950 retinere
1372 2918 1453 2949 intra
1475 2917 1573 2949 finem
1602 2916 1699 2957 dupli.
1735 2925 1796 2947 nec
1817 2916 1988 2952 miramur,

1123 2961 1210 3000 quod
1229 2958 1274 2990 est
1291 2959 1388 2991 moris
1404 2968 1442 2990 ac
1456 2956 1711 2994 consuetudinis,
1736 2957 1767 2988 id
1790 2956 1822 2988 in
1840 2957 1932 2987 bonae
1951 2952 1987 2984 fi-

1124 3003 1175 3033 dei
1189 3000 1308 3042 judicio
1327 2999 1451 3032 servari.
1475 2999 1545 3040 Ipse
1560 2999 1602 3031 fic
1616 2998 1727 3031 Paulus
1743 2998 1790 3029 lib.
1808 3007 1836 3029 2.
1857 2998 1988 3028 Sentent.

1126 3044 1175 3074 tit.
1195 3051 1241 3082 17.
1257 3041 1286 3082 §.
1304 3052 1332 3073 2.
1352 3040 1460 3072 Verba
1484 3040 1589 3074 Pauli:
1610 3040 1643 3072 Si
1658 3049 1702 3070 res
1714 3037 1880 3079 simpliciter
1896 3037 1989 3067 tradi-

1127 3089 1161 3114 τω
1178 3085 1371 3120 evincantur,
1389 3089 1470 3114 tanto
1483 3082 1600 3123 emptori
1613 3081 1745 3112 venditor
1760 3078 1989 3110 condemnandus

1127 3122 1166 3164 est
1177 3149 1185 3163 ,
1196 3123 1522 3165 quantofistipulatione
1531 3130 1584 3165 pro
1592 3121 1729 3154 evitiione
1740 3118 1864 3159 caviffet.
1875 3117 1988 3149 Evicta

1128 3167 1223 3208 igitur
1240 3175 1275 3198 re
1292 3173 1416 3208 empta,
1432 3165 1591 3207 competit
1605 3161 1741 3205 emptori
1755 3158 1901 3234 advergus
1914 3169 1991 3191 ven-

1873 3207 1990 3234 itorem
