2036 3495
178 148 312 184 252.
597 136 1048 175 *G‘ERARDIN

179 236 226 267 lili.
254 244 279 266 1.
308 233 354 265 De
373 228 520 274 jurisclic't.
549 228 585 263 ὃ)
608 229 705 266 imper.
730 237 753 258 c.
776 235 822 268 13.
840 225 876 261 δέ)
894 225 940 257 De
956 226 1051 262 farma

183 275 354 309 emendandi·
369 274 424 304 ιίωίι·
440 271 510 302 mali
525 279 547 300 c.
565 280 593 314 5.
613 269 649 303 &⁴
666 279 695 308 7.
879 309 885 313 Ι
969 309 975 313 .
1001 311 1005 313 -

222 318 272 348 Ab
291 317 377 346 hisce
400 312 495 343 initiis
521 310 677 342 actionum
696 310 788 340 bonae
813 308 932 340 fidei&
957 309 1051 340 {antii

180 359 255 398 juris
267 354 406 396 profecta
418 352 656 392 compensatio,
673 352 701 382 in
722 351 758 381 iis
773 359 838 381 non
858 359 958 395 usque
977 360 1049 390 qua-

182 408 244 438 que
260 395 488 437 perseveravit:
505 392 691 434 quibusdam
707 391 931 431 jureconsultis
949 395 1050 432 (quos

180 441 266 470 inter
290 435 438 468 Neratius
462 435 479 464 l.
503 446 531 473 a.
559 434 599 464 D.
625 435 653 465 h.
679 435 723 474 z.)
756 432 1050 472 compensationem

181 479 276 510 etiam
293 479 322 509 in
342 475 515 508 assionibus
531 474 624 506 stncn
640 475 715 515 juris
731 474 874 515 ipsojurc
884 476 1051 506 admitten-

183 520 288 557 tibus;
313 519 377 549 hoc
394 526 568 558 praetextu,
585 519 672 557 quod
682 526 746 557 quo
759 524 905 556 tempore
921 515 1051 547 vicissim

182 561 292 592 deberi
316 561 415 600 coepit
440 559 617 599 quantitas,
640 567 680 588 eo
699 557 922 597 tempor-ojani
939 557 1000 587 fuit
1019 567 1050 587 u-

181 610 295 640 traque
319 600 474 642 obligatio
502 607 613 631 mutuo
637 598 788 630 consensu
808 598 942 637 sublata,
967 598 1052 638 quasi

180 643 342 674 solutione
366 651 422 682 per
449 642 580 672 brevem
607 650 732 671 manum
761 639 853 671 facta.
882 638 926 670 Ea
946 647 1052 671 tamen

183 684 340 715 varietate
357 684 443 724 quod
461 684 580 713 incerta
596 680 687 712 fieret
704 680 972 721 compensationis
988 681 1052 711 for·

182 735 251 764 rna,
264 726 329 756 aliis
346 724 444 761 lianc,
455 723 519 755 aliis
535 723 618 754 illam
630 746 639 760 ‚
651 722 912 763 praeferentibus:
937 722 1052 753 dicitur

180 767 261 803 Imp.
283 766 385 798 Divus
397 766 528 797 Mai-cus
547 767 586 795 de
602 764 670 803 jure
680 764 860 801 consultus,
884 773 943 804 pro
961 772 1051 794 more

182 807 308 840 illorum
335 815 535 845 temporum,
560 804 744 845 reicripsiffe
769 803 866 845 magis
893 807 980 844 quod
1005 812 1052 835 tu-

182 853 264 887 tiuS,
288 848 348 889 (fic
366 848 440 879 milii
460 847 604 886 videtur)
622 855 714 885 quain
731 848 818 884 quod
838 845 940 877 verius
956 845 1050 884 effet,

181 889 473 930 compensationem
486 890 515 919 in
528 888 655 928 judiciis
674 887 768 919 stricti
782 888 856 927 jai-is
866 887 934 919 fieri
953 896 1052 927 oppo-

182 931 238 962 fita
256 933 450 971 exceptione
475 930 538 960 doli
564 930 634 961 mali
662 929 690 970 ἓ.
706 939 746 969 30
779 928 850 969 lust.
869 931 901 959 de
916 928 1049 960 aaronis.

182 972 362 1009 Caeterum,
378 972 493 1002 utalibi
506 970 703 1006 stenitisituin
716 981 729 1000 a
746 970 972 1009 jureconsultis
988 969 1050 1001 fuit

182 1014 330 1045 adversus
351 1013 530 1052 Principum
549 1012 711 1052 Rescripta
730 1013 758 1042 ὅ(
776 1011 936 1044 Decreta:
960 1013 1002 1042 ita
1020 1012 1050 1042 in

182 1055 326 1095 praesenti
345 1055 501 1085 contraria
525 1053 688 1093 praevaluit
709 1053 880 1084 sententia:
903 1052 1051 1084 omnibus

176 1096 406 1137 jureconsultis
440 1096 568 1126 tandem
592 1095 622 1125 in
650 1095 722 1125 Fori
746 1094 961 1134 disputatione
987 1102 1051 1124 uno

182 1148 239 1169 ore
257 1136 548 1175 consentientibus,
565 1136 625 1176 (lic
635 1135 758 1176 accipio
772 1135 900 1166 Paulum
919 1136 949 1166 in
968 1135 986 1165 l.
1003 1142 1051 1166 21.

182 1179 226 1210 D.
244 1179 273 1211 b.
291 1180 333 1219 t.)
349 1178 490 1210 actiones
515 1187 627 1209 omnes
650 1186 713 1209 tam
731 1176 824 1208 stricti
837 1177 934 1218 juris,
958 1185 1052 1216 quam

181 1220 276 1252 bonae
311 1219 404 1258 fidei,
434 1219 708 1260 compensatione,
749 1226 910 1257 tamquam
934 1226 1053 1259 genere

183 1263 324 1301 quodam
342 1260 528 1299 solutionis,
552 1260 702 1301 ipsojul·e
720 1259 799 1290 tolli.
825 1260 938 1298 Adam
963 1259 1052 1290 nullo

183 1303 382 1340 discrimine,
407 1309 511 1333 utrum
536 1301 689 1342 liquidum
715 1300 791 1332 effer
815 1309 984 1340 uirumque
999 1301 1051 1331 de-

181 1344 284 1376 bitum
296 1367 305 1382 ‚
329 1353 367 1375 an
384 1344 536 1381 alterum,
554 1352 606 1373 aut
623 1342 718 1373 etiam
736 1350 922 1382 utrumque,
940 1342 1053 1381 illiqui·

185 1387 278 1417 duin:
302 1395 372 1416 nani
391 1385 481 1425 liujus
499 1383 682 1415 discriminis
699 1383 759 1414 nCc
778 1384 864 1419 vola,
889 1393 948 1414 nec
964 1382 1053 1414 vesti-

181 1426 267 1467 gium
291 1426 335 1457 est
363 1434 435 1457 ante
460 1425 674 1464 justinianum.
722 1424 905 1455 Unius'fuit
930 1424 1053 1465 privile-

182 1468 268 1508 gium
289 1467 384 1505 Fisci3
406 1476 446 1498 ne
470 1466 615 1497 adversus
632 1474 704 1497 eum
725 1466 944 1497 admitteretur
967 1475 1053 1496 coin·

182 1508 341 1548 pensatio,
367 1515 578 1547 praeterquam
601 1506 698 1537 debiti
728 1508 815 1546 quod
842 1507 892 1538 vel
909 1506 1056 1538 confessi>-

182 1559 246 1581 one
269 1550 404 1588 liqueret
421 1547 540 1584 statim,
559 1548 609 1579 vel
626 1547 725 1588 posset
742 1548 815 1578 alias
833 1549 952 1588 liquere
969 1549 1049 1579 intra

183 1591 264 1622 duos
281 1588 403 1621 menses
428 1589 447 1619 l.
469 1593 518 1628 46.
539 1589 566 1630 §.
583 1599 612 1624 a.
633 1588 676 1620 1).
701 1590 812 1630 dejure
831 1589 904 1628 fisci.
927 1589 1048 1621 Verum

181 1632 269 1672 quod
288 1639 353 1662 tum
371 1629 523 1670 singulare
551 1629 627 1661 Fisci
650 1631 698 1670 jus
722 1630 802 1666 fuit,
826 1630 905 1670 Imp.
928 1629 1049 1669 justini-

183 1681 260 1703 anus
283 1673 313 1703 in
338 1672 357 1703 l.
384 1672 438 1703 ult.
465 1671 495 1702 C.
515 1671 542 1702 b.
562 1677 582 1702 t.
604 1672 633 1702 <Sc
659 1672 677 1711 ἓ
704 1681 754 1712 30.
778 1670 849 1712 lust.
867 1674 899 1703 cie
915 1671 1049 1703 czfflonz'b.

179 1712 259 1745 fecit
275 1722 443 1745 commune
457 1712 598 1744 omnium
616 1713 781 1745 hominum
796 1725 803 1745 z
816 1721 942 1750 vetans,
964 1721 1051 1743 com-

179 1755 396 1796 pensationem
421 1754 570 1793 admitti;
601 1753 655 1785 nili
703 1761 873 1795 utrumque
908 1754 1050 1785 debitum

180 1805 294 1837 aperto
320 1797 388 1836 jure
424 1796 552 1827 nitatur.
583 1795 625 1827 fic
648 1795 677 1826 in
709 1797 737 1826 cl.
768 1795 796 1837 §.
820 1806 869 1837 30.
900 1795 1051 1835 loquitur.

179 1838 212 1868 i'n
233 1839 260 1868 ci.
278 1838 298 1869 l.
319 1838 371 1869 ult.
389 1838 452 1876 ait,
476 1836 530 1868 nisi
553 1836 642 1868 causa
667 1846 707 1868 ex
724 1846 785 1877 qua
810 1836 1051 1876 compensatur,

179 1879 299 1919 liquida
322 1878 379 1917 sit,
403 1879 433 1910 &
458 1888 522 1909 non
549 1879 655 1909 inultis
679 1879 862 1919 ambagibus
885 1877 1053 1915 innodata,

179 1920 234 1952 sed
251 1920 343 1961 possit
358 1920 459 1959 Judici
475 1919 603 1952 facilem
622 1920 741 1950 exitum
759 1919 800 1951 sui
822 1919 977 1960 praestarc.
1004 1918 1052 1950 In-

181 1962 328 2002 devulgo
344 1961 546 2001 percrebuit,
564 1968 685 1992 tantuin
702 1960 810 2001 liquidi
827 1960 1032 2000 cumliquido
1045 1983 1054 1998 ‚

178 2012 246 2035 non
263 2002 359 2034 etiam
373 2002 566 2042 liquidicum
584 2000 748 2042 illiquido,
764 2009 817 2034 aut
831 2001 963 2044 iniquidi
977 2010 1050 2032 cum

179 2044 345 2082 illiquido‚
370 2045 663 2084 compensationem
680 2043 753 2075 esse.-

225 2086 272 2117 Sit
295 2085 390 2126 igitur
414 2086 444 2116 in
468 2085 615 2116 omnibus
640 2093 702 2116 tam
725 2085 820 2116 stricti
833 2085 928 2125 juris,
959 2092 1053 2124 quarn

182 2127 277 2159 bonae
299 2126 393 2165 fidei,
416 2127 539 2165 judiciis
563 2126 783 2167 compensatio
804 2126 898 2157 instar
922 2124 1051 2157 solutio-

183 2170 248 2200 nis:
272 2168 369 2199 modo
393 2168 553 2207 utrimque
570 2167 631 2207 (fic
656 2168 824 2206 temperari
852 2167 959 2198 suadet
983 2167 1051 2198 hoec

182 2210 307 2251 imago)
326 2209 480 2240 debeatur
504 2208 680 2248 quantitas:
711 2209 911 2240 funfflonem
936 2218 1001 2240 non
1019 2208 1049 2239 in

183 2251 308 2291 specie,
332 2250 383 2281 sed
408 2250 437 2281 in
457 2259 595 2291 genere,
620 2251 795 2290 recipiens:
820 2259 891 2282 nam
910 2259 946 2281 ea
963 2259 1052 2289 aeque

184 2302 314 2333 magna,
333 2292 361 2323 ἃ
375 2300 465 2331 aeque
478 2291 562 2322 bona
580 2291 617 2322 ab
636 2301 769 2332 utraque
786 2299 895 2332 parte,
912 2293 1053 2322 neutrius

184 2333 312 2365 interest
330 2356 340 2372 ,
371 2341 475 2364 utrum
495 2333 596 2371 hanc,
620 2342 657 2364 an
672 2333 776 2371 illam,
798 2332 924 2364 habeat.
976 2332 1053 2364 Non

185 2375 229 2405 ita
246 2375 289 2406 est
312 2375 342 2405 in
366 2375 572 2414 corporibus:
596 2373 735 2414 ideoque
762 2374 889 2414 paffim,
915 2382 976 2405 nec
1001 2374 1054 2404 ab·

186 2416 273 2446 surde
298 2415 450 2455 jaflatur,
475 2416 684 2455 quantitatem
709 2416 838 2456 quidem
862 2424 934 2447 cum
957 2424 1053 2456 quan-

187 2456 278 2487 titate
294 2457 508 2496 compensari,
531 2464 563 2487 at
587 2466 705 2497 corpus
731 2466 802 2488 cum
823 2466 978 2497 corpore,
1001 2464 1054 2487 aut

186 2506 302 2536 corpus
318 2507 389 2528 cum
399 2499 594 2537 quantitate,
612 2508 676 2529 non
686 2507 786 2536 aeque.
806 2497 942 2529 Primum
955 2522 964 2537 ‚
980 2499 1052 2538 quia

185 2537 399 2578 compensatio
417 2540 551 2570 liabetur
578 2538 698 2579 species
718 2540 900 2577 solutionis;
923 2548 983 2570 nec
1000 2541 1053 2570 de—

185 2580 239 2622 bet
257 2579 338 2609 aliud
357 2589 414 2618 pro
429 2581 492 2611 alio
512 2580 590 2612 solvi
606 2581 708 2612 invito
719 2581 871 2612 creditori
890 2581 906 2610 l.
927 2591 955 2612 2.
974 2580 1002 2621 ἓ.
1025 2589 1051 2610 1.

183 2621 228 2653 D.
245 2621 276 2650 de
292 2621 346 2649 reb.
364 2623 458 2653 crearit.
471 2631 510 2652 ue
527 2623 637 2654 melius
655 2623 784 2663 quidem
802 2631 860 2662 pro
878 2623 1054 2654 deteriore:

187 2661 303 2694 afficta
320 2661 350 2690 in
375 2670 510 2701 corpora
532 2664 685 2702 cadente,
711 2672 809 2702 quum
831 2672 895 2694 non
914 2663 1005 2694 cadat
1023 2662 1054 2693 in

188 2704 400 2745 quantitates,
424 2709 543 2735 tantum
561 2706 599 2736 ad
617 2704 898 2744 consumptionem
915 2704 1053 2744 spectan-

187 2753 248 2776 tes.
268 2744 401 2774 Accedit
418 2744 513 2774 altera
531 2746 705 2786 aequejuila
723 2747 751 2776 ἂ
764 2745 935 2786 probabilis
952 2745 1052 2776 ratio:

187 2786 276 2826 quod
292 2782 552 2827 compensatione
574 2788 717 2826 corporis
738 2797 810 2819 cum
828 2787 1004 2827 quantitate
1023 2784 1053 2816 vi

188 2826 253 2866 ipsa
277 2824 367 2857 fieret
392 2833 515 2864 emptio
539 2827 567 2855 ἃ
594 2829 759 2866 venditi03
783 2838 853 2867 quae
878 2828 975 2859 libera
992 2826 1054 2858 ell'e

189 2869 305 2905 debet,
337 2875 396 2898 nec
421 2875 525 2897 tamen
550 2866 634 2897 soret
658 2870 776 2908 liber-213
800 2869 820 2901 fi
842 2879 957 2910 corpus
982 2877 1055 2900 cum

189 2917 345 2950 corpore,
369 2915 421 2938 aut
435 2916 551 2947 corpus
569 2916 639 2938 cum
665 2913 859 2950 quantitate,
883 2913 984 2942 altero
1008 2911 1054 2941 in-

188 2959 277 2989 vito,
302 2948 567 2989 compensaretur.
595 2948 696 2979 Mitto
721 2961 922 2991 argumenta:
945 2962 978 2983 re
994 2952 1055 2984 cla·

187 3002 219 3024 ra
238 3002 266 3023 iri
283 2991 302 3021 l.
323 2995 368 3024 18.
387 2989 429 3021 D.
447 2991 479 3020 cle
492 2997 553 3031 pig.
570 2989 624 3020 aft.
646 2991 731 3028 cujus
750 2993 878 3032 apposui
898 2994 1004 3024 verba.
1021 2993 1055 3023 Si

188 3033 372 3068 convenerit,
396 3038 429 3062 nt
446 3040 546 3062 nomen
571 3032 703 3061 debitoris
728 3035 780 3062 mei
795 3037 910 3074 pignori
926 3036 978 3065 tibi
992 3033 1051 3072 fit,

189 3076 298 3104 tuenda
314 3071 352 3110 ι’[ὶ
369 3083 386 3103 ιι
405 3073 528 3103 Praerore
553 3072 608 3102 brec
625 3074 789 3102 conventio:
812 3081 843 3103 ziz
863 3075 898 3107 ἐξ
914 3083 940 3105 te
953 3077 984 3106 in
999 3085 1048 3106 ex.

187 3116 292 3153 igentia
305 3116 428 3153 pecunia
441 3137 450 3151 ‚
482 3113 518 3148 &³
542 3114 689 3144 debitorem
706 3114 843 3149 ciel-versas
859 3125 920 3151 me,
939 3115 965 3151 si
984 3127 1050 3147 cum

187 3166 215 3186 eo
232 3156 378 3192 experiar,
402 3160 526 3186 tueatur.
550 3153 666 3196 Ergofi
687 3155 716 3184 z'd
731 3163 831 3184 nomen
853 3159 1050 3193 pecuniarium

181 3197 297 3238 faerit,
330 3196 462 3227 exaesam
483 3198 637 3236 pecuniarii
662 3201 753 3226 tecum
767 3194 916 3234 pensabis:
934 3195 962 3232 fi
983 3206 1049 3228 vero

186 3239 307 3279 corporis
322 3237 466 3278 alicujus,
489 3238 519 3268 Μ
542 3238 616 3279 quod
638 3239 790 3279 acceperis,
812 3238 865 3268 erit
883 3237 934 3268 tibi
946 3239 1048 3278 pigne-

1084 146 1272 171 oonT
1331 137 1546 173 Coun.

1094 226 1135 256 νίς
1150 226 1217 257 loco.
1241 225 1320 259 Nori
1335 236 1387 259 nie
1403 228 1500 259 trahit
1524 227 1553 259 in
1578 228 1794 262 contrarium:
1817 231 1905 270 quod
1929 233 1961 266 in

1093 268 1121 297 sl.
1139 266 1168 308 §.
1185 277 1235 308 30.
1254 267 1326 308 Iirft.
1342 270 1374 299 cle
1383 269 1590 304 aftiorzib.&l.
1603 271 1656 301 ult.
1674 271 1706 302 C.
1724 271 1752 303 b.
1770 277 1792 302 t.
1810 280 1961 313 compen-

1096 309 1173 339 satio
1197 309 1312 341 dicitur
1336 311 1444 342 locum
1471 311 1588 342 habere
1612 311 1643 342 iii
1669 313 1815 343 omnibus
1832 314 1959 346 actioni-

1096 349 1154 396 bus
1173 358 1236 382 tam
1254 351 1285 382 in
1301 361 1386 390 rem,
1410 361 1502 392 quam
1529 353 1559 384 in
1585 352 1761 393 personam.
1786 353 1870 386 Nam
1888 364 1961 389 cum

1093 400 1124 435 η]
1143 399 1280 432 utroque
1295 402 1412 433 genere
1438 394 1599 425 achonum
1617 404 1707 435 aeque
1723 396 1853 426 veniant
1867 405 1960 435 quan-

1094 439 1201 463 titates
1217 442 1257 478 ac
1271 442 1420 474 corpora:
1437 435 1567 466 rationis
1588 435 1651 474 est,
1668 436 1962 476 compensationem

1093 481 1233 513 utroque
1250 483 1280 505 in
1297 484 1415 520 genere
1426 477 1553 508 demum
1570 478 1655 508 usum
1677 477 1815 516 habere3
1830 487 1902 510 curn
1918 481 1962 512 iu-

1094 517 1184 560 veni:
1200 514 1303 559 casum
1320 525 1351 560 in
1368 525 1434 556 quo
1456 518 1561 550 locum
1579 519 1698 550 babere
1715 520 1830 560 potest.
1855 522 1901 551 Ac
1920 527 1961 553 ne‘

1095 565 1146 586 cui
1170 556 1278 602 durior
1303 558 1444 589 Videatur
1471 559 1522 591 illa
1552 561 1778 600 interpretatio
1804 561 1960 594 indefiniti

1097 596 1303 643 sernionisab
1321 597 1702 642 ImperatoreJustiniano
1724 602 1877 641 adliibiti3
1896 610 1961 636 non

1096 638 1151 669 abs
1167 648 1200 669 i'e
1220 648 1297 676 erit,
1322 648 1350 669 e1
1368 640 1587 673 austeritatem
1607 652 1793 683 comparare
1809 643 1961 682 sequente

1098 679 1221 725 Apuleji
1243 680 1337 718 loco,
1363 681 1414 711 De
1434 682 1606 722 philosophia
1628 685 1677 715 lib.
1696 690 1724 726 3.
1741 686 1802 725 Jain
1819 686 1892 716 alibi
1911 685 1962 716 sae·

1096 730 1165 765 pius
1189 731 1204 751 a
1230 730 1281 752 me
1306 720 1479 763 assumpto:
1508 722 1691 764 Universales
1708 725 1801 766 sitnm
1824 733 1857 757 ut
1883 729 1964 758 oiiirie‘
2014 730 2016 737 '

1085 765 1207 802 spirans
1225 764 1321 793 vivit:
1346 763 1411 794 aliae
1420 765 1630 804 particulare53
1653 773 1686 797 uc
1702 769 1829 807 qziaedcirii
1849 770 1962 799 cirii'iiia-

1095 803 1135 834 lia
1146 813 1202 834 rzon
1211 804 1340 844 spirant:
1359 804 1423 835 alite
1435 805 1610 844 inciefiriz'm3
1626 812 1660 837 ut
1669 809 1891 848 aniinalspz'rat.
1903 819 1961 840 mm

1095 846 1170 875 enim
1193 844 1312 883 delinit,
1334 850 1432 876 utrum
1459 855 1553 884 omne,
1576 857 1615 878 aiz
1638 848 1763 889 aliquod.
1780 852 1832 888 sed
1862 857 1959 882 tamen

1089 894 1142 926 pro
1161 887 1338 926 particulari
1356 889 1468 927 semper
1490 888 1587 920 valet.-
1609 890 1678 929 quz'n
1698 892 1791 920 tutius
1814 889 1853 930 est
1878 893 1907 922 id
1922 901 1959 922 ex

1094 928 1201 958 incerto
1225 928 1367 967 accipere,
1392 931 1468 969 qnod
1490 930 1585 960 minus
1609 929 1658 969 ess.
1687 930 1842 962 Obtineat
1864 931 1960 973 igitur

1095 969 1312 1009 compensatio
1331 978 1422 1010 aeque
1439 971 1469 1002 in
1494 971 1669 1002 actionibus
1688 973 1717 1003 in
1734 981 1799 1003 rem
1816 981 1912 1012 atque
1929 973 1961 1006 in

1095 1010 1273 1041 actionibus
1298 1011 1329 1041 iii
1357 1010 1541 1050 personam:
1565 1022 1630 1044 non
1650 1012 1771 1045 idcirco
1788 1013 1914 1046 obtinet
1929 1015 1959 1046 in·

1094 1052 1182 1082 omni
1199 1051 1268 1082 casu
1285 1053 1315 1082 in
1332 1060 1397 1091 quo
1414 1053 1497 1084 aftio
1514 1056 1544 1084 in
1563 1063 1628 1085 rem
1646 1054 1754 1086 locum
1772 1055 1884 1088 habet:
1908 1054 1961 1088 sed

1094 1093 1243 1130 demum,
1266 1092 1287 1124 fi
1303 1093 1332 1124 in
1349 1102 1386 1124 ea
1402 1095 1572 1134 praestanda
1597 1095 1754 1135 quantitas
1770 1096 1826 1128 est.

1135 1133 1345 1165 Revertamur
1364 1145 1404 1166 co
1423 1137 1506 1167 unde
1531 1136 1664 1175 incoepit
1681 1136 1862 1179 disputatio.
1887 1136 1962 1168 Mo-

1098 1175 1237 1207 destinus
1254 1177 1272 1206 l.
1291 1184 1316 1207 1.
1333 1176 1362 1206 h.
1380 1182 1401 1207 t.
1427 1178 1720 1218 compensationem
1745 1187 1841 1210 vocat
1858 1176 1958 1210 debiti

1091 1217 1124 1261 §c
1143 1217 1255 1248 crediti
1273 1217 1356 1263 inter
1373 1218 1403 1248 se
1420 1219 1710 1252 contributionem:
1726 1220 1756 1251 ἅ
1774 1221 1881 1252 monui
1899 1219 1961 1260 jani

1092 1267 1124 1289 in
1140 1257 1349 1290 antecessum:
1367 1268 1435 1291 eam
1453 1260 1674 1293 definitionem
1690 1271 1755 1293 non
1772 1261 1833 1293 effe
1850 1261 1890 1293 sic
1907 1270 1963 1292 ex-

1094 1300 1282 1331 audiendam
1301 1314 1310 1338 ,
1342 1300 1425 1340 quasi
1458 1301 1606 1342 indigitet
1623 1326 1632 1341 ‚
1667 1302 1963 1342 compensationem

1094 1342 1272 1380 procedere
1296 1340 1416 1380 statim,
1440 1350 1476 1373 ac
1499 1342 1534 1373 sit
1556 1343 1699 1374 debitum
1724 1345 1754 1375 &
1776 1345 1932 1375 creditum
1953 1343 1963 1375 ὲ

1095 1382 1147 1413 sed
1165 1381 1287 1426 iiusuro
1302 1382 1564 1423 compensatione
1573 1384 1761 1416 sitdebitum
1780 1385 1819 1415 ab
1835 1394 1895 1419 eo,
1911 1385 1965 1415 ad-

1098 1422 1201 1454 versus
1221 1432 1317 1463 quem
1338 1433 1373 1454 ea
1390 1423 1571 1456 instituitur.
1598 1426 1640 1457 ita
1658 1435 1722 1457 non
1741 1425 1786 1457 est
1801 1423 1889 1463 satis,
1905 1424 1964 1455 sas-

1097 1465 1254 1509 tinentem
1281 1465 1327 1495 uti
1351 1465 1612 1503 compensatione
1635 1465 1771 1504 docere,
1796 1467 1858 1498 efl'e
1876 1466 1965 1497 debi-

1098 1510 1184 1537 tum:
1202 1505 1253 1536 led
1271 1505 1299 1536 ei
1315 1506 1439 1537 necesse
1452 1507 1497 1538 est
1507 1509 1631 1546 dicere,
1646 1507 1699 1539 sibi
1719 1508 1781 1539 effe
1800 1508 1965 1544 debitumfi

1097 1555 1192 1586 atque
1209 1547 1248 1577 ab
1264 1547 1320 1578 illo
1343 1546 1492 1578 adversus
1519 1557 1614 1588 quem
1640 1548 1902 1588 compensatione
1926 1547 1964 1578 sn:

1093 1587 1210 1619 usurus,
1235 1586 1326 1619 Cedo
1350 1587 1537 1619 testimonia.
1561 1599 1627 1620 non
1654 1590 1751 1630 longe
1776 1598 1894 1629 petam.
1923 1586 1966 1619 fid

1094 1628 1278 1660 Gordianus
1293 1630 1315 1659 la
1340 1639 1369 1667 9.
1389 1629 1421 1660 C.
1450 1631 1476 1660 b.
1494 1636 1513 1660 t.
1541 1629 1617 1671 Ejus
1633 1631 1707 1671 quod
1729 1639 1788 1661 non
1806 1632 1831 1661 ez'
1849 1629 1965 1660 debetur

1093 1672 1146 1743 {ui
1161 1671 1412 1710 con-venicume
1430 1671 1499 1709 alii,
1515 1673 1699 1712 compensatio
1710 1671 1779 1711 fieri
1795 1680 1851 1702 non
1864 1669 1965 1712 potest.

1121 1720 1176 1742 eto
1194 1721 1210 1742 a
1225 1711 1298 1751 Sejo
1316 1713 1403 1751 quod
1420 1713 1614 1744 mihideber.
1636 1713 1661 1744 is
1673 1714 1740 1744 vult
1758 1713 1964 1753 compensare

1095 1753 1181 1793 quod
1200 1762 1216 1784 a
1237 1763 1288 1784 me
1304 1753 1439 1785 debetur
1457 1753 1550 1794 Gajo.
1572 1764 1611 1785 an
1629 1753 1673 1785 est
1686 1753 1764 1795 justa
1780 1752 1963 1794 compensa-

1096 1794 1168 1826 tio?
1186 1802 1280 1834 negat
1291 1793 1496 1834 Gordianu33
1513 1796 1586 1835 quia
1601 1795 1721 1827 nonest
1738 1795 1813 1826 milii
1825 1806 1872 1827 res
1890 1803 1965 1827 cum

1096 1834 1201 1876 GaJo,
1223 1836 1275 1868 sed
1293 1845 1365 1867 cum
1391 1837 1483 1876 Scjo:
1508 1837 1538 1869 δι
1564 1845 1599 1868 ut
1622 1837 1757 1869 debeam
1781 1836 1874 1877 Sejo‚
1898 1839 1964 1867 nori

1096 1877 1201 1909 debeo
1220 1876 1320 1917 Gajo:
1345 1878 1439 1918 igitur
1457 1878 1502 1910 est
1525 1886 1646 1910 tautum
1663 1877 1883 1919 compensatio
1897 1878 1966 1918 ejus

1098 1919 1187 1959 quod
1202 1919 1290 1950 atior
1306 1919 1403 1950 debet
1419 1929 1496 1959 reo;
1520 1919 1592 1958 quia
1609 1929 1675 1951 tum
1692 1920 1819 1951 demum
1837 1918 1881 1950 est
1897 1928 1965 1950 niu-

1098 1968 1186 1992 tuum
1204 1959 1358 1992 debiturn.
1385 1961 1448 1992 lioc
1465 1963 1562 1993 modo
1579 1960 1767 2002 Papinianus
1783 1961 1803 1992 l.
1827 1966 1872 1995 18.
1889 1960 1917 2001 ᾗ.
1939 1969 1963 1991 r.-

1100 2002 1146 2032 D.
1162 2002 1190 2032 b.
1212 2007 1232 2033 t.
1255 2001 1403 2041 Creditur,
1427 2003 1546 2042 inquit,
1568 2011 1625 2033 nori
1643 2004 1756 2042 cogitur
1767 2007 1960 2040 compensare,

1102 2044 1178 2082 quod
1194 2043 1262 2078 alii.
1287 2053 1375 2084 quam
1398 2044 1516 2075 debitori
1534 2045 1586 2082 suo
1611 2045 1704 2075 debet:
1731 2043 1772 2074 Et
1797 2042 1842 2074 est
1867 2041 1961 2086 valde

1095 2083 1354 2122 observandum,
1385 2085 1472 2124 quod
1502 2084 1689 2125 Papinianus
1711 2085 1784 2123 ait,-
1812 2084 1876 2115 hoe
1899 2082 1963 2113 elle

1096 2130 1226 2164 vei-um,
1242 2126 1378 2167 quamvis
1394 2127 1584 2168 creditorejus
1590 2133 1643 2166 pro
1660 2136 1688 2156 eo
1704 2128 1755 2167 qm·
1770 2126 1962 2161 convenitur,

1093 2167 1126 2197 ob
1152 2168 1276 2198 debitum
1298 2169 1444 2208 proprium
1467 2167 1536 2198 velit
1559 2167 1745 2208 corripensare.
1770 2166 1868 2207 Igitur
1890 2172 1964 2195 cuin

1094 2208 1134 2238 de
1152 2208 1265 2239 debito
1285 2208 1315 2240 δε
1331 2209 1457 2240 credito
1480 2208 1701 2248 disquiritur-in
1712 2206 1897 2250 proposito,
1915 2206 1965 2236 so-

1096 2250 1161 2281 lum
1178 2249 1366 2291 intelligitur
1381 2250 1526 2281 debiturn
1552 2250 1581 2280 ei
1608 2256 1722 2281 contra
1740 2257 1835 2290 quem
1857 2247 1963 2288 dii-igi-

1096 2299 1147 2322 tur
1162 2290 1383 2331 compensatio
1393 2314 1402 2330 ,
1415 2291 1444 2323 &
1455 2290 1595 2322 debitum
1607 2291 1646 2322 ab
1663 2301 1703 2322 eo
1721 2291 1772 2331 qui
1783 2291 1846 2331 agit
1857 2300 1865 2320 :
1877 2289 1966 2329 quod

1095 2332 1117 2364 fi
1132 2333 1171 2363 ab
1189 2333 1251 2364 alio
1261 2339 1315 2364 aut
1330 2333 1378 2364 alii
1390 2334 1560 2371 debeatur,
1572 2342 1636 2364 non
1655 2340 1784 2373 putatur
1799 2331 1941 2362 debitum
1953 2346 1965 2368 ς

1097 2373 1351 2415 compensationi
1368 2383 1477 2413 aptum
1493 2375 1523 2405 δι
1538 2373 1752 2405 necessarium.
1772 2372 1966 2410 Exemplum

1096 2415 1160 2446 inl.
1180 2419 1224 2447 16.
1236 2415 1278 2447 D.
1291 2416 1318 2446 b.
1330 2421 1349 2446 t.
1368 2416 1466 2447 Miles
1483 2415 1610 2446 debitor
1626 2414 1726 2452 Titii,
1742 2411 1966 2445 duosinstituit

1096 2456 1232 2488 heredes
1243 2467 1252 2495 ;
1263 2466 1358 2488 unum
1369 2457 1529 2488 bonorum
1540 2455 1749 2493 castrensium,
1758 2454 1892 2485 alterum
1904 2453 1963 2483 bo-

1096 2507 1209 2529 norum
1220 2498 1456 2539 paganicorum.
1469 2497 1576 2529 nonio
1595 2496 1802 2528 licethomini
1819 2504 1942 2536 pagano
1954 2516 1966 2533 ,

1096 2539 1148 2570 sed
1164 2540 1240 2570 licet
1256 2540 1346 2571 militi
1357 2550 1366 2578 ς
1378 2540 1428 2570 cui
1444 2547 1483 2570 ex
1494 2538 1659 2579 privilegio
1677 2537 1789 2568 sufficit
1803 2537 1842 2568 ad
1859 2538 1965 2567 bono-

1097 2590 1166 2612 rum
1181 2580 1305 2611 suorum
1322 2580 1507 2611 diviflonem
1519 2580 1601 2610 nuda
1616 2580 1681 2618 ejus
1692 2579 1841 2609 voluntas
1856 2577 1874 2608 l.
1887 2587 1912 2608 1.
1925 2576 1965 2607 D.

1097 2623 1130 2652 de
1148 2620 1257 2662 testam.
1272 2621 1355 2653 milit.
1371 2620 1433 2652 Sed
1449 2619 1523 2661 quid
1540 2620 1610 2652 est?
1630 2620 1722 2652 heres
1738 2619 1898 2651 bonorum
1915 2626 1966 2658 pa·

1096 2664 1282 2703 ganicorum
1301 2662 1463 2703 experitur
1478 2660 1624 2693 adversus
1646 2660 1827 2693 debitorem
1844 2660 1964 2691 militis.

1098 2704 1148 2735 hic
1164 2705 1268 2744 agenti
1286 2704 1425 2744 opponit
1434 2703 1732 2743 compensationem
1747 2703 1812 2742 ejus
1822 2702 1910 2742 quod
1926 2708 1967 2731 ex

1096 2745 1294 2776 institutione
1316 2743 1422 2776 militis
1443 2745 1581 2775 debetur
1605 2746 1644 2775 ab
1670 2744 1789 2775 herede
1804 2743 1964 2774 bonorum

1098 2785 1308 2818 castrensium.
1341 2795 1378 2816 an
1406 2786 1518 2818 recte?
1549 2785 1625 2817 Non
1650 2793 1740 2825 putat
1766 2784 1964 2824 Papinianus.

1098 2829 1185 2867 atqui
1202 2828 1305 2868 agitur
1321 2827 1360 2858 ab
1378 2826 1498 2858 herede
1515 2826 1639 2865 militis,
1664 2827 1693 2858 δε
1709 2826 1771 2857 fuit
1786 2825 1930 2857 debitum
1947 2833 1966 2854 a

1097 2868 1217 2907 milite,
1232 2878 1290 2909 per
1306 2867 1458 2900 heredem
1475 2868 1562 2900 suum
1577 2867 1789 2907 repraesentari
1807 2867 1907 2897 solito.
1923 2866 1966 2896 ita

1098 2909 1160 2943 est:
1183 2909 1235 2942 sed
1253 2910 1284 2940 in
1303 2918 1339 2940 ea
1357 2917 1446 2948 parte
1466 2910 1495 2941 in
1514 2919 1574 2950 qua
1593 2910 1685 2940 herc-s
1700 2908 1764 2940 est:
1786 2917 1850 2939 non
1870 2907 1966 2937 etiam

1097 2952 1128 2983 in
1150 2951 1208 2982 alia
1225 2952 1256 2982 in
1273 2960 1334 2991 qua
1349 2960 1412 2982 non
1428 2951 1473 2983 est
1490 2951 1600 2982 heres:
1621 2950 1728 2982 militis
1752 2957 1858 2980 autem
1874 2948 1967 2992 bere-

1098 2994 1177 3024 ditas
1195 2993 1259 3032 ejus
1278 2992 1448 3024 voluntate
1464 2994 1506 3023 ita
1534 2992 1631 3024 divi‘a
1650 2990 1694 3023 est
1711 3001 1768 3032 per
1788 2987 1965 3032 constituti-

1098 3044 1194 3071 ones,
1218 3033 1301 3074 quasi
1319 3035 1453 3065 duorum
1465 3033 1726 3065 sintbereditates
1743 3033 1761 3062 l.
1782 3040 1824 3069 17.
1844 3028 1881 3058 D.
1902 3033 1960 3073 erigi.

1092 3077 1138 3107 tit.
1156 3084 1215 3106 una
1239 3075 1397 3106 bonorum
1422 3084 1662 3115 paganicortim,
1683 3074 1779 3104 altera
1804 3068 1962 3100 castrensi-

1093 3127 1156 3148 um.
1181 3116 1266 3147 refiie
1296 3116 1391 3156 igitur
1414 3116 1594 3155 responsum
1619 3126 1635 3146 a
1665 3113 1852 3153 Papiniano·
1884 3119 1958 3141 CUffl

1093 3158 1184 3190 militi
1202 3156 1401 3189 castrensium
1411 3158 1571 3189 bonorum
1588 3158 1680 3192 alius,
1696 3161 1888 3198 caeterorum
1901 3152 1957 3182 bo·

1091 3208 1206 3230 norum
1224 3200 1300 3230 alius
1313 3222 1322 3236 ,
1346 3200 1436 3230 lieres
1454 3207 1578 3236 extitit,
1603 3197 1632 3228 <Sc
1652 3195 1779 3226 debitor
1798 3194 1888 3224 alteri
1906 3194 1960 3223 bc-

1092 3243 1204 3273 redum
1221 3240 1398 3282 obligatus,
1415 3240 1482 3274 vult
1501 3236 1704 3278 compensare
1722 3236 1809 3276 quod
1828 3235 1867 3266 ab
1885 3235 1958 3304 31εὲ
