2036 3495
133 81 196 107 ³02
725 62 761 97 G
784 70 805 95 E
831 69 854 94 rt
881 67 903 93 A
929 69 951 95 κ
977 66 1001 94 D
1027 65 1041 94 1

129 168 190 198 ³³³3
212 160 373 196 utrimque
397 153 514 195 opibus
532 160 571 184 ac
592 151 694 191 copiis
710 150 864 188 affluens3
886 149 1008 189 ubique

132 202 263 232 innoxia
279 200 425 231 libertate
442 193 590 225 fruatur?
607 193 682 224 illuc
697 200 769 232 quae
787 198 928 229 exeunt,
946 198 1009 220 ma-

131 242 218 273 xima
234 241 312 271 sunt.
337 247 399 268 una
416 244 520 267 tamen
537 234 656 274 publici
673 233 753 273 Juris
773 239 895 273 partem
912 230 1009 262 effici-

133 291 201 313 unt.
233 281 306 321 quid
333 277 455 309 altera?
479 276 518 307 ad
542 275 755 311 Sacerdotes,
778 275 816 304 ad
842 271 945 319 sacra,
968 271 1008 303 ad

132 323 339 354 caeremonias
363 319 533 358 pertingit:
556 326 620 348 uno
634 315 758 356 justitiae
776 314 906 353 officio,
932 322 1008 360 con-

132 360 228 394 ciliari
247 371 318 392 cum
337 359 432 396 Det),
448 359 592 389 secundo
606 367 678 389 cum
692 356 830 388 homine.
858 355 923 386 hoc
941 364 1007 395 pie-

134 415 178 436 tas
190 427 199 442 ,
220 404 296 434 illud
315 401 427 441 religio
443 400 635 440 appellatur:
660 400 773 439 ingens
785 422 793 435 ,
816 396 837 428 si
854 396 937 428 caste
954 397 1008 443 ad-

130 446 277 476 iubeatur
296 467 304 481 ,
336 442 578 473 instrumentum
606 441 645 472 ad
670 441 785 471 mentis
810 441 1008 469 emendatio-

130 496 223 523 nem3
248 485 279 515 id
299 483 363 521 est,
387 485 425 514 ad
442 484 595 514 virtutem
614 482 899 525 honestatemque,
921 478 1009 510 simul

132 529 171 558 ad
189 526 326 558 divinam
345 525 581 563 humanamque
602 533 724 562 pacem.
749 522 791 554 sin
811 524 918 552 aliter:
945 530 1010 551 non

130 569 233 599 minus
252 568 365 598 incitat
381 568 504 597 animos
522 564 742 605 luperstitione
762 571 896 608 captoS,
922 562 1011 592 velut

130 609 295 641 furialibus
325 607 455 640 stimulis
479 608 516 639 ad
542 606 667 643 turbas,
691 606 730 637 ad
755 604 921 636 libidinem
941 626 950 641 ,
972 604 1011 649 ad

132 651 259 683 scelera.
283 651 377 690 igitur
396 658 429 680 ut
444 657 613 689 oporteat,
638 647 770 678 liberam
786 654 823 677 ac
838 645 1012 690 voluntari-

128 702 179 724 am
198 691 261 724 ess‘e
280 700 345 723 rem
365 691 458 722 animi
477 698 573 728 atque
599 688 796 725 intellectu&
822 695 882 718 nec
907 695 1012 732 poenis

128 734 287 773 armisque
300 757 309 770 ,
332 733 383 763 sed
400 731 629 771 conjunttione
647 731 777 761 rationis
798 728 920 759 homini
939 736 1012 759 cum

129 774 207 807 Deo
224 774 424 811 communis,
450 773 571 811 accipi,
589 770 759 809 custodiri,
783 780 819 800 ac
839 778 1012 810 promove-

128 819 166 849 ri.
190 825 221 848 at
241 826 281 848 ne
296 823 404 855 vergat
420 815 458 845 ad
477 816 598 844 ruinam
616 822 760 850 morum,
781 820 891 842 remve
909 810 1011 850 publi-

130 868 201 890 cam
217 858 248 889 in
261 856 364 888 casum
382 855 483 886 trahat
502 855 677 886 factionum
694 853 953 893 conspiratione,
969 853 1014 891 iu-

130 900 262 932 stifflmae
286 899 443 930 cautionis
470 897 524 927 est.
570 896 583 928 I
608 905 714 933 nune,
737 895 767 926 ὃς
796 903 860 939 prge
885 902 917 924 te
941 893 1012 931 fer,

131 950 252 973 tantum
271 940 395 980 exiguis
414 939 527 976 rebus,
545 946 666 969 tantum
684 936 812 977 ineptiis
830 936 944 966 lervire
956 935 1009 966 Ar·

129 992 216 1015 tem:
238 982 327 1022 cujus
350 989 413 1011 tam
442 979 593 1021 insignem
613 980 643 1010 in
663 979 756 1009 rebus
773 978 863 1007 sacris
881 985 917 1006 ac
937 985 1008 1016 pro-

128 1022 212 1056 fanis
229 1024 339 1062 domi,
356 1023 456 1060 foris,
473 1030 552 1060 pace
568 1022 599 1052 <St
615 1020 702 1051 bello
721 1019 782 1051 eil‘e
801 1020 1008 1063 commodum

129 1066 324 1106 experimur.
356 1065 386 1101 i,
411 1064 441 1095 ἃ
460 1063 588 1094 dubita:
613 1069 716 1093 utrum
736 1062 806 1102 plus
826 1068 1009 1097 memoriae,

130 1117 168 1140 an
184 1107 305 1148 judicio
323 1106 452 1137 debeat.
736 1143 742 1148 ·

170 1148 258 1181 Nam
281 1147 359 1188 quid
385 1148 488 1178 dicam
515 1145 555 1177 de
578 1141 643 1186 ejus
660 1141 812 1175 affinitate
832 1151 905 1174 curn
922 1138 1011 1173 cultu

130 1190 303 1231 Sapientiae
321 1189 339 1221 ⁴?
370 1188 463 1228 hujus
493 1188 616 1228 optima
642 1186 673 1218 &
696 1185 856 1225 praecipua
880 1184 946 1215 laus
971 1184 1011 1214 ad

131 1241 240 1265 mores
262 1229 423 1263 refertur:
444 1229 567 1260 caeteris
593 1226 730 1259 occultis
749 1226 780 1257 ἀ
800 1225 1010 1265 quodammo-

129 1274 174 1306 do
191 1274 231 1304 ab
248 1272 313 1313 ipsa
328 1269 452 1303 Natura
468 1270 631 1301 involutis.
656 1276 688 1299 at
704 1267 755 1299 illa
775 1267 898 1298 virtutis
913 1274 1010 1306 atque

130 1314 313 1346 officiorum
331 1312 475 1353 magistra
495 1312 571 1351 quid
596 1310 692 1341 habet
708 1318 724 1353 a
740 1308 813 1354 jure
832 1306 961 1354 Naturae
979 1307 1010 1338 &

130 1356 297 1393 Civitatis,
312 1355 389 1394 quid
404 1354 443 1384 ab
460 1353 592 1384 homine
607 1351 740 1392 publicis
759 1358 953 1395 privatisque
964 1358 1010 1379 re-

129 1398 189 1430 bus
208 1398 335 1428 intento
347 1395 507 1426 alienum?
526 1392 925 1432 nonrepetamluperiora.
945 1398 1010 1436 tan-

129 1448 198 1471 tum
217 1446 286 1469 utar
305 1437 461 1475 exemplis
480 1435 609 1475 paucis,
634 1433 686 1464 sed
703 1432 919 1463 evidentibus.
962 1431 1010 1477 Sit

128 1481 223 1512 maris
247 1482 276 1509 dc
300 1478 443 1508 foeminae
468 1475 670 1515 conjunfitio,
695 1482 789 1514 quam
809 1474 1009 1504 matrimoni-

131 1531 182 1553 nm
202 1520 409 1560 appellamus.
442 1518 518 1557 quid
541 1518 637 1557 magis
652 1515 786 1555 expedit
803 1514 1009 1554 reipublicae,

126 1563 243 1594 futurae
263 1561 368 1591 brevis
384 1559 462 1596 aevi,
480 1558 600 1598 absque
620 1566 660 1588 eo
680 1555 847 1588 seminario
864 1555 926 1587 fit‘?
946 1557 1009 1596 Jam

129 1605 160 1635 in
179 1611 227 1634 tot
247 1601 385 1632 fortunae
404 1600 524 1631 casibus
545 1599 632 1639 quod
648 1598 692 1629 est
713 1597 876 1629 honestius
891 1606 1009 1629 morta-

127 1646 211 1677 libus
228 1643 371 1674 solatium
383 1642 400 1673 5>
418 1642 582 1673 dubitetur
600 1648 705 1671 tamen
717 1663 724 1676 ‚
740 1639 817 1679 quid
832 1639 862 1670 in
878 1639 1011 1679 conjun-

127 1686 235 1718 ctione
262 1693 326 1716 tam
356 1682 527 1714 necessaria
551 1681 670 1713 Natura
700 1680 864 1721 indulgeat
885 1680 1010 1712 deliciis

125 1727 255 1760 humani
272 1724 430 1757 affectus?
459 1725 535 1764 quid
554 1732 669 1754 contra
686 1723 787 1754 civilis
804 1722 909 1763 pudor
925 1722 1011 1754 dicat

125 1768 281 1801 incestum
299 1790 310 1806 ,
335 1765 491 1798 nefarium
510 1789 520 1804 ,
552 1773 643 1804 turpe
658 1765 676 1796 ἱ)
708 1764 922 1803 permittenda
939 1788 947 1801 ,
971 1773 1010 1809 an

124 1810 310 1843 coercenda
324 1807 361 1840 fit
377 1816 513 1839 uxorum
536 1807 711 1838 multitudo
721 1806 738 1838 ‘2
762 1806 840 1845 quid
857 1814 1010 1836 conveni-

126 1861 160 1885 at
176 1852 284 1893 primis
303 1850 405 1889 vona,
425 1849 502 1890 quid
518 1847 721 1889 sequentibus
739 1856 756 1878 a
772 1855 879 1878 morte
895 1847 1011 1887 prioris

125 1894 289 1935 conjugis:
309 1890 483 1932 praesertim
500 1890 578 1922 natis
596 1888 730 1920 liberis?
746 1898 785 1920 an
802 1887 1009 1920 sufflaminan-

125 1936 166 1968 da
190 1939 274 1967 inter
299 1934 402 1964 virum
428 1933 458 1964 &
481 1940 618 1964 uxorem
643 1930 681 1962 fit
702 1931 839 1961 donatio
860 1930 1009 1962 nocitura

125 1975 255 2018 profusa
272 1974 449 2013 facilitate,
467 1981 522 2005 aut
539 1972 748 2005 concordiam
764 1970 863 2011 magis
881 1972 1009 2011 pretio,

126 2027 222 2058 quarn
240 2016 378 2049 honesto
395 2024 505 2048 amore
524 2013 928 2054 conciliatura,postremo
943 2021 1008 2044 me-

125 2060 242 2091 liorem
258 2057 380 2090 faftura
397 2057 622 2099 pauperiorem
634 2079 643 2094 ‚
656 2055 853 2087 deteriorem
869 2063 948 2086 vero
964 2055 1008 2085 di·

125 2099 272 2132 tiorem‘?
303 2109 340 2130 an
365 2099 612 2131 concedendum
638 2096 675 2129 fit
697 2097 836 2128 licentiae
860 2096 1008 2136 repudio·

121 2140 215 2180 rum,
239 2140 520 2181 divortiorumque
537 2140 622 2171 bona
639 2138 756 2180 gratia,
780 2146 833 2169 aut
852 2145 909 2178 per
924 2138 1007 2182 indi-

124 2185 313 2225 gnationem
325 2182 342 2213 ‘2
366 2182 578 2213 honestumne
594 2180 647 2218 sit,
668 2180 715 2211 bis
729 2179 888 2220 receptis,
911 2176 1007 2219 stipu-

124 2225 248 2257 latione
265 2232 497 2265 poenarumque
523 2223 657 2253 vinculis
678 2221 825 2262 adstringi
845 2221 1007 2251 matrimo-

125 2268 177 2298 nia
194 2264 360 2297 contracta
377 2265 429 2295 vel
448 2263 580 2295 futura?
605 2271 754 2303 quantam
771 2269 923 2303 oporteat
946 2260 1009 2293 eise

125 2306 320 2349 potestatem
344 2308 458 2345 patris,
483 2306 658 2337 liberorum
686 2305 880 2335 educatione
906 2304 1008 2335 incer-

126 2359 192 2381 tam
209 2348 323 2381 adituri
339 2347 466 2379 aleam?
485 2356 546 2387 qua
559 2347 721 2387 diligentia
732 2347 957 2377 circumdantia
972 2343 1010 2376 fit

127 2390 344 2431 pupillorum,
361 2390 539 2426 minorum,
555 2388 755 2427 aliorumque
771 2386 953 2418 infirmit-as:
969 2391 1009 2417 ne

124 2432 181 2465 sibi
198 2439 335 2468 noceat,
361 2440 444 2461 neve
462 2437 619 2470 praetextu
637 2429 745 2460 tutelae
765 2437 893 2460 curaeve
910 2428 1007 2468 impie

125 2482 223 2514 atque
249 2472 421 2504 inhumane
444 2470 599 2512 spolietur
614 2470 631 2502 ’.Ρ
660 2470 791 2512 longum
816 2470 872 2501 est.
895 2471 1008 2501 addam

125 2523 234 2546 tamen
244 2514 427 2553 paCtionum
438 2513 726 2552 contractumque
737 2512 930 2552 multiplices
943 2510 1006 2542 for-

124 2565 193 2588 mas
219 2562 274 2586 aut
297 2554 478 2586 officiorum
505 2554 734 2586 necessitudine
751 2577 761 2592 ,
785 2562 838 2584 aut
863 2552 1007 2584 utilitatis

125 2595 364 2638 permutatione
375 2597 462 2628 omni
481 2597 555 2627 vitre
571 2596 760 2628 commodas
776 2603 873 2635 atque
889 2603 1007 2635 oppor-

126 2638 245 2671 tunas?
268 2637 372 2667 adhuc
389 2646 484 2678 neget
500 2638 630 2679 aliquis,
647 2647 687 2669 ne
704 2638 733 2668 in
750 2646 868 2678 genere
888 2636 1005 2676 injuriae

125 2688 181 2713 aut
196 2678 320 2711 ratione
337 2688 477 2717 erretur,
494 2679 555 2710 ess'e
574 2682 604 2710 in
622 2678 853 2710 constituendis
869 2676 1005 2716 singulo-

125 2731 196 2755 rum
212 2723 352 2757 natum,
375 2721 498 2758 modis,
523 2719 659 2759 finibus,
684 2730 765 2761 opus
791 2719 943 2760 sapientia
958 2719 1004 2758 ju-

127 2763 281 2802 dicioque
298 2761 437 2802 negotiis
454 2760 621 2801 speftato?
639 2771 704 2802 quo
723 2762 818 2801 igitur
832 2761 862 2792 in
882 2760 1006 2798 hismi-

125 2807 148 2838 fi
166 2807 197 2837 in
215 2802 340 2835 honesti
361 2803 389 2832 &
406 2803 526 2841 turpis,
550 2805 581 2835 in
605 2805 685 2844 aequi
703 2804 732 2834 dt
748 2802 869 2843 iniqui,
892 2803 923 2833 id
941 2800 1005 2840 est,

126 2848 159 2879 in
182 2845 311 2887 publice
334 2843 549 2884 privatimque
575 2845 659 2877 utilis
682 2854 719 2876 ae
734 2844 824 2876 noxii
842 2850 1007 2875 momenta

127 2890 159 2920 &
174 2886 388 2929 proprietates
412 2885 497 2916 cadit
519 2884 761 2925 disceptantium
778 2885 896 2918 labor?
920 2884 1005 2917 Paris

123 2929 225 2963 fuerit
252 2925 432 2966 industriae,
456 2924 655 2958 considerare
679 2936 776 2968 atque
801 2926 1003 2967 expendere,

125 2971 243 3013 quibus
264 2969 367 3008 vitiis,
393 2971 454 3009 qua
469 2976 583 3008 poena,
607 2976 702 3007 quem
720 2970 760 3000 ad
777 2970 911 3000 modum
931 2976 1005 3008 pur-

127 3015 195 3055 gari
212 3012 379 3043 civitatem
394 3009 509 3051 justum
526 3008 573 3039 fit.
590 3017 655 3040 non
672 3008 817 3048 inficior,
832 3009 946 3041 melius
961 3016 1006 3039 at-

127 3064 192 3096 que
213 3052 399 3094 aequabiiius
415 3051 446 3083 se
472 3050 670 3088 habituram,
694 3050 814 3090 absque
830 3051 900 3082 ullis
916 3049 1005 3082 esset.

127 3097 180 3128 sed
197 3096 261 3127 hoc
279 3093 404 3135 sperare
416 3094 448 3125 in
465 3099 551 3123 tanta
568 3090 663 3123 seculi
679 3090 791 3122 inertia
800 3100 836 3122 ac
853 3091 1004 3132 segnitie,

126 3138 197 3179 quis
211 3137 343 3168 audeat:
367 3135 457 3167 nullo
475 3143 577 3174 poenae
595 3131 679 3171 fine,
703 3131 793 3164 nullo
809 3131 941 3164 fructu?
964 3142 1003 3164 an

125 3178 300 3221 ignoratis,
322 3186 392 3218 quae
408 3177 440 3209 in
457 3175 533 3208 foro
550 3173 687 3214 delifta,
705 3180 858 3215 peccata,
874 3173 1006 3205 crimina

1090 53 1327 92 Noonr

1051 145 1250 187 appellantur
1260 170 1270 186 ‚
1285 146 1369 188 apud
1386 145 1546 189 sapientes
1561 146 1683 180 censeri
1699 155 1807 182 errore
1823 150 1934 185 humass

1051 196 1100 219 nae
1123 186 1234 227 sortis,
1259 199 1324 220 non
1353 197 1551 228 peccaturae:
1575 188 1597 221 fi
1613 189 1758 222 mortalis
1774 191 1864 225 foret
1885 201 1934 226 te-

1052 229 1199 268 nuitatis,
1216 231 1291 270 quid
1308 229 1367 260 suae
1383 234 1547 262 conducat
1563 230 1757 269 salubritati,
1780 235 1868 265 omni
1886 236 1932 269 lo-

1052 279 1094 301 co
1106 269 1135 301 &
1152 279 1299 312 tempore
1310 281 1350 302 ex
1362 273 1444 303 veris
1458 272 1622 314 principiis
1639 271 1724 303 resta
1739 274 1863 306 ratione
1880 277 1935 307 de-

1052 311 1180 343 ducere.
1224 311 1302 344 Non
1326 313 1443 346 faciam
1467 313 1598 346 Naturae
1623 314 1875 347 controversiam
1891 319 1933 349 de

1052 354 1269 392 providentia.
1300 354 1345 386 est
1370 356 1414 387 iili
1438 355 1491 387 sua
1520 355 1631 395 causa,
1653 356 1750 387 etiam
1773 365 1848 388 cum
1873 367 1933 391 nos

1051 393 1145 433 fugit.
1177 394 1286 427 saltem
1309 395 1357 429 fas
1378 397 1433 436 fit,
1457 397 1626 438 deplorare
1641 397 1756 429 nossrae
1774 397 1932 431 miseriam

1052 436 1268 468 conditionis:
1290 438 1340 469 cui
1365 438 1490 470 necesse
1515 438 1579 477 est,
1601 438 1633 470 in
1657 437 1816 471 infinitum
1843 439 1932 480 sequi

1052 476 1174 507 bonum
1191 477 1220 508 &
1237 479 1359 510 evitare
1374 481 1507 511 malum:
1531 490 1591 512 nec
1606 481 1728 511 interea
1746 489 1815 520 quae
1833 481 1883 521 jus
1899 482 1936 514 fit

1054 525 1186 557 optare,
1210 527 1263 550 aut
1280 521 1465 560 deprecari,
1489 531 1687 563 magnopere
1704 523 1782 553 licet
1796 524 1938 555 animad-

1054 566 1255 605 vertere-aut
1271 560 1460 594 discernere.
1486 564 1539 594 ubi
1557 563 1653 605 igitur
1669 562 1774 604 sapit?
1797 564 1864 596 imo
1880 565 1933 596 ubi

1054 609 1120 631 non
1132 600 1272 633 labitur?
1288 602 1392 642 quaeso
1401 613 1461 635 vos
1479 606 1595 637 dicite:
1618 604 1685 645 ipse
1694 605 1828 644 dubito,
1843 605 1938 647 spon-

1055 649 1108 680 te,
1126 650 1166 673 an
1182 641 1384 677 neceffitate:
1409 654 1501 686 aeque
1517 656 1557 678 ex
1574 646 1680 677 obviis
1695 646 1882 687 principiis,
1898 655 1934 679 ut

1055 690 1091 728 ut
1113 681 1217 722 falsis,
1238 682 1313 731 falsa
1333 684 1454 718 fluente
1471 687 1687 727 collectione,
1710 696 1807 729 atque
1823 698 1864 720 ex
1881 698 1935 720 ve-

1056 733 1097 755 ris
1114 733 1151 756 ac
1167 724 1263 756 bonis
1280 736 1355 758 vera
1369 727 1510 768 sequitur
1525 729 1554 760 ὅ(
1575 729 1671 761 bona.
1694 728 1736 761 fic
1751 729 1852 762 eheu!
1877 731 1934 762 eti-

1055 774 1106 797 arn
1130 774 1206 798 curn
1229 766 1285 798 suo
1307 766 1414 800 studet
1440 772 1636 809 commodo,
1658 777 1694 802 ut
1711 771 1827 809 debet,
1851 773 1935 803 duce

1055 806 1200 853 Natura,
1223 817 1284 849 pro
1308 818 1388 841 vero
1411 809 1548 850 speciem
1569 811 1789 852 amplectitur:
1812 814 1935 845 bonum

1057 857 1160 880 minus
1176 850 1307 890 majori,
1325 850 1461 892 praesens
1470 851 1601 892 futuro,
1612 854 1772 894 privatum
1788 864 1935 886 commu⁴

1057 891 1089 921 ni
1113 889 1306 937 praeferens:
1329 893 1436 933 ignara
1452 916 1463 932 ‚
1487 894 1539 925 vel
1563 894 1628 925 hoc
1650 894 1735 927 suum
1759 897 1932 928 contineri.

1058 940 1164 963 utrum
1181 940 1277 973 igitur
1296 933 1420 974 placet,
1445 934 1564 966 deferri
1586 944 1672 967 ream
1687 937 1934 969 imbecillitatis:

1052 983 1089 1004 an
1109 975 1196 1012 parci
1215 974 1280 1014 eJus
1298 974 1508 1008 infelicitati?
1539 977 1706 1009 occasione
1729 980 1847 1019 gaudet
1872 980 1935 1011 cle-

1051 1017 1182 1047 mentia.
1214 1017 1364 1049 memini:
1386 1016 1507 1049 fateor.
1540 1016 1593 1049 sed
1616 1019 1744 1050 vitanda
1763 1020 1934 1058 eonfufio,

1053 1056 1082 1087 ἃ
1101 1055 1295 1097 flagitiorum
1318 1059 1468 1099 eruptio,
1493 1060 1646 1100 exemplo
1670 1061 1830 1092 nocitura.
1855 1062 1933 1093 deli-

1052 1097 1200 1130 beremus
1216 1099 1313 1139 igitur
1328 1100 1369 1132 de
1385 1109 1500 1141 poena,
1518 1101 1598 1132 duro
1614 1101 1723 1133 hercle
1734 1102 1934 1143 &infausto,

1053 1139 1106 1170 sed
1124 1140 1318 1180 neceffario,
1341 1143 1505 1174 remedio:
1530 1152 1594 1174 non
1613 1151 1720 1174 tamen
1737 1144 1856 1176 admiffi
1871 1144 1935 1184 jam

1053 1181 1181 1212 erroris.
1199 1181 1295 1214 absit:
1311 1182 1337 1215 is
1348 1184 1401 1224 qui
1416 1183 1521 1223 potest
1533 1182 1601 1216 fieri
1619 1183 1782 1217 infectus?
1800 1185 1936 1226 sequens

1054 1222 1248 1254 ordinandus
1266 1223 1321 1255 est.
1354 1234 1416 1256 nec
1432 1224 1489 1256 iste
1506 1226 1636 1265 quidem
1653 1226 1792 1267 accipiet
1810 1227 1933 1268 legem

1052 1262 1074 1295 fi
1090 1264 1261 1296 humanum
1278 1267 1577 1305 excedatmodum3
1593 1275 1647 1298 aut
1663 1276 1772 1299 manus
1790 1277 1827 1299 ac
1842 1278 1933 1300 men-

1054 1312 1118 1336 tem
1136 1314 1152 1336 a
1176 1306 1338 1346 republica
1363 1308 1527 1339 abstineat.
1559 1318 1597 1340 an
1616 1306 1765 1349 sapientis
1788 1309 1844 1348 fit,
1868 1309 1932 1341 frui

1053 1352 1167 1386 poena‚
1190 1347 1220 1378 &
1245 1349 1370 1379 ultione
1397 1358 1477 1380 vana
1494 1357 1547 1380 aut
1564 1349 1642 1381 nihil
1664 1351 1705 1382 ad
1724 1348 1774 1390 se,
1797 1351 1875 1382 nihil
1892 1352 1932 1382 ad

1051 1388 1282 1428 rempublicam
1304 1391 1488 1430 pertinente
1505 1413 1516 1429 ,
1555 1390 1679 1432 grassari
1701 1392 1741 1423 ad
1765 1393 1933 1424 crudelita-

1053 1428 1143 1460 tem‘?
1163 1439 1374 1471 nequaquam.
1393 1432 1470 1471 quid
1487 1441 1565 1472 ergo
1575 1433 1591 1464 ¹?
1607 1433 1764 1472 relinquat
1775 1433 1861 1465 hunc
1876 1433 1932 1465 suo

1053 1471 1218 1502 dedecori.
1243 1479 1367 1504 tanturn
1385 1472 1421 1504 fit
1437 1474 1623 1514 negotium,
1647 1483 1782 1506 cavere:
1806 1484 1846 1506 ne
1865 1475 1933 1507 aliis

1052 1521 1166 1553 graves
1187 1512 1247 1544 fint
1269 1513 1420 1552 affectus,
1443 1524 1460 1545 a
1482 1516 1564 1546 linea
1581 1515 1723 1547 omnium
1740 1515 1870 1547 utilitati
1890 1516 1934 1547 le·

1051 1553 1143 1594 gibus
1160 1553 1262 1594 polita
1277 1555 1307 1586 se
1332 1563 1520 1587 moventest
1544 1565 1582 1587 ac
1596 1556 1618 1588 si
1633 1564 1732 1596 quem
1748 1559 1855 1597 capiat
1869 1566 1935 1589 ma-

1052 1597 1082 1627 la
1108 1595 1209 1626 libido
1234 1597 1419 1637 egrediendi
1447 1605 1564 1629 metam
1588 1598 1724 1638 legu1n3
1745 1597 1933 1631 illecebram

1053 1636 1193 1668 stultitiae
1219 1645 1343 1669 mutare
1375 1639 1552 1670 acerbitate
1577 1647 1683 1679 poenae
1713 1639 1753 1671 ad
1775 1638 1932 1672 miseriam

1054 1679 1199 1710 exiturae.
1230 1680 1275 1710 ita
1293 1680 1382 1711 malae
1397 1680 1514 1712 mentis
1534 1679 1592 1711 fint
1610 1689 1743 1721 peccata
1757 1681 1796 1713 ad
1811 1690 1932 1714 meram

1053 1720 1210 1752 rationem
1229 1721 1357 1753 exacta:
1381 1731 1419 1753 an
1437 1722 1657 1761 indignemur,
1671 1722 1704 1754 in
1727 1722 1868 1755 humano
1883 1722 1934 1755 fo-

1054 1771 1091 1793 ro
1102 1785 1111 1801 ‚
1129 1762 1349 1803 integritatem
1366 1763 1468 1794 civilis
1484 1763 1715 1803 conjunctionis
1730 1764 1934 1796 conservatu-

1054 1813 1090 1834 ro
1108 1826 1118 1841 ,
1142 1805 1251 1835 terreri
1275 1804 1478 1845 inhiberique
1505 1805 1633 1836 confilia
1658 1805 1866 1846 actionesque
1888 1807 1931 1838 illi

1054 1845 1274 1885 conjunctioni
1291 1846 1412 1878 noxia?
1436 1846 1524 1887 atqui
1541 1847 1689 1885 leonem,
1706 1847 1835 1888 lupum,
1851 1847 1932 1879 simi-

1054 1886 1160 1917 lemve
1172 1887 1314 1919 tollimus
1331 1888 1470 1919 belluam
1488 1888 1586 1929 magis
1605 1888 1827 1928 legeimmanis
1843 1897 1932 1920 natu-

1052 1937 1113 1966 rae‚
1138 1936 1232 1969 quam
1250 1928 1304 1960 suo
1326 1937 1463 1969 peccato
1482 1930 1704 1970 perniciosam.
1742 1930 1771 1960 δε
1791 1930 1867 1970 quid
1883 1931 1930 1961 in-

1053 1962 1148 2001 terest
1165 1970 1248 2001 inter
1263 1970 1345 2001 lianc
1361 1971 1389 2001 ἀ
1408 1970 1573 2002 hominem
1598 1970 1648 2001 sua
1667 1970 1796 2002 feritate
1811 1970 1860 2008 se,
1883 1971 1929 2002 in-

1051 2011 1117 2042 vita
1132 2012 1259 2043 ratione
1277 2012 1436 2050 civitatis,
1459 2012 1618 2043 ferentem
1635 2012 1767 2052 peffimo
1784 2011 1931 2051 publico.

1052 2051 1113 2084 Sed
1134 2051 1179 2084 est
1196 2062 1277 2084 unus
1301 2062 1406 2094 poeuae
1427 2052 1499 2084 finis
1522 2053 1641 2085 utilitas
1663 2051 1823 2085 servandae
1840 2053 1931 2085 disci-

1051 2094 1167 2134 plinae:
1191 2093 1255 2125 fine
1273 2103 1335 2134 qua
1353 2094 1474 2126 nullum
1486 2093 1550 2133 est,
1565 2103 1626 2125 nec
1644 2092 1756 2134 sperari
1772 2093 1880 2135 potest
1894 2104 1931 2126 o·

1050 2135 1130 2166 tium
1146 2135 1342 2176 reipublicae.
1369 2144 1439 2167 eam
1457 2144 1555 2175 porro
1573 2135 1744 2167 utilitatem
1759 2145 1835 2167 vere
1852 2144 1930 2168 con-

1051 2176 1212 2217 digneque
1230 2184 1337 2209 taxare
1349 2200 1358 2216 ,
1382 2178 1470 2217 cujus
1492 2175 1557 2215 est,
1581 2185 1696 2216 praeter
1712 2185 1786 2209 eum
1803 2179 1857 2217 qui
1873 2177 1931 2209 hu-

1050 2227 1150 2250 manae
1165 2218 1306 2250 indolem
1324 2226 1463 2257 naturae,
1487 2218 1707 2257 virtutumque
1726 2217 1756 2249 δε
1775 2218 1929 2251 vitiorum

1051 2259 1155 2291 causas
1174 2259 1402 2300 habitumque,
1427 2259 1515 2291 fimul
1540 2268 1609 2299 qua:
1635 2260 1739 2290 media
1755 2257 1813 2291 sint
1831 2267 1929 2300 atque

1050 2300 1266 2332 indifferentia
1284 2325 1294 2340 ‚

1052 2351 1142 2374 more
1158 2342 1283 2374 boni&
1306 2343 1472 2382 prudentis
1496 2341 1640 2380 Medici,
1664 2342 1854 2383 quibusdam
1870 2343 1929 2374 sta-

1053 2383 1110 2416 tim
1122 2384 1283 2416 occurrit:
1300 2393 1340 2415 ne
1356 2385 1419 2416 late
1436 2383 1539 2421 serpat
1554 2381 1670 2415 malurn
1682 2406 1690 2421 ,
1706 2384 1736 2414 ἃ
1756 2382 1824 2415 sero
1842 2393 1930 2425 quae=

1051 2435 1137 2457 ratur
1154 2426 1342 2457 remedium.
1363 2426 1423 2457 alia
1438 2424 1565 2457 differt:
1584 2425 1659 2457 dum
1677 2426 1803 2466 ingenia
1819 2426 1927 2457 mites-

1050 2473 1145 2506 cant,
1168 2467 1199 2498 &
1225 2476 1350 2498 morum
1372 2466 1573 2507 asperitatem
1599 2465 1751 2505 sapientia
1773 2467 1928 2499 emolliat.

1051 2508 1121 2539 haec
1137 2517 1177 2539 ne
1196 2508 1299 2540 irritet
1317 2517 1430 2549 poena,
1448 2506 1580 2539 confiiio
1591 2507 1769 2539 diffimulat.
1790 2508 1841 2539 illa
1856 2517 1928 2549 quae

1050 2549 1081 2580 se
1107 2549 1229 2581 tractari
1253 2549 1373 2589 sinant,
1397 2559 1455 2591 pro
1478 2549 1580 2580 modo
1605 2549 1742 2589 exempli
1762 2549 1882 2582 utiliter
1896 2558 1927 2581 e-

1049 2591 1190 2622 mendat.
1224 2590 1355 2623 Interim
1372 2591 1523 2632 quantula
1545 2589 1591 2622 est
1613 2590 1719 2632 legum
1744 2590 1927 2623 innocentia

1049 2634 1081 2665 in
1096 2633 1372 2673 comparationem
1388 2639 1623 2674 praeceptorum
1637 2630 1730 2672 juris!
1760 2631 1926 2673 Separavit

1050 2675 1120 2705 haec
1129 2674 1365 2714 prudentissima
1375 2675 1433 2706 Ars
1444 2683 1462 2705 a
1476 2672 1536 2705 suis
1549 2672 1684 2715 regulis:
1700 2674 1832 2712 volens,
1848 2682 1925 2714 prae·

1049 2722 1145 2756 cepta
1169 2714 1231 2747 effe
1255 2715 1383 2747 consilia
1405 2715 1590 2757 sapientiae:
1615 2715 1754 2753 docere,
1778 2714 1926 2752 suadere,

1049 2757 1126 2788 nihil
1141 2766 1280 2798 cogere,
1297 2766 1362 2788 non
1379 2756 1491 2789 minari
1507 2765 1637 2798 poenas,
1653 2764 1768 2796 praeter
1783 2756 1924 2794 divinas;

1048 2799 1081 2830 in
1101 2797 1148 2830 his
1167 2807 1298 2839 quoque
1314 2798 1537 2839 poenitentiam
1554 2797 1747 2838 adgnoscere
1770 2798 1802 2829 in
1816 2798 1924 2837 primis

1048 2840 1210 2872 sinceram.
1237 2848 1268 2871 at
1286 2840 1373 2881 leges
1389 2841 1578 2881 regulasque
1595 2840 1771 2879 imperare,
1795 2845 1925 2876 vetare,

1049 2881 1180 2921 punire,
1204 2881 1412 2923 permittere:
1435 2890 1502 2913 non
1528 2879 1704 2921 disputare,
1728 2888 1794 2911 non
1810 2877 1925 2911 consu-

1048 2924 1133 2962 lere,
1150 2932 1216 2955 non
1233 2923 1353 2955 donare
1370 2932 1411 2955 ne
1422 2922 1619 2964 poenitentiae
1636 2921 1788 2966 quidem,
1800 2919 1854 2951 etsi
1868 2928 1925 2950 ve-

1049 2975 1101 2997 rae.
1125 2966 1168 2996 ita
1192 2964 1266 3004 has,
1290 2973 1445 3006 quatenus
1461 2973 1557 2997 manu
1573 2964 1701 3001 valent,
1717 2961 1804 3006 malis
1821 2960 1851 2990 ἁ
1865 2968 1924 2989 no-

1048 3007 1107 3038 xiis
1123 3006 1302 3038 actionibus
1318 3006 1451 3038 mederi.
1474 3006 1526 3037 illa
1540 3004 1655 3037 mentis
1671 3003 1797 3047 puritati
1817 2999 1923 3030 stude-

1048 3058 1100 3079 re:
1124 3056 1185 3080 nec
1209 3049 1310 3080 modo
1332 3048 1425 3088 quod
1446 3048 1544 3086 licet,
1567 3045 1622 3078 sed
1645 3045 1679 3075 in
1697 3038 1923 3088 primis-quod.

1048 3089 1164 3128 decet,
1181 3090 1213 3121 id
1234 3089 1297 3128 est,
1320 3088 1409 3130 quod
1425 3088 1555 3132 pietati,
1571 3083 1792 3130 verecund1ae2
1811 3079 1924 3122 Justltl·

1048 3132 1121 3170 tiae,
1145 3131 1345 3169 liberalitati,
1367 3129 1462 3170 fidei,
1486 3128 1595 3161 virtuti
1616 3125 1755 3163 demque
1774 3122 1804 3153 &
1820 3121 1924 3155 hone-

1047 3172 1118 3205 stati
1135 3173 1312 3212 convenit,
1327 3172 1415 3205 suum
1425 3177 1548 3213 putare.
1566 3166 1654 3210 quod
1668 3163 1746 3206 quid
1759 3162 1829 3197 est?
1845 3162 1923 3235 aig?

1327 2301 1523 2341 perspexerit
1545 2301 1673 2340 penitus
1690 2300 1706 2331 ἱ.)
1729 2300 1771 2332 sic
1796 2310 1945 2341 quoque·
