2036 3495
580 127 931 162 GEnARD1
991 120 1030 156 N

155 146 202 182 74

158 225 187 256 ei
204 222 274 254 Lex
289 218 464 262 permittit,
487 217 540 247 vel
556 214 644 254 Lege
661 212 799 244 cess'ante
818 210 910 242 Ordo
930 210 1033 242 dedit.

157 274 230 297 cum
250 265 333 294 enim
352 259 507 299 Ulpianus
525 257 586 294 ait,
603 255 687 291 Lex‚·
705 253 768 286 fine
786 253 883 284 dubio
900 252 1031 283 munici-

157 307 262 346 palem
280 302 427 341 intelligit
444 299 584 339 Legem:
609 295 630 328 fi
646 296 776 337 quando
799 304 835 325 ea
861 301 1031 332 caveatur;

159 355 193 378 ut
209 343 366 386 Syndicus
382 350 424 372 ex
440 340 549 371 officio
567 337 622 369 suo
638 337 733 377 poffit
749 336 912 367 communi
931 335 1032 366 nomi-

156 397 197 418 ne
214 394 316 426 agere.
349 382 459 423 estque
474 380 580 414 fimilis
599 379 693 419 plane
716 378 839 409 locutio
856 377 873 408 l.
897 386 921 408 1.
941 376 983 407 D.
999 377 1032 406 de

158 426 229 467 offic.
244 425 332 465 Praef.
343 421 471 463 August.
492 422 545 453 ubi
561 421 676 452 dicitur
692 419 861 460 imperium
872 417 1030 450 Praefecto

155 466 318 509 Augustali
336 467 375 498 ad
391 463 627 497 similitudinem
649 460 851 493 Proconsulis
871 459 959 500 Lege
976 458 1031 489 sub

154 508 297 551 Augusto
317 508 443 539 datum:
462 506 494 537 id
510 504 574 544 est,
592 503 681 543 Lege
698 512 759 543 qua
777 503 801 533 is
819 501 872 532 sub
888 499 1031 541 Augusto

155 554 293 592 primum
316 548 378 581 fuit
403 548 574 580 institutus.
622 544 695 576 Nec
714 543 846 575 diffimili
867 543 1034 574 locutione

154 596 187 624 in
207 594 226 624 l.
250 601 295 623 ιε.
313 590 342 632 §.
365 600 390 622 1.
410 589 448 621 D.
465 590 497 620 de
507 587 629 628 judiciis
642 585 777 623 dicitur,
801 584 889 625 Lege
906 582 1035 624 permis-

156 634 221 666 sum
246 632 308 665 effe
333 630 537 667 Proconsuli,
561 628 704 668 judicem
723 627 815 658 dare:
839 634 898 666 pro
917 634 953 655 ea
974 624 1033 655 Le-

155 686 195 716 ge
213 700 223 715 ,
247 684 308 716 qua
331 674 476 705 inductus
501 671 540 701 ab
569 670 663 701 initio
687 667 749 699 fuit
775 665 1032 698 Proconsulatus.

156 717 211 750 Est
236 717 331 757 igitur
355 714 484 755 Ulpiani
502 713 533 743 in
550 713 578 743 d.
596 711 615 742 l.
634 721 663 751 3.
689 709 742 740 hic
758 707 878 740 sensus:
902 708 990 748 quod
1010 706 1032 738 fi

155 760 226 800 quis
250 758 362 789 ordine
387 756 481 796 Legis
500 751 701 793 municipalis
719 751 838 782 electus
855 749 890 781 iit
908 749 1033 780 univer·

155 801 253 833 litatis
271 799 429 840 Syndicus
441 820 449 835 ‚
473 797 498 827 is
514 796 599 827 ultro
616 791 723 834 potest
740 802 833 833 agere
851 789 1033 822 universita-

156 847 196 875 tis
213 843 364 879 nomine3
383 849 443 870 nec
460 845 534 879 eget
552 846 640 868 novo
657 836 801 866 decreto.
826 832 964 864 cessante
980 841 1034 863 ve·

157 895 194 916 ro
212 893 248 915 ca
266 883 370 923 Lege,
387 881 418 912 id
433 879 496 917 est,
514 878 535 910 si
553 887 617 910 non
635 875 839 922 fioSyndicus
857 884 897 905 ex
912 874 963 905 tali
976 872 1035 904 Le-

155 936 210 968 ge:
236 933 300 956 tum
318 923 503 963 experietur
519 919 650 952 nomine
665 917 805 949 civitatis
824 917 875 948 vel
895 917 988 947 curiae
1007 915 1032 947 is

157 977 253 1008 quem
280 965 368 999 dedit
394 962 507 1001 Ordo,
532 962 563 993 id
590 960 653 998 est,
678 959 769 991 Ordo
788 958 1031 989 Decurionum:

157 1009 206 1040 vel
224 1017 318 1047 quem
335 1006 493 1037 dederunt
511 1001 700 1040 Duumviri3
717 1000 738 1032 fi
756 999 961 1031 Decuriones
980 998 1033 1029 de-

156 1056 347 1083 creverunt,
379 1047 537 1078 actionem
557 1054 614 1085 per
631 1052 704 1075 cum
726 1041 917 1074 movendam
937 1048 1033 1080 quem

156 1091 315 1133 elegerint
333 1087 503 1120 Duumviri
520 1086 540 1118 l.
552 1089 581 1117 6.
601 1085 629 1127 §.
650 1094 675 1115 1.
694 1085 721 1115 h.
739 1089 758 1115 t.
780 1083 833 1114 Ait
853 1089 960 1113 autem
980 1081 1034 1112 Ul-

159 1134 270 1174 pianus
285 1131 416 1172 l.3.h.t.
436 1129 592 1160 Ordinem
611 1126 744 1167 intelligi
761 1126 852 1162 dare3
875 1132 947 1154 cum
965 1123 1035 1154 duae

156 1182 262 1214 partes
280 1171 439 1210 adessent,
458 1171 508 1201 vel
527 1169 678 1209 amplius,
696 1176 790 1207 quam
809 1167 888 1197 duae.
912 1163 955 1195 Et
967 1164 1033 1195 sub-

154 1216 223 1256 jicit
238 1216 257 1246 l.
276 1224 304 1253 4.
330 1214 462 1246 Paulus:
488 1212 584 1244 Plane
609 1218 643 1241 ut
661 1210 731 1241 duae
750 1215 852 1249 partes
871 1205 1032 1237 Decurio-

154 1267 232 1289 num
247 1256 428 1294 adfuerint,
453 1255 477 1285 is
494 1261 624 1293 quoque
646 1260 740 1292 quem
761 1250 955 1285 decernent,
979 1256 1033 1278 nu·

156 1299 272 1331 merari
290 1296 407 1338 potest.
443 1295 527 1326 Puto
546 1304 643 1332 vero,
667 1293 699 1323 id
716 1290 900 1330 limpliciter
916 1289 1033 1328 accipi-

159 1340 297 1372 endum:
316 1339 462 1379 prorsus,
478 1344 512 1368 ut
530 1335 681 1372 sufficiat,
697 1334 727 1364 in
746 1333 863 1363 Attore
880 1330 1032 1371 eligendo

157 1380 261 1413 adesse
279 1381 355 1412 duas
372 1387 491 1418 partes:
518 1386 650 1417 quarum
665 1375 763 1414 major
776 1382 881 1405 earum
895 1381 971 1412 -pars
991 1371 1031 1402 A·

157 1423 280 1454 ctorem
309 1423 481 1457 decernat;
505 1427 568 1449 non
593 1418 709 1454 etiam,
733 1424 769 1446 ut
785 1422 938 1455 oporteat
955 1413 1032 1445 duas

155 1472 262 1504 partes
279 1463 422 1493 omnium
442 1459 593 1500 suffragiis
611 1460 640 1489 in
660 1467 732 1489 eum
751 1455 942 1487 consentire.
987 1454 1032 1485 Si-

155 1506 289 1542 militer,
316 1512 388 1533 cum
415 1503 458 1533 ait
481 1503 509 1531 d.
533 1501 552 1531 l.
578 1510 607 1539 4.
632 1498 765 1535 Paulus,
790 1505 824 1529 ut
840 1497 908 1528 duae
927 1504 1031 1536 partes

154 1545 378 1578 Decurionum
395 1542 579 1580 adfuerint,
603 1541 627 1573 is
652 1548 782 1579 quoque
800 1548 896 1579 quem
921 1537 1030 1569 decer-

153 1594 249 1626 nent,
268 1586 424 1617 numerari
436 1583 560 1625 potest:
577 1592 642 1614 non
655 1582 694 1614 sic
713 1582 776 1612 hoc
788 1579 1008 1620 accipiendum
1021 1603 1030 1617 ,

155 1628 240 1669 quali
264 1626 358 1668 ipfius
377 1625 557 1666 suffragium
584 1633 714 1664 quoque
733 1630 938 1659 numeretur,
964 1630 1029 1661 quo

152 1670 253 1710 major
268 1677 419 1701 numerus
439 1676 511 1699 eum
529 1664 703 1697 decrevisse
720 1664 880 1695 videatur:
905 1661 957 1693 sed
976 1671 1030 1702 po-

155 1712 218 1743 tius
232 1711 295 1749 ita,
319 1709 404 1751 quasi
421 1710 486 1750 ejus
503 1706 667 1748 praeientia
683 1706 756 1744 fiat,
780 1713 814 1736 ut
840 1704 939 1744 major
963 1712 1033 1743 pars

152 1762 223 1795 quae
236 1750 340 1785 adesse
355 1751 473 1791 debet,
487 1748 620 1782 adfuiss'e
636 1747 842 1788 intelligatur.
859 1753 1032 1784 caeoerum,

821 1831 1175 1866 TtruLus

1064 130 1085 155 o
1119 131 1140 154 0
1174 132 1198 156 D
1234 133 1257 156 T
1315 120 1342 154 C
1378 132 1398 155 o
1436 129 1461 155 M
1495 131 1534 154 M.

1074 217 1109 241 ut
1125 209 1189 250 ipse
1202 219 1265 242 non
1282 210 1398 242 debeat
1415 207 1470 241 fibi
1482 208 1660 249 suffragium
1672 208 1765 241 dare:
1784 210 1825 242 ait
1842 217 1948 245 tamen

1075 250 1229 292 Ulpianus
1244 252 1263 282 l.
1282 265 1311 293 5.
1331 252 1419 292 quod
1436 252 1533 291 patris
1551 250 1732 290 suffragium
1752 253 1895 291 proderit
1911 254 1948 285 fr-

1074 293 1138 340 ijo)
1155 294 1183 323 ἃ
1202 291 1256 324 filii
1273 294 1374 334 patri3
1390 302 1449 323 nec
1463 294 1566 323 minus
1584 293 1694 333 (quod
1713 301 1752 323 ex
1765 293 1862 324 Paulo
1881 294 1948 325 sub-

1073 334 1265 380 jiciturlb.)
1282 344 1393 366 eorum
1411 335 1465 374 qui
1483 335 1513 376 in
1532 335 1673 373 ejusdem
1691 333 1851 374 potestate
1868 333 1949 367 sunt.

1078 375 1222 422 nimirum
1239 399 1249 414 ‚
1279 377 1353 416 quia
1377 375 1459 416 quasi
1489 374 1632 407 Decurio
1662 375 1725 406 hoc
1747 377 1857 415 dedit;
1881 382 1951 409 non·

1076 418 1166 462 quan.
1184 417 1358 448 domestica
1383 416 1525 457 persona.
1558 418 1708 457 idemque
1732 418 1763 448 in
1789 418 1951 450 honorum

1075 460 1232 498 petitione
1248 457 1452 491 servandum:
1468 458 1522 490 nisi
1535 457 1776 499 Lexmunicipii
1787 482 1795 496 ‚
1814 460 1865 491 vel
1880 468 1952 499 per-

1077 506 1172 539 petua
1183 499 1383 531 consuetudo
1394 499 1575 540 prohibeat.
1599 500 1697 541 igitur
1708 499 1748 531 sic
1759 500 1951 532 habeamus:

1078 540 1167 580 quod
1184 540 1234 586 vel
1258 549 1298 571 ex
1317 540 1406 582 Lege
1427 542 1592 583 municipii
1610 550 1699 573 extat
1715 542 1894 582 Syndicus3
1918 543 1948 574 ἃς

1076 581 1268 623 generaliter
1291 583 1331 612 ad
1355 591 1426 614 eum
1451 586 1594 624 pertinet
1621 584 1763 616 omnium
1791 583 1952 616 causarum

1079 621 1241 654 defenfio:
1259 623 1310 668 vel
1328 632 1390 654 non
1408 623 1452 655 est
1469 626 1537 657 talis
1550 624 1618 656 Lex
1634 626 1818 665 municipii;
1836 626 1866 657 ἁ
1883 634 1951 657 tum

1077 665 1212 696 decreto
1241 664 1449 697 universitatis
1479 667 1578 698 ACtor
1607 666 1809 698 constituitur
1834 668 1872 699 ad
1899 669 1952 699 de-

1076 705 1272 737 fendendam
1297 707 1495 746 agendamve
1513 707 1635 740 causam
1654 716 1792 747 certam,
1818 717 1855 739 ac
1874 718 1952 749 prae-

1078 747 1198 778 sentem
1217 747 1236 777 l.
1253 745 1306 777 ult.
1327 746 1356 788 §.
1377 756 1423 788 13.
1443 748 1485 779 D.
1511 751 1545 780 de
1558 752 1738 781 muneribus:
1762 759 1832 781 nam
1849 751 1887 781 ad
1905 750 1953 781 fu-

1079 797 1179 835 turam
1196 787 1318 819 causam
1334 797 1402 828 quae
1418 789 1522 820 adhuc
1537 792 1567 822 in
1583 792 1803 825 controverfia
1820 791 1952 830 nonsit,

1079 831 1149 878 talis
1172 829 1272 876 ᾼὲὶοι·
1293 839 1358 861 non
1385 830 1589 863 constituitur
1603 834 1631 864 d.
1647 833 1666 864 l.
1690 833 1756 875 6.§
1789 842 1821 864 1:
1847 842 1955 873 quam-

1078 881 1126 903 vrs
1149 879 1292 912 privatus
1309 879 1501 912 procurator
1516 873 1555 904 ad
1572 872 1693 905 futuras
1714 875 1785 907 lites
1801 875 1954 906 constitu-

1078 920 1148 960 atur
1156 912 1241 944 reste
1252 912 1271 943 l.
1284 922 1315 952 3.
1329 912 1370 944 D.
1387 914 1631 954 deprocuratorz'h.
1648 916 1848 956 idQueideo,
1865 918 1954 957 quod

1078 956 1205 986 videtur
1236 954 1409 986 abhorrere
1434 965 1449 986 a
1475 957 1599 988 ratione
1622 957 1825 989 decretorum
1851 959 1956 998 publi-

1077 1006 1209 1044 corum,
1233 1004 1270 1042 ut
1283 996 1361 1027 fiant
1386 996 1425 1028 de
1442 998 1537 1028 rebus
1557 1007 1625 1037 quae
1643 1000 1787 1030 nondum
1803 999 1888 1031 sunt:
1912 1010 1953 1031 ne

1078 1046 1237 1082 incertum
1252 1038 1287 1068 iit
1301 1038 1453 1084 judicium
1472 1048 1585 1070 eorum
1604 1040 1657 1080 qui
1667 1034 1953 1072 Actorem'const'r-

1080 1087 1184 1111 tunnt.
1209 1089 1240 1110 in
1266 1089 1374 1120 primis
1401 1088 1508 1112 tamen
1536 1081 1600 1112 hoc
1626 1081 1789 1122 procedit:
1813 1090 1886 1112 cum
1913 1083 1955 1114 de

1078 1122 1239 1154 movenda
1259 1121 1385 1152 actione
1403 1124 1562 1161 quaeritur.
1594 1122 1634 1154 de
1659 1132 1724 1163 quo
1740 1122 1811 1153 casu
1827 1125 1957 1155 exaudi-

1079 1165 1160 1195 enda
1177 1163 1257 1209 estl.
1275 1172 1302 1203 3.
1320 1164 1347 1193 Δ).
1365 1168 1386 1193 t.
1406 1173 1479 1195 nam
1495 1165 1525 1194 id
1545 1164 1587 1195 ibi
1609 1165 1676 1195 vult
1693 1164 1826 1196 verbum
1839 1188 1848 1203 ,
1872 1172 1955 1205 expe-

1078 1206 1150 1244 riri,
1175 1212 1210 1236 ut
1228 1214 1258 1236 in
1277 1205 1296 1235 l.
1319 1214 1344 1235 1.
1366 1203 1406 1235 D.
1424 1206 1457 1236 cie
1472 1206 1579 1246 divers?
1599 1206 1770 1246 temporalib.
1793 1207 1955 1247 praescrz'pc.

1075 1247 1098 1294 l..
1113 1256 1137 1278 1.
1157 1247 1186 1287 §.
1200 1255 1228 1286 7.
1249 1245 1291 1277 D.
1303 1247 1336 1276 de
1352 1246 1406 1276 dol.
1422 1248 1487 1277 mal.
1504 1248 1523 1278 l.
1541 1256 1591 1286 51.
1615 1246 1657 1278 D.
1675 1248 1707 1278 (le
1724 1249 1832 1279 admin.
1849 1253 1904 1279 tut.
1922 1257 1957 1280 u·

1076 1296 1166 1328 tique
1181 1287 1269 1334 quod
1287 1288 1326 1318 ad
1344 1286 1563 1320 defensionem
1588 1288 1728 1321 civitatis
1751 1290 1885 1328 attinet,
1911 1291 1951 1321 ad

1076 1330 1159 1361 hanc
1183 1337 1278 1360 etiam
1303 1336 1471 1375 extraneus
1494 1330 1696 1362 admittitur:
1727 1330 1805 1362 ficut
1833 1333 1864 1362 in
1888 1332 1952 1371 pri«

1077 1379 1226 1402 vatorum
1249 1369 1436 1401 defenuone
1458 1370 1662 1403 observatur:
1686 1372 1758 1412 quia
1785 1382 1825 1402 eo
1852 1375 1952 1403 modo

1076 1413 1191 1444 melior
1209 1411 1244 1443 fit
1263 1412 1410 1442 conditio
1436 1412 1653 1444 universitatis.
1678 1421 1774 1454 atque
1790 1414 1832 1444 ita
1851 1413 1951 1454 Gajus

1074 1455 1094 1486 l.
1118 1464 1142 1486 1.
1159 1454 1177 1495 §
1203 1454 1257 1485 ult.
1277 1454 1303 1483 l).
1322 1459 1344 1483 c.
1372 1453 1434 1485 Sed
1450 1453 1562 1486 Paulus
1579 1456 1606 1486 d.
1627 1455 1645 1486 l.
1662 1459 1690 1487 ό,
1707 1455 1737 1496 §,
1763 1465 1786 1486 1.
1805 1455 1833 1486 b.
1852 1460 1873 1485 ι.
1891 1458 1952 1493 ait,

1075 1495 1172 1527 hodie
1186 1494 1286 1526 solere
1304 1494 1372 1525 haec
1389 1496 1514 1533 omnia,
1529 1496 1701 1528 secundum
1720 1499 1865 1528 locorum
1877 1506 1956 1528 con-

1075 1537 1272 1568 suetudinem
1284 1559 1293 1573 ,
1311 1537 1474 1575 explicari.
1487 1538 1531 1568 lta
1541 1545 1691 1577 apparet,
1707 1537 1882 1578 Syndicnm
1901 1547 1955 1569 aut

1074 1578 1226 1610 Actorem
1242 1577 1451 1608 universitatis
1474 1587 1540 1609 non
1566 1578 1628 1609 else
1646 1578 1776 1616 Quidem
1803 1587 1956 1618 procura·

1075 1628 1178 1652 torem
1190 1644 1198 1659 ‚
1216 1619 1267 1650 sed
1284 1617 1377 1649 instar
1393 1620 1609 1659 procuratoris
1621 1619 1703 1651 esi'e:
1719 1620 1747 1651 <Sc
1759 1629 1952 1661 quamquam

1076 1663 1159 1695 inter
1181 1671 1238 1692 eos
1257 1660 1294 1695 fit
1316 1659 1515 1698 differentia:
1540 1669 1645 1692 tamen
1672 1663 1770 1692 multa
1787 1660 1848 1692 effe
1867 1662 1951 1694 inter

1076 1713 1133 1776 {os
1162 1703 1361 1735 communia:
1385 1702 1425 1734 de
1444 1703 1559 1743 quibus
1575 1703 1607 1735 in
1628 1704 1657 1735 d.
1674 1703 1693 1735 l.
1711 1706 1740 1735 6.
1760 1703 1789 1745 §.
1814 1712 1840 1735 ε.
1862 1703 1898 1739 &³
1917 1714 1951 1745 3.

1233 1826 1282 1867 V.

896 1907 945 1942 De
963 1908 1093 1954 negotiis
1106 1906 1212 1955 gestis.

155 2005 386 2082 POSTQUAM
403 2002 521 2034 dictum
538 2000 578 2033 de
594 1997 858 2041 procuratoribus
876 1997 906 2029 &
925 1995 1036 2028 defen-

223 2047 363 2084 soribus,
379 2052 515 2085 quorum
535 2042 580 2073 illi
598 2042 748 2073 mandatu
765 2040 905 2078 domini,
922 2039 953 2069 hi
971 2038 1035 2069 fine

154 2098 214 2127 eo,
239 2087 472 2119 interveniunt:
499 2093 564 2116 non
591 2084 646 2114 abs
672 2093 705 2114 re
733 2081 813 2120 fuit,
838 2082 902 2112 hoc
919 2079 1035 2111 Titnlo

154 2130 290 2170 cogitari
311 2129 350 2159 de
367 2126 562 2163 actionibus,
580 2134 651 2165 quae
662 2131 797 2164 utraque
814 2123 844 2159 in
862 2122 966 2162 specie
988 2122 1034 2152 lo-

153 2172 227 2202 cum
247 2170 396 2201 habeant.
412 2167 685 2208 quemadmodum
703 2172 810 2197 autem
827 2165 911 2195 inter
929 2163 1033 2195 domi-

152 2222 230 2244 num
254 2210 550 2251 &procuratorem
577 2208 708 2239 obtinet
731 2205 872 2237 mandati
894 2204 977 2236 at'tio
994 2214 1035 2236 cx

152 2263 234 2286 vero
250 2251 417 2286 contractu
429 2275 438 2290 ‚
463 2259 528 2291 quo
548 2250 588 2281 de
604 2249 687 2280 libro
704 2256 799 2280 xvu.
824 2247 966 2278 dicetur:
990 2247 1033 2277 ita

153 2296 190 2327 e'a
207 2294 324 2333 cessat,
341 2293 395 2325 ubi
413 2292 482 2334 quis
497 2300 556 2331 pro
576 2291 710 2322 domino
727 2288 846 2330 sponte‘
858 2289 1033 2320 intervenit

152 2336 216 2368 fine
233 2337 395 2367 mandato.
421 2343 481 2365 nec
506 2341 612 2364 tamen
631 2340 758 2372 aequum
781 2330 903 2369 fuerit,>
924 2330 975 2361 vel
992 2338 1033 2360 eo

155 2378 226 2409 casu
252 2376 394 2409 deficere
417 2375 492 2416 juris
513 2374 673 2406 remedia:
698 2381 762 2404 tam
789 2379 876 2403 certa
894 2371 1035 2402 utilitate

153 2419 296 2450 servandi
314 2418 490 2457 tuendique
502 2415 678 2448 absentium
688 2415 739 2446 vel
751 2414 965 2454 ignorantium
978 2422 1032 2444 ne-

153 2462 262 2501 gotia,
286 2470 326 2492 ne
345 2467 488 2500 pereant.
512 2457 631 2498 placuit
650 2457 745 2497 igitur
762 2456 895 2487 l'raetori
913 2455 977 2486 hoc
994 2454 1032 2485 E-

155 2501 260 2537 dicto.
278 2510 350 2532 cum
368 2509 432 2532 non
445 2499 522 2531 esset
540 2499 621 2530 acrio
640 2507 681 2529 ex
698 2505 776 2529 vero
789 2496 956 2528 contractu
970 2519 979 2535 ‚
995 2504 1032 2527 ac

152 2552 194 2573 ne
211 2542 360 2573 deutrum
378 2542 508 2583 quidem
525 2546 714 2581 appareret,
733 2539 816 2570 inter
835 2548 894 2570 eos
909 2537 1032 2579 fingere

155 2583 385 2623 obligationem
403 2582 487 2623 quasi
504 2591 545 2614 ex
568 2581 755 2617 contractu,
777 2589 818 2617 ex
837 2589 938 2621 eaque
962 2588 1034 2620 pro-

154 2633 280 2664 ponere
304 2624 480 2663 astionem,
506 2632 576 2664 quae
593 2630 730 2654 vocatur
746 2619 964 2663 Negotiorum
980 2630 1033 2661 ge-

155 2665 276 2698 storum
292 2665 311 2696 l.
330 2675 358 2704 5.
378 2665 418 2695 D.
433 2667 466 2696 de
477 2666 592 2705 obligat.
612 2664 649 2699 ὃ)
663 2663 720 2696 ati.
741 2664 840 2694 verba
857 2662 960 2694 Edicti
977 2672 1032 2693 no·

154 2707 203 2738 bis
219 2706 355 2739 servavit
364 2704 518 2746 Ulpianus
535 2707 553 2737 l.
563 2717 592 2747 3.
606 2705 645 2737 D.
656 2707 683 2737 h.
701 2712 722 2737 t.
742 2704 812 2736 sunt
826 2712 933 2736 autem
950 2703 1030 2735 haee.

157 2748 192 2780 Si
210 2749 275 2790 quis
290 2748 404 2788 negotia
421 2747 540 2779 alterius
556 2771 565 2786 ,
581 2746 646 2785 five
671 2749 736 2788 quis
750 2748 882 2787 negotia,
894 2755 967 2788 ,quoe
983 2755 1039 2784 cu·-

150 2793 278 2833 jztsque‚
299 2797 363 2819 cum
379 2789 404 2818 is
422 2789 563 2826 moritur,
586 2789 719 2828 fuerim,
740 2788 873 2830 gefferzt,
884 2788 1032 2828 judicium

157 2842 185 2863 eo
210 2831 322 2863 nomine
338 2830 418 2860 dabo.
462 2828 538 2860 Hoc
555 2829 703 2861 Edictum
722 2829 929 2862 necessarium
946 2828 1008 2860 effe
1021 2852 1031 2867 ‚

156 2874 201 2905 ait
217 2872 370 2913 Ulpianus
386 2870 403 2901 l.
423 2879 449 2901 1.
466 2869 508 2900 D.
528 2870 555 2901 h.
575 2875 594 2900 t.
615 2871 766 2910 quoniam
785 2880 896 2913 magna
915 2870 1035 2902 utilitas

156 2913 336 2947 absentium
350 2910 510 2949 versatur,
526 2920 566 2941 ne
582 2911 736 2944 indefensi
754 2922 858 2945 rerum
876 2911 1035 2953 poffeffio-

156 2965 232 2988 nem
248 2963 302 2987 aut
319 2953 541 2986 venditionem
558 2952 735 2993 patiantur,
759 2955 810 2985 vel
826 2954 971 2995 pignoris
989 2953 1033 2985 di-

155 2997 379 3035 structionem,
402 2995 455 3026 vel
475 3002 577 3035 poenae
595 2996 836 3026 committenda:
855 2995 1011 3027 astionem
1024 3018 1033 3032 ‚

158 3037 211 3071 vel
226 3037 338 3079 injuria
353 3046 420 3069 rem
434 3034 518 3067 suam
535 3034 692 3065 amittant.
717 3035 768 3066 Sic
786 3036 957 3076 Ulpianus:
981 3036 1035 3068 sed

162 3080 334 3117 aliquando
348 3078 474 3119 plenius
488 3074 585 3116 GaJus
600 3076 627 3106 d.
645 3075 666 3105 l.
680 3087 710 3116 5.
723 3076 947 3116 &justinianus
963 3078 992 3120 §.
1007 3087 1033 3109 1.

160 3120 235 3162 Inst.
253 3122 286 3152 de
300 3121 384 3162 oblig.
404 3129 466 3161 quae
481 3117 562 3160 qtmfi
580 3126 616 3148 ex
634 3123 724 3148 contr.

204 3162 370 3194 Promittit
393 3162 489 3202 igitur
512 3159 635 3192 Praetor
655 3157 720 3189 hoc
745 3156 861 3189 Edicto
883 3159 1035 3198 judicium

161 3204 367 3246 negotiorum
378 3202 561 3244 gestorum:
579 3199 612 3232 Si
647 3200 692 3231 uis
708 3199 827 3231 alterius
844 3200 959 3240 negotia
972 3211 1035 3240 ges.

159 3244 235 3289 ferit.
259 3244 340 3279 Haec
355 3251 462 3279 autem
478 3243 595 3283 verba,
641 3242 749 3284 iquis,
772 3239 813 3273 sie
830 3239 898 3275 sunt
917 3243 1033 3281 accipi.

1082 1996 1163 2028 enda
1175 2020 1185 2035 ‚
1202 1996 1271 2028 Sive
1287 2007 1366 2039 quae:
1384 2006 1456 2029 nam
1472 1997 1660 2029 &mulieres
1678 1999 1884 2038 negotiorum
1899 2004 1957 2041 ge·

1081 2037 1200 2070 storum
1226 2048 1321 2080 agere
1347 2040 1375 2071 &
1401 2039 1590 2076 conveniri,
1615 2048 1679 2069 non
1705 2039 1868 2073 dubitatur
1887 2041 1907 2072 l.
1925 2051 1958 2082 3.

1079 2079 1108 2126 §.
1128 2089 1153 2111 1.
1172 2079 1214 2110 D.
1233 2081 1259 2111 h.
1280 2088 1300 2112 t.
1318 2081 1447 2122 Negotia
1462 2089 1539 2111 vero
1555 2079 1596 2111 fic
1612 2080 1741 2120 accipe:
1757 2082 1822 2114 five
1837 2091 1932 2114 unum
1943 2105 1959 2119 ,

1080 2124 1143 2152 uve
1163 2121 1260 2162 plura.
1284 2123 1328 2153 ita
1344 2122 1470 2163 pluralis
1487 2130 1636 2153 numerus
1654 2124 1749 2153 etiam
1767 2124 1958 2160 finaularem

1077 2162 1320 2203 complectitur:
1344 2165 1416 2204 quia
1432 2163 1496 2195 five
1514 2172 1610 2195 unum
1629 2164 1795 2204 negotium
1812 2156 1960 2207 geratur,

1077 2204 1141 2278 fieyte
1159 2204 1263 2251 plura:
1282 2206 1441 2246 utrimque
1451 2214 1506 2245 par
1524 2204 1568 2236 est
1580 2205 1716 2246 ‚aequitas
1731 2206 1960 2247 permittendae

1077 2254 1092 2277 a
1129 2255 1219 2277 roms.

1117 2287 1171 2322 Ait
1188 2297 1286 2328 porro
1301 2288 1443 2326 Praetor,
1466 2288 1610 2320 Alterius.
1639 2287 1684 2319 Et
1701 2288 1766 2320 hoc
1780 2289 1819 2321 ad
1837 2297 1958 2322 utrum·

1078 2334 1140 2369 que
1156 2328 1264 2371 sexum
1283 2329 1420 2361 refertur
1436 2330 1455 2360 l.
1473 2340 1502 2371 3.
1513 2329 1582 2372 §.3
1594 2328 1636 2361 D.
1648 2329 1676 2360 h.
1695 2332 1716 2361 t.
1735 2338 1807 2363 nam
1824 2339 1859 2361 ut
1876 2340 1956 2363 mas-

1077 2371 1178 2417 culie,
1202 2370 1243 2418 fic
1262 2370 1422 2410 soeminiS,
1447 2372 1578 2411 prodest
1599 2371 1807 2412 negotiorum
1833 2372 1956 2413 gestio:

1077 2412 1107 2443 ὃς
1123 2412 1171 2459 liis
1187 2413 1317 2454 quidem
1335 2423 1375 2444 eo
1395 2413 1510 2453 magis,
1535 2421 1600 2452 quo
1622 2413 1721 2452 magis
1742 2411 1834 2444 sexus
1851 2414 1955 2445 imbe-

1075 2454 1189 2486 cillitas
1206 2455 1237 2485 in
1253 2454 1504 2486 administrandis
1527 2453 1666 2495 negotiis
1686 2452 1745 2485 suis
1763 2454 1897 2486 aliorum
1919 2465 1955 2486 o-

1076 2504 1117 2536 pe
1134 2503 1188 2527 aut
1204 2504 1278 2527 cura
1296 2496 1427 2537 indiget.
1458 2494 1586 2535 poss'unt
1602 2494 1699 2535 igitur
1717 2494 1860 2527 foeminae
1875 2496 1956 2529 alios

1077 2537 1273 2576 convenire3
1292 2537 1321 2569 δι
1339 2537 1379 2568 ab
1396 2537 1462 2568 aliis
1477 2536 1665 2574 conveniri,
1681 2537 1886 2578 negotiorum
1901 2548 1956 2580 ge-

1077 2577 1196 2610 storum
1215 2580 1241 2610 d.
1259 2580 1278 2609 l.
1289 2588 1319 2619 3.
1339 2578 1367 2620 §.
1390 2587 1415 2610 1.
1432 2586 1493 2610 nec
1510 2576 1660 2615 interest,
1678 2579 1766 2618 quus
1784 2579 1955 2618 negotium

1076 2619 1200 2661 gestum
1217 2618 1383 2652 fit2modo
1399 2618 1434 2651 fit
1451 2619 1590 2650 alterius.
1610 2618 1659 2650 An
1680 2626 1786 2652 tamen
1806 2613 1956 2659 scientis,

1077 2662 1108 2692 ὅ(
1123 2661 1304 2702 praesentis,
1322 2668 1375 2692 aut
1391 2660 1593 2692 mandantis?
1617 2660 1681 2692 Sed
1699 2671 1765 2693 non
1783 2669 1882 2702 puto:
1899 2662 1955 2693 etsi

1076 2703 1161 2735 enim
1176 2703 1324 2745 generale
1341 2701 1377 2734 fit
1394 2701 1528 2733 verbum
1539 2701 1701 2740 Alterius.
1719 2710 1827 2735 tamen
1840 2705 1871 2735 in
1889 2703 1956 2735 hoc

1075 2743 1190 2776 Edicto
1206 2753 1270 2775 non
1290 2744 1518 2786 complectitur
1535 2743 1649 2782 alium,
1673 2752 1768 2784 quarn
1791 2743 1955 2777 absentem

1075 2786 1106 2817 &
1123 2786 1334 2828 ignorantem.
1365 2795 1437 2818 nam
1455 2784 1477 2816 fi
1493 2785 1675 2817 mandatum
1696 2785 1888 2819 intervenit:
1910 2785 1957 2817 su-

1077 2836 1236 2868 pervacua
1256 2827 1303 2859 est
1326 2827 1410 2859 attio
1436 2826 1644 2868 negotiorum
1667 2827 1856 2869 gestorum;
1880 2836 1955 2859 cum

1078 2869 1216 2916 mandati
1235 2868 1365 2900 sufficiat
1381 2870 1408 2900 d.
1426 2869 1446 2900 1.
1462 2879 1489 2909 5.
1510 2868 1553 2900 D.
1569 2870 1603 2900 de
1619 2868 1701 2911 oblig.
1720 2868 1757 2903 ὅ)
1771 2869 1828 2901 aa.
1854 2878 1953 2908 porro

1080 2920 1134 2951 qur
1161 2910 1295 2951 praesens
1320 2912 1440 2952 patitur
1455 2910 1624 2952 negotium
1640 2909 1728 2942 suum
1744 2912 1831 2952 geri,
1849 2911 1875 2941 is
1894 2918 1956 2951 pro

1077 2953 1249 2984 mandante
1267 2952 1402 2984 habetur
1418 2953 1438 2984 l.
1457 2962 1507 2993 53.
1525 2953 1543 2982 l.
1560 2962 1609 2984 22.
1626 2951 1655 2993 §.
1676 2961 1719 2984 10.
1736 2952 1756 2984 l.
1773 2956 1801 2984 6.
1818 2951 1846 2992 §.
1864 2961 1891 2981 2.
1909 2949 1958 2981 D,-

1079 2994 1236 3039 Ilffandacz}
1282 2994 1404 3026 Contra
1426 2994 1479 3025 ubi
1497 3003 1555 3034 pro
1572 2993 1702 3025 absente
1722 2993 1951 3027 intervenitur;

1077 3042 1132 3067 aut
1151 3036 1323 3076 praelente,
1342 3036 1394 3067 sed
1406 3036 1589 3076 ignorante:
1606 3043 1670 3066 non
1680 3033 1716 3065 fit
1731 3032 1848 3065 actioni
1865 3039 1952 3062 man-

1078 3076 1144 3108 dati
1161 3078 1271 3118 locus;
1286 3077 1339 3109 sed
1355 3077 1559 3118 negotiorum
1569 3075 1729 3118 gestorum
1738 3073 1793 3104 ad.
1805 3082 1852 3103 22.
1863 3070 1891 3112 §.
1904 3080 1953 3103 10„

1081 3117 1118 3153 {5⁹
1132 3118 1150 3149 l.
1168 3128 1216 3151 20.
1238 3119 1267 3162 ἓ.
1291 3129 1316 3151 1.
1335 3117 1377 3150 D.
1393 3120 1451 3149 eod.
1467 3120 1513 3149 tit.
1553 3117 1691 3149 Alterius
1704 3115 1797 3156 igitur
1812 3112 1954 3153 appellas

1080 3160 1169 3192 tione
1185 3161 1215 3192 in
1234 3161 1347 3193 Edicto
1363 3160 1475 3200 accipe
1489 3159 1541 3190 vel
1559 3157 1725 3189 absentem*
1737 3154 1789 3185 vel
1806 3154 1954 3195 ignoran-

1078 3208 1161 3233 tem:
1191 3203 1219 3233 &
1238 3202 1403 3242 utriusque
1419 3199 1564 3232 meminit
1585 3196 1698 3230 Paulus
1719 3195 1736 3226 l.
1752 3203 1803 3234 41.
1819 3194 1861 3227 D.
1879 3196 1907 3227 h.
1927 3200 1952 3225 t.

1076 3240 1156 3276 Inde
1179 3243 1300 3283 placuit
1326 3243 1346 3276 l.-
1366 3252 1393 3274 2.
1416 3241 1454 3272 C.
1475 3241 1501 3274 h.
1521 3246 1543 3273 t.
1566 3239 1681 3276 etiarn,
1703 3236 1724 3268 fi
1743 3237 1814 3279 quis
1837 3234 1950 3279 pupilli

1756 3290 1761 3294 “
1896 3284 1950 3309 ne*
