2036 3495
512 86 574 123 DE
608 95 754 123 ronna
788 94 1057 123 EMENDANDI
1092 94 1194 122 noti
1227 94 1332 122 nati
1368 84 1455 125 Liri.

89 179 116 211 ri
131 177 274 220 obligare
293 186 358 210 non
379 184 519 218 poterat.
549 177 575 208 is
589 175 698 207 Titius
715 175 817 207 fotius
837 175 881 208 est
897 177 962 217 ejus

90 220 133 252 rei
160 221 329 252 dominus:
355 219 418 251 five
444 218 530 258 quod
548 218 667 249 domini
687 217 778 248 lieres
796 217 874 249 fuit:
899 218 962 249 five

90 263 179 301 quod
204 271 273 293 eam
298 271 364 292 rem
391 270 407 292 a
436 261 569 291 domino
592 258 719 297 accepit
737 268 776 289 ex
794 258 881 290 caiisa
898 269 961 291 em-

90 303 212 343 ptionis
223 327 232 342 ‚
248 309 301 334 aut
312 301 399 334 simili
412 302 479 333 alia.
504 299 724 341 Haecspecies.
748 309 787 331 ex
800 300 859 331 hac
877 309 960 338 quae-

91 344 190 375 ritur:
214 354 252 375 an
277 344 322 375 rei
344 344 455 374 alienae
479 342 590 383 pignus
617 350 657 373 ex
680 351 721 373 eo
738 341 962 381 convalescat,

93 387 180 425 quod
206 384 314 416 Titius
338 383 440 415 faetus
465 382 510 415 est
535 383 676 425 pignoris
694 383 870 415 dominus?
894 382 960 414 Du·

90 427 166 467 plex
191 426 342 464 inspectio
363 426 425 457 est:
449 433 508 455 una
530 425 571 456 de
593 423 698 456 Edisti
717 424 839 456 verbis:
863 425 962 456 altera

92 468 132 498 de
150 467 216 507 ejus
236 467 399 498 sententia.
432 464 532 507 Quod
547 465 586 497 ad
603 465 743 506 priorem
759 467 875 497 attinet
891 475 960 506 quae

92 508 176 539 circa
206 508 302 540 verba
334 506 530 539 consumitur
545 517 553 538 :
584 506 625 538 fic
656 505 832 539 rescribunt
858 506 959 547 Impp.

91 549 315 581 Diocletianus
333 549 362 580 &
381 548 595 580 Maximianus
611 548 631 580 l.
649 559 679 589 5.
697 548 730 580 C.
755 548 790 579 Si
807 548 902 580 aliena
919 558 961 579 res

86 592 204 632 pigriori
219 593 287 622 dara
297 588 347 628 fit.
380 589 454 620 Cum
469 599 512 620 res
529 600 591 631 quoe
605 592 727 621 necdum
742 592 773 621 in
790 591 869 621 bortis
884 592 959 621 dehi-

91 634 160 663 toris
174 629 231 673 est,
243 632 360 672 pignori
375 632 444 662 data
461 633 496 661 ab
512 641 559 669 eo,
581 630 676 672 postea
694 633 725 663 iri
739 633 818 662 oom's
833 632 894 673 ejus
909 631 959 671 effe

91 673 226 712 incipiat:
250 673 426 703 ordinariam
450 674 565 713 quidem
585 673 723 704 atilionem
736 674 826 713 super
839 675 959 714 pignore

88 723 146 744 non
160 719 328 754 competere,
342 712 583 755 riiaiiij'asticiiiest.
609 713 823 755 Imperatores
840 721 959 745 vocant

89 756 264 786 ordinariam
286 754 444 786 astionem
470 765 540 795 qua:
569 757 655 787 venit
675 765 714 787 ex
733 755 837 787 verbis
856 755 957 787 Editti

89 805 154 836 quo
171 806 207 827 ca
219 795 301 827 actio
314 796 476 836 proposita
493 797 553 828 est:
571 796 626 829 etfi
643 797 680 828 ad
700 797 884 837 exemplum
903 806 959 827 ve-

88 846 131 870 rat
159 838 188 869 <St
206 837 333 869 direftae
357 837 526 869 Servianae.
561 846 679 879 negant
694 847 820 877 autem,
845 848 913 870 eam
929 846 958 868 a·

89 879 226 911 {tionem
251 879 402 910 creditori
428 879 458 910 in
483 880 643 920 propoiita
660 880 766 919 specie
786 880 876 919 super
895 882 958 919 pig-

87 929 168 952 nore
196 928 409 961 competere:
434 922 506 958 quia
529 921 609 952 hanc
633 920 757 953 Praetor
779 921 906 952 deinum
930 919 958 950 ei

88 962 251 1002 promisit,
272 962 322 993 cui
348 971 396 994 res
420 962 559 1003 obligata
582 962 618 994 fit
642 963 681 993 ab
697 972 738 994 eo
757 962 843 1002 cujus
861 962 911 993 illa
927 962 957 992 in

88 1004 181 1035 bonis
205 1010 289 1042 erat,
312 1012 385 1035 cum
413 1004 453 1035 de
479 1005 614 1045 pignore
637 1005 866 1035 conveniretur
889 1002 908 1034 l.
927 1006 957 1047 o.

89 1044 123 1078 C.
141 1047 190 1076 eod
219 1045 264 1076 tit.
285 1045 303 1075 l.
323 1054 369 1085 15.
390 1044 419 1086 §.
442 1053 467 1076 1.
495 1045 537 1077 D.
554 1047 588 1077 de
605 1046 792 1087 pignoribus.-
816 1045 902 1085 quod
927 1052 957 1074 in

89 1086 150 1118 hac
165 1086 270 1126 specie
286 1095 350 1118 non
367 1087 420 1118 est.
465 1086 518 1118 Sic
545 1087 585 1119 de
601 1086 758 1119 ordinaria
776 1085 900 1117 actione
917 1093 958 1115 ex

89 1127 192 1160 Edisti
208 1127 323 1159 verbis.
369 1127 457 1172 Quid
482 1128 522 1159 de
546 1128 614 1160 utili
638 1138 678 1160 ex
695 1129 759 1168 ejus
777 1125 958 1159 sententia?

89 1177 189 1210 porro
207 1168 292 1209 ajunt
310 1168 524 1209 Imperatores
541 1170 573 1200 in
590 1171 618 1200 d.
634 1169 653 1200 l.
670 1178 701 1209 5.
734 1168 790 1199 Sed
812 1173 908 1199 tomen
925 1176 958 1197 αν

90 1212 230 1252 quitatem
241 1210 342 1250 sincere
353 1233 363 1248 ,
380 1215 412 1241 ut
420 1210 513 1249 facile
529 1210 610 1241 utilis
619 1210 774 1251 persecutio
788 1210 881 1240 detur.
907 1207 958 1238 Sic

88 1252 150 1284 illi:
173 1261 238 1283 non
263 1252 389 1291 quidem
416 1250 617 1290 fiinpliciter3
641 1250 693 1282 sed
711 1259 784 1282 cum
802 1250 861 1281 hac
876 1249 957 1289 adje-

90 1293 197 1324 ctione
214 1315 223 1330 ‚
262 1291 385 1333 exemplo
411 1293 617 1332 pigrzeratitiai.
656 1301 692 1323 ea
716 1301 796 1323 vero
822 1290 958 1330 adjectio

89 1334 173 1365 vult:
197 1341 230 1364 ut
248 1332 268 1364 fi
285 1342 333 1365 res
349 1333 449 1364 aliena
475 1334 600 1375 pignori
624 1333 765 1375 obligata
790 1332 826 1364 sit
850 1332 868 1363 a
893 1341 958 1363 non

87 1375 220 1406 domino
231 1374 280 1405 cui
293 1374 469 1406 dominium
486 1373 595 1414 postea
613 1374 849 1415 supervenerit:
864 1376 959 1405 inter-

86 1415 142 1455 fit,
165 1423 270 1447 utrum
293 1415 403 1447 scienti
427 1416 568 1457 obligata
589 1416 643 1454 sit,
667 1425 704 1447 an
722 1415 899 1457 ignoranti:
923 1424 960 1445 ac

86 1457 107 1490 li
123 1457 230 1489 scienti
247 1456 283 1489 fit
302 1457 460 1498 obligata,
477 1456 574 1491 cesset
590 1458 674 1489 utilis
692 1457 839 1488 Serviana
858 1456 957 1487 assio:

88 1498 132 1532 fin
156 1498 333 1540 ignoranti,
356 1509 393 1530 ea
415 1499 523 1530 locum
542 1499 675 1531 habeat:
699 1498 849 1530 suadente
865 1499 957 1538 aequi-

91 1547 177 1578 tate,
204 1541 313 1572 utilem
332 1540 469 1572 aCtionm
487 1541 640 1572 creditori
660 1541 723 1571 dai-i
737 1564 746 1579 ‚
774 1548 807 1571 ut
824 1539 959 1579 lmpcra-

89 1589 177 1614 tores
200 1582 303 1621 ajunt,
320 1583 358 1613 ad
377 1583 559 1622 exemplum
578 1582 790 1622 pigneratitiae
807 1580 958 1612 actionis:

89 1624 122 1656 in
140 1632 200 1664 qua
215 1624 310 1655 talem
327 1623 485 1654 observari
502 1623 734 1654 distinctionem
747 1646 755 1661 ‚
781 1623 894 1654 Paulus
910 1631 960 1652 au-

91 1665 159 1696 &or
179 1665 248 1695 estl
283 1667 327 1695 16.
348 1664 375 1705 §.
400 1673 423 1694 1.
444 1663 486 1695 D.
511 1666 543 1695 de
560 1666 754 1706 pigneratitia,
775 1663 896 1695 afflone.
919 1664 962 1694 ait

90 1715 197 1744 certe,
220 1708 320 1737 aliena
338 1716 372 1735 re
394 1705 519 1746 pignori
536 1706 625 1743 data,
644 1706 796 1737 creditori
813 1703 962 1736 adversus

91 1748 270 1779 debitorem
292 1747 329 1777 ad
349 1747 412 1777 hoc
429 1747 492 1777 dari
511 1747 701 1778 contrariam
720 1746 878 1777 aftionem
896 1747 962 1786 pig-

84 1789 296 1827 Vneratitiam:
329 1795 361 1818 ut
386 1797 445 1827 pro
472 1797 504 1818 re
529 1788 630 1819 aliena
648 1811 658 1826 ,
690 1797 784 1828 quarn
811 1787 962 1819 creditori

92 1830 218 1870 pignori
243 1829 350 1867 dedit,
375 1829 400 1858 ei
425 1829 516 1859 aliam
542 1828 676 1868 suijuris
699 1830 822 1869 pignori
848 1830 960 1860 tradat.

84 1872 152 1902 ‘nec
171 1878 275 1901 tamen
297 1869 338 1901 lie
356 1869 532 1901 indistincte
550 1869 657 1902 censet
674 1869 803 1901 Paulus:
827 1869 879 1901 sed
893 1869 915 1901 fi
931 1879 961 1900 a·

91 1912 173 1944 liena
190 1919 259 1949 res,
283 1918 441 1951 tamquam
466 1913 610 1952 propi-ia,
635 1911 794 1953 ignoranti
809 1911 961 1943 creditori

92 1954 220 1995 pignori
238 1954 308 1984 data
325 1951 371 1984 fit.
397 1954 485 1992 quod
501 1952 521 1984 ii
539 1952 647 1984 scienti
665 1954 824 1984 alienares
841 1952 877 1984 fit
897 1953 961 1993 pig·

90 1994 162 2026 nori
188 1994 320 2026 tradita:
346 1995 443 2035 inagis
470 1994 532 2025 ess'e
556 1994 669 2026 Paulus
693 1995 756 2032 ait,
781 2003 815 2025 ut
840 1995 869 2026 ei
886 2003 961 2025 con·

92 2036 184 2067 traria
201 2037 303 2067 danda
322 2044 385 2066 non
404 2035 448 2066 lit.
472 2035 595 2076 optima
611 2035 823 2068 distinctione.
847 2045 913 2066 non
931 2045 962 2065 e-

91 2078 155 2109 nim
175 2079 290 2117 patitui·
306 2076 390 2107 bona
407 2076 485 2108 fides
503 2086 562 2117 qua
581 2077 700 2118 regitur
716 2077 914 2117 pigneratitia
932 2086 962 2107 a·

91 2118 174 2157 ctio,
192 2119 391 2160 ignorantem
408 2118 602 2150 creditorem
624 2119 735 2150 alienae
751 2118 796 2150 rei
817 2119 962 2159 pignora-

91 2161 183 2191 tione
206 2160 448 2191 circumveniri:
475 2158 536 2190 five
553 2159 642 2201 scivit
660 2159 807 2198 debitor,
829 2161 962 2191 alienam

92 2200 171 2232 esse:
193 2200 255 2233 five
272 2199 480 2243 ignoravit3fi
498 2202 595 2232 modo
613 2202 771 2242 ignoranti
783 2210 851 2234 eam
864 2224 873 2240 ,
885 2209 962 2232 tam-

91 2251 187 2280 quam
209 2242 310 2280 suani,
335 2242 458 2282 pignori
484 2243 634 2283 tradidit3
658 2252 717 2274 nec
733 2251 799 2274 erat
817 2243 893 2282 ejtis.
914 2244 961 2281 ju-

90 2282 216 2315 stissime
237 2283 332 2323 igitur
358 2282 420 2314 hoc
445 2283 600 2315 debitoris
628 2284 829 2316 mendacium
850 2283 961 2315 officio

88 2323 208 2364 Judicis
226 2323 382 2356 contraria
397 2324 522 2356 actione
540 2335 580 2357 ex
598 2325 661 2357 fide
677 2326 762 2356 bona
780 2326 960 2365 coi-rigitur.

90 2364 210 2406 quodfi
227 2364 317 2397 scivit
334 2366 475 2397 creditor
491 2389 501 2405 ‚
531 2366 664 2398 alienam
682 2366 743 2398 effe
761 2375 827 2398 rein
846 2375 916 2406 quae
932 2366 960 2397 ei

90 2407 216 2448 pignori
241 2407 311 2437 data
331 2406 385 2438 fit:
408 2407 498 2438 aliter
515 2408 686 2439 dicendum
705 2407 759 2439 est.
791 2417 855 2439 non
877 2408 961 2446 enini

90 2455 157 2480 tum
175 2447 304 2480 debitor
319 2457 391 2479 eum
409 2449 538 2489 decepit
553 2448 701 2481 adversus
712 2449 828 2481 bonam
845 2448 960 2481 fidem:

90 2488 264 2531 magisipse
280 2489 310 2521 se
326 2489 464 2529 decepit.
487 2491 529 2521 ita
540 2491 627 2531 quod
644 2490 690 2522 est
705 2490 859 2522 debitoris
877 2499 962 2522 men-

90 2531 236 2569 dacium,
260 2533 349 2572 quod
373 2530 466 2571 poffit
489 2532 632 2564 creditor
657 2533 815 2563 contraria
834 2532 962 2563 actione

91 2571 262 2604 accusare?
287 2571 338 2603 sed
354 2581 459 2612 neque
476 2574 631 2605 convenit
647 2574 741 2605 bonae
759 2572 855 2612 fidei,
874 2573 962 2605 debi-

93 2620 196 2645 torem
214 2614 308 2654 cogi,
333 2621 366 2644 ut
381 2622 440 2654 pro
457 2615 558 2646 aliena
574 2624 608 2646 re
624 2623 686 2654 qua
701 2622 875 2647 contentus
895 2624 962 2645 cre-

93 2653 178 2684 ditor
200 2653 263 2685 fuit
278 2662 433 2695 ¹tempore
457 2656 520 2687 dati
537 2656 697 2697 pignoris,
720 2656 812 2687 aliam
831 2654 962 2696 suijuris

94 2693 267 2726 substituat.
296 2695 392 2736 igitur
409 2703 444 2727 ut
458 2696 659 2729 absolvamus
678 2698 705 2728 d.
721 2697 740 2728 l.
757 2708 787 2738 5.
807 2697 857 2728 ubi
876 2697 963 2737 ajunt

91 2733 314 2767 Diocletianus
330 2736 358 2767 ἃ
376 2736 601 2771 Maximianus.
630 2738 812 2780 aequitatem
835 2737 961 2777 facere,

92 2784 128 2808 ut
146 2776 279 2822 domino
303 2776 390 2823 sacto
413 2777 466 2817 qui
492 2779 625 2812 alienam
651 2789 716 2812 rem
740 2780 866 2821 pignori
885 2779 963 2811 obli-

93 2825 202 2859 gaVit‚
228 2817 379 2850 creditori
403 2817 497 2850 facile
523 2820 607 2853 utilis
632 2821 780 2853 Serviana
806 2821 898 2852 detur
924 2821 963 2851 ad

95 2859 278 2899 exemplum
294 2859 519 2900 pigneratitiae:
542 2862 618 2901 quid
636 2862 789 2903 reliquum
807 2861 870 2900 est3
890 2861 942 2893 nili
956 2885 963 2898 ‚

93 2908 132 2932 ut
156 2906 304 2941 putemus
322 2922 332 2938 ,
356 2909 412 2931 eos
437 2900 595 2941 ignoranti
620 2912 690 2935 eam
719 2904 793 2934 dare
813 2913 822 2942 ;
855 2903 963 2934 scienti

92 2951 158 2973 non
177 2942 266 2973 dare:
285 2950 325 2972 eo
345 2941 430 2979 quod
445 2942 582 2974 alteram
598 2942 703 2983 specie
718 2943 763 2975 est
780 2944 889 2982 causa,
908 2953 964 2975 cur

94 2982 200 3014 Edisti
225 2983 310 3024 rigor
327 2982 430 3022 aliqua
446 2982 643 3024 benignitate
659 2993 907 3026 attenipcretur:
930 2985 962 3016 in

95 3024 192 3056 altera
209 3033 272 3056 non
290 3022 334 3054 est
346 3023 362 3055 ἱ)
736 3034 739 3037 ·

136 3066 242 3104 Atque
259 3065 320 3096 huc
338 3064 439 3103 pergit
464 3064 651 3103 Papinianus
668 3066 688 3096 l.
710 3075 735 3098 1.
756 3067 798 3098 D.
818 3068 850 3097 de
864 3068 964 3110 pigno-

95 3107 174 3137 ribus
189 3106 226 3141 &
243 3106 421 3147 hypothecis:
438 3115 510 3137 cum
522 3130 532 3145 ,
550 3106 588 3138 In
594 3109 735 3148 speciem,
754 3108 878 3148 inquit,
897 3109 964 3140 alie-

96 3156 140 3178 nae
155 3149 197 3178 rei
211 3147 313 3179 collata
336 3148 521 3178 conventione
532 3171 541 3186 ,
559 3148 588 3186 fi
602 3158 658 3180 non
669 3148 737 3188 fuit
756 3150 781 3179 ei
794 3150 845 3189 qui
854 3151 964 3191 pignus

96 3189 181 3221 dabat
207 3190 318 3231 debita,
337 3185 434 3231 postea
456 3189 577 3224 debitori
593 3190 715 3224 dominio
731 3189 866 3232 qitaefito,
889 3189 962 3234 diffi-

1812 98 1878 134 311

1007 177 1089 208 cilius
1112 177 1247 208 creditori
1271 178 1322 218 qui
1345 187 1402 208 rion
1419 178 1569 219 ignoravit
1583 175 1732 215 alimum,
1753 174 1834 207 utilis
1848 186 1877 207 a·

1006 218 1059 249 &io
1077 219 1271 258 dabitur3Jecl
1281 219 1402 258 j'acilior
1417 221 1469 250 erit
1480 217 1632 260 poffiderzti
1645 218 1776 250 retentio.
1800 218 1876 249 Sen-

1005 259 1054 291 sus
1071 259 1228 300 Papiniani
1247 261 1309 298 est,
1335 261 1366 292 Si
1387 261 1487 292 aliena
1510 271 1558 293 rcs
1580 260 1620 291 ab
1642 269 1682 291 eo
1700 259 1750 290 cui
1769 258 1878 290 debita

1005 310 1071 332 non
1096 300 1153 339 sit,
1177 301 1354 342 specialiter
1381 302 1568 343 obligetur,
1593 302 1623 333 ὅ(
1647 300 1822 334 dominium
1847 300 1876 331 ei

1003 342 1223 382 superveniatx
1240 342 1386 374 intercise
1398 366 1408 382 ‚
1426 353 1529 375 utrum
1547 342 1706 385 ignoranti
1725 341 1877 374 creditori

1004 383 1143 425 obligata
1166 384 1220 422 sit,
1246 394 1282 415 on
1309 384 1436 417 scienti:
1464 393 1569 423 priore
1586 384 1670 416 enim
1689 384 1758 415 calu
1775 382 1876 415 credi-

1004 427 1066 456 tori
1085 425 1194 456 utilem
1212 426 1394 457 Sei-vinnam
1412 426 1572 458 actionem
1590 426 1673 458 dari:
1697 424 1876 466 posteriore

1005 475 1070 498 non
1087 467 1171 506 dari3
1196 467 1272 498 licet
1289 468 1478 507 poliidenti,
1502 467 1524 499 fi
1549 476 1565 498 a
1588 467 1737 499 debitore
1756 474 1876 498 conve-

1003 508 1124 546 niatur,
1149 509 1291 541 retentio
1315 518 1372 549 per
1395 509 1623 549 exceptionem
1649 508 1714 540 doli
1731 508 1803 540 mali
1822 507 1875 539 de-

1004 550 1147 590 neganda
1165 559 1229 580 non
1248 549 1292 581 iit.
1317 551 1359 582 At
1374 550 1457 582 enim
1473 559 1538 581 non
1555 557 1650 591 negat
1666 549 1876 591 Papinianus,

1004 591 1115 623 utilem
1138 590 1296 623 athonem
1321 590 1431 622 scienti
1451 592 1528 623 dari.
1553 591 1614 630 ait,
1638 591 1748 622 scienti
1767 590 1877 622 diffici-

1003 632 1062 663 lius
1081 633 1157 664 daii.
1182 632 1214 664 id
1229 642 1306 664 vcro
1325 631 1496 674 fignificat,
1513 631 1623 664 scienti
1641 641 1731 673 aeque
1747 632 1812 663 dari
1830 639 1875 662 at-

1003 682 1066 714 que
1090 673 1271 714 ignoranti:
1295 674 1370 705 huic
1396 682 1501 706 tamen
1530 673 1674 712 facilius,
1699 674 1743 706 illi
1763 672 1876 705 diffici-

1002 715 1072 746 lius.
1114 713 1176 746 Sed
1193 724 1293 756 apage
1309 716 1546 747 cavillationem
1563 714 1761 747 invenustam
1777 722 1874 754 atque

1002 756 1210 787 inconditam.
1243 766 1279 787 an
1303 757 1371 797 quis
1391 757 1492 789 fando
1515 757 1656 795 audivit,
1680 757 1777 788 licere
1794 754 1875 786 Prae-

1002 797 1082 834 tori,
1099 806 1171 827 cum
1190 797 1303 836 injure
1320 797 1512 838 postulatur,
1530 798 1657 830 facilem
1674 797 1735 829 effe
1751 795 1875 828 autdif-

1001 836 1148 870 ficilein?
1172 847 1272 879 nngae.
1307 841 1394 877 Quod
1420 841 1542 881 legibus
1567 848 1619 871 aut
1634 839 1778 871 moribus
1796 846 1875 869 con-

1002 879 1145 917 ceditur,
1170 880 1291 919 petenti
1317 879 1380 912 fine
1404 891 1493 913 mora
1510 905 1519 920 ,
1553 883 1641 921 quod
1667 880 1875 921 prohibetur,

1002 928 1196 958 numquam,
1220 929 1260 951 ne
1277 921 1426 954 instanter
1443 924 1570 962 quidem
1590 923 1619 954 ἂ
1637 922 1747 963 saepius
1765 930 1877 962 rogan-

1003 963 1044 999 ti,
1069 961 1235 1002 indulgere
1261 970 1332 992 eum
1359 971 1501 1002 oportet.
1534 963 1611 996 absit
1638 965 1754 1004 igitur,
1779 972 1813 995 ut
1837 962 1879 994 fit·

1002 1002 1102 1042 pienti
1127 1011 1164 1033 ac
1186 1002 1324 1046 principi
1347 1002 1578 1043 Jurisconsulto
1601 1005 1787 1047 affingamus
1811 1003 1878 1036 sen-

1003 1043 1156 1082 tentiam,
1179 1053 1196 1074 a
1219 1051 1343 1075 ratione
1368 1044 1397 1076 <St
1422 1046 1490 1085 jure
1509 1054 1573 1078 tam
1591 1047 1687 1088 longe
1705 1054 1875 1079 remotam.

1002 1085 1115 1130 melius
1131 1094 1224 1130 euin,
1241 1093 1312 1116 curn
1323 1086 1384 1125 ait,
1397 1085 1505 1119 scienti
1516 1088 1674 1121 difficilius
1685 1089 1750 1121 dari
1765 1087 1877 1121 utilem

1001 1126 1158 1157 aitioncm
1171 1149 1180 1164 ,
1198 1127 1239 1156 lic
1254 1127 1448 1165 accipiemus
1459 1152 1468 1166 ‚
1480 1138 1516 1160 ac
1531 1129 1551 1161 fi
1568 1130 1672 1169 dicat,
1692 1140 1760 1162 eam
1779 1129 1879 1161 scien-

1002 1168 1026 1198 ti
1043 1177 1106 1198 non
1125 1168 1208 1198 dai-i:
1226 1167 1372 1199 modesto
1389 1169 1418 1200 &
1433 1170 1555 1201 decoro
1575 1171 1727 1211 loquendi
1744 1180 1874 1213 genere.

1002 1217 1068 1249 quo
1080 1207 1290 1249 &Ulpianum
1309 1217 1442 1248 apparet
1459 1212 1504 1242 uti
1522 1212 1552 1242 in
1571 1211 1618 1242 liis
1635 1213 1741 1244 verbis
1758 1212 1880 1254 t.38.§.

1001 1260 1030 1290 4.
1049 1251 1090 1281 D.
1106 1250 1138 1280 de
1161 1249 1298 1281 AEdili'tio
1316 1249 1438 1290 Editio,
1461 1251 1669 1293 Jumentornm
1692 1254 1880 1294 appellatione

1001 1301 1041 1322 ari
1057 1301 1135 1322 omne
1152 1299 1240 1331 pecus
1262 1293 1464 1332 contineatur,
1488 1293 1664 1325 videamus?
1687 1294 1724 1329 ἐξ
1748 1294 1879 1327 difficile

1003 1332 1047 1363 est
1059 1356 1068 1371 ,
1093 1338 1126 1364 itt
1144 1334 1334 1364 contineatur.
1357 1344 1426 1365 nam
1441 1335 1523 1366 aliud
1536 1334 1709 1376 significarit
1721 1336 1879 1378 jumenta,

1002 1374 1084 1406 aliud
1094 1372 1284 1415 significatur
1296 1377 1406 1416 pecoris
1416 1376 1613 1417 appellatione.
1641 1376 1796 1418 Ulpianus
1814 1379 1856 1409 ait
1868 1401 1879 1418 ,

1002 1414 1117 1457 difficile
1141 1415 1212 1457 effe,
1238 1424 1270 1447 ut
1294 1417 1519 1457 contineatur,
1543 1419 1631 1459 quod
1661 1429 1756 1460 negat
1773 1420 1877 1451 conti-

1003 1457 1082 1488 neri.
1124 1457 1224 1489 Simili
1249 1459 1443 1489 verecundia
1468 1459 1499 1490 in
1523 1459 1542 1490 l.
1564 1470 1614 1500 23.
1633 1460 1675 1493 D.
1704 1462 1877 1501 Prosocz‘0‚

1003 1498 1079 1530 Poto
1089 1522 1098 1537 ‚
1117 1499 1239 1539 inquit,
1253 1501 1408 1530 omnimodo
1420 1509 1482 1530 eum
1499 1503 1590 1532 teneri
1604 1501 1665 1533 εἰω-
1673 1504 1786 1534 nornine
1795 1512 1879 1544 quern

1002 1541 1058 1579 ipse
1074 1540 1156 1579 solus
1180 1540 1306 1579 adinifii:
1328 1542 1398 1580 qnia
1422 1541 1553 1574 difficile
1579 1552 1596 1573 e
1646 1553 1769 1584 negare,
1793 1544 1878 1585 culpa

1002 1580 1091 1622 ipfius
1106 1580 1270 1620 admiffum.
1296 1580 1451 1622 Ulpianus
1468 1583 1531 1621 ait,
1547 1582 1663 1624 difficile
1678 1583 1730 1624 effe
1743 1594 1880 1626 negare,

1005 1623 1094 1661 quod
1119 1632 1184 1654 non
1211 1624 1280 1654 vult
1313 1624 1429 1664 negari.
1478 1623 1548 1656 Pari
1578 1626 1736 1657 modestia
1770 1626 1876 1668 lmpp‘.

1006 1663 1232 1696 Diocletianus
1249 1664 1278 1695 ὅ(
1297 1664 1512 1697 Maximianus
1528 1666 1547 1697 l.
1564 1669 1594 1697 6.
1616 1666 1649 1697 C.
1668 1668 1702 1698 de
1716 1666 1878 1700 aaronitas

1005 1707 1094 1746 empti
1108 1705 1145 1740 ὅ)
1159 1707 1272 1737 venditi
1289 1704 1439 1739 scribunt.
1479 1706 1602 1739 Venditi
1616 1707 1688 1739 afi‘io
1699 1733 1708 1747 ,
1728 1708 1755 1745 si
1769 1719 1826 1742 non
1843 1711 1879 1741 ab

1005 1748 1089 1778 initio
1112 1748 1194 1778 aliud
1218 1749 1372 1786 convenii,
1396 1758 1460 1780 non
1486 1747 1581 1782 facile
1606 1751 1644 1781 ad
1665 1751 1880 1791 rescindendam

1000 1788 1160 1829 perfeetum
1182 1790 1374 1834 venditionem
1388 1812 1398 1828 ,
1421 1790 1474 1831 sed
1497 1792 1536 1822 ad
1553 1794 1682 1832 pretium
1706 1793 1880 1834 exigendum

1006 1831 1146 1869 competit.
1194 1829 1403 1861 Diocletiano
1429 1832 1457 1863 &
1477 1831 1679 1864 Maximiano
1701 1833 1773 1865 Non
1786 1835 1881 1873 facile

1006 1872 1136 1911 competit
1151 1870 1214 1908 est,
1233 1880 1297 1902 non
1317 1874 1493 1913 competit:
1516 1882 1552 1905 ut
1575 1883 1705 1915 apparet
1727 1885 1768 1907 ex
1785 1876 1805 1908 l.
1831 1885 1880 1909 12.

1007 1912 1040 1943 C.
1061 1914 1094 1943 de
1111 1914 1152 1943 rei
1167 1913 1373 1945 vindicatione.
1416 1912 1540 1946 Poss'em
1564 1916 1652 1955 plura
1671 1916 1797 1949 adferre
1813 1918 1881 1958 ejus

1007 1954 1182 1985 locutionis
1206 1955 1370 1994 exempla:
1397 1954 1451 1986 nisi
1475 1956 1525 1987 illa
1542 1955 1733 1990 sufficerent.
1759 1969 1819 1990 nec
1837 1968 1883 1990 ta-

1006 2004 1078 2041 men
1097 1995 1175 2040 mihi
1200 1997 1373 2035 pei-mitto3
1397 2005 1436 2027 ne
1454 1998 1595 2037 adjiciam
1617 1999 1821 2040 Papinianum
1840 2001 1880 2032 de

1005 2045 1094 2076 cujus
1110 2037 1264 2068 tententia
1282 2038 1471 2069 laboramus.
1495 2040 1591 2079 igitur
1607 2040 1796 2081 Papinianus
1817 2042 1836 2072 l.
1848 2038 1878 2074 8.

1005 2077 1050 2109 D.
1075 2079 1108 2108 de
1131 2078 1277 2109 collatione
1302 2080 1438 2110 horrorum
1455 2082 1572 2113 eodem
1590 2082 1714 2122 prorsus
1732 2083 1878 2124 pudore,

1006 2118 1180 2160 Bentgm‘or,
1204 2120 1308 2160 inquit
1326 2143 1336 2157 ,
1369 2119 1408 2159 est
1432 2122 1546 2161 diversit
1566 2124 1730 2161 sententia:
1753 2126 1878 2156 rrzaxiiiie

1006 2171 1070 2191 cum
1087 2162 1119 2191 de
1137 2162 1215 2191 bonis
1235 2162 1365 2202 parentii
1380 2164 1456 2193 inter
1466 2163 1581 2203 fratres
1598 2167 1770 2205 disputetur.
1796 2176 1880 2208 quem.

1006 2208 1101 2232 tamen
1116 2202 1241 2239 facilius
1265 2204 1477 2237 admittendum
1501 2203 1649 2245 existimo,
1669 2205 1696 2245 fi
1711 2209 1791 2239 inira
1810 2214 1879 2238 tem-

1000 2251 1058 2284 pus
1080 2245 1178 2274 (leiatae
1198 2242 1367 2284 poffiffiom's
1391 2246 1551 2276 cautionem
1579 2246 1692 2288 offerat.
1730 2259 1799 2280 riam
1815 2246 1878 2290 post

1004 2295 1115 2315 cinnum
1131 2295 1219 2326 quom
1235 2285 1330 2315 delata
1344 2285 1408 2326 affec
1424 2288 1561 2318 bonorum
1573 2287 1694 2329 poffeffio
1707 2313 1715 2327 ‚
1739 2294 1878 2321 volunta-

1004 2327 1079 2356 riam
1096 2336 1204 2356 moram
1220 2327 1362 2357 curationis
1377 2329 1527 2360 admittere
1538 2353 1546 2368 ,
1562 2329 1710 2370 tlfflcilius
1728 2330 1776 2371 esi.
1814 2330 1880 2363 Ha-

1004 2367 1116 2398 bemus
1134 2366 1294 2407 Papiniani
1311 2367 1442 2400 sensum.

1048 2407 1120 2439 Nec
1145 2408 1254 2441 resistit
1283 2408 1395 2441 Paulus
1413 2411 1432 2441 l.
1449 2420 1500 2450 41.
1522 2411 1563 2442 D.
1588 2412 1621 2442 de
1639 2414 1833 2455 pigrzercztitia
1847 2424 1880 2446 a-

1005 2449 1116 2488 trione,
1141 2450 1246 2482 verbis
1271 2449 1488 2491 sequentibus.
1532 2452 1604 2483 Rem
1627 2454 1882 2497 alienampignuri

1005 2489 1122 2531 decitflm
1140 2488 1239 2522 deiude
1254 2493 1385 2523 domiuus
1400 2494 1511 2534 reiejus
1526 2493 1578 2534 effe
1593 2493 1718 2536 coepisti.-
1740 2498 1830 2529 datur
1846 2508 1881 2529 u-

1005 2533 1063 2563 tilis
1078 2532 1152 2563 citiio
1163 2534 1354 2574 pigneroiitio.
1370 2535 1512 2566 creditori.
1550 2537 1623 2567 Non
1643 2535 1681 2577 esi}
1698 2539 1770 2569 idem
1785 2540 1881 2570 dicen-

1005 2576 1093 2612 dum,
1107 2573 1136 2612 fi
1161 2584 1208 2615 ego
1237 2573 1330 2612 Titio,
1354 2576 1405 2615 qui
1430 2585 1489 2606 rein
1511 2586 1601 2608 vietam
1626 2579 1804 2620 obligaverat
1815 2579 1881 2618 fine

1005 2625 1067 2646 mea
1085 2616 1236 2656 voluntate
1248 2639 1256 2654 ‚
1275 2615 1353 2646 heres
1368 2618 1506 2648 extitero.-
1522 2618 1664 2658 oocdenim
1681 2622 1761 2652 modo
1774 2621 1879 2663 pigrio-

1005 2659 1046 2688 ris
1054 2660 1210 2697 persecutio
1227 2658 1403 2688 concedenda
1422 2669 1478 2690 nori
1497 2657 1534 2699 est
1550 2661 1690 2692 creditori.
1717 2671 1806 2704 neque
1822 2665 1882 2694 uti-

1006 2697 1184 2770 guesufficit
1200 2699 1237 2728 ad
1256 2701 1466 2738 competendam
1481 2701 1582 2732 utilem
1604 2703 1825 2745 pignerazitiam
1850 2715 1879 2735 ci-

1036 2749 1145 2777 zonem,
1168 2740 1293 2770 eurtidem
1311 2739 1361 2780 ‘’ff-‘1'
1378 2742 1522 2773 doiriinum
1545 2744 1595 2784 qui
1617 2746 1705 2776 etiarn
1725 2747 1880 2786 pecuniarii

1007 2782 1096 2812 debet.
1135 2779 1190 2811 Seci'.
1200 2778 1230 2818 fi
1246 2781 1416 2822 convenisset
1426 2784 1462 2814 de
1471 2784 1612 2825 pignore,
1637 2791 1670 2817 ut
1685 2795 1723 2818 ex
1731 2788 1785 2826 fito
1802 2796 1880 2816 meri-

1009 2823 1088 2852 clocio
1114 2827 1279 2862 arguatur,
1303 2823 1423 2863 improbe
1447 2823 1550 2866 refisiit
1565 2849 1575 2865 ,
1605 2837 1659 2869 quo
1680 2829 1777 2859 mimis
1800 2827 1882 2858 utilis

1008 2861 1081 2893 ocho
1098 2870 1257 2910 iiioveatzi'r.
1302 2862 1474 2898 Tratftatur
1491 2876 1507 2898 a
1527 2867 1625 2899 Paulo
1640 2868 1759 2909 duplex
1775 2867 1880 2907 casus,

1010 2912 1144 2944 uterque
1167 2905 1278 2936 ordine
1304 2906 1521 2946 explicandus.
1544 2917 1617 2941 ante
1642 2910 1747 2941 omnia
1771 2916 1880 2941 autem

1007 2944 1263 2991 observandum,
1289 2956 1382 2987 quam
1400 2948 1514 2982 Paulus
1533 2958 1629 2982 vocat
1645 2951 1753 2981 utilem
1770 2950 1880 2990 pigne-

1006 2988 1143 3019 ratitiam
1167 2987 1344 3028 actionem,
1376 2989 1441 3022 ess‘e
1465 2992 1575 3023 utilem
1602 2990 1878 3032 hypothecariam.

1008 3028 1099 3059 aliter
1113 3037 1150 3060 ac
1167 3028 1265 3061 visum
1286 3029 1368 3070 Juris
1387 3031 1484 3063 nostri
1502 3031 1711 3064 Architectis:
1735 3032 1788 3072 qui
1806 3033 1881 3075 lapfi

1008 3079 1116 3101 errore
1141 3071 1349 3111 pigneratitiae
1377 3072 1511 3104 aetionis
1528 3096 1538 3112 ,
1563 3081 1635 3104 eum
1658 3072 1746 3105 Pauli
1772 3073 1880 3108 locum

1007 3109 1061 3157 sub
1086 3109 1201 3143 Titulo
1220 3136 1230 3151 ,
1263 3113 1311 3144 De
1329 3114 1524 3154 pigrieratitia
1546 3113 1675 3152 actione,
1698 3113 1729 3146 in
1755 3123 1816 3157 qua
1841 3119 1882 3150 de

1005 3153 1206 3193 pigneratitia
1238 3154 1268 3185 in
1301 3156 1467 3194 personam
1492 3155 1596 3196 agitur
1616 3179 1626 3193 ,
1660 3156 1879 3196 collocarunt:

1005 3202 1078 3229 cum
1095 3193 1274 3233 debuissent
1292 3205 1364 3231 eum
1383 3204 1506 3237 ponere
1525 3195 1581 3229 iub
1597 3194 1745 3243 Titulo,
1757 3198 1806 3236 De
1817 3202 1882 3243 pig.

1802 3245 1877 3275 riori·
