2036 3495
145 89 214 135 358

148 176 247 209 faciat
263 174 462 208 mentionem
478 168 647 201 cautionis.
691 166 768 199 Non
786 168 876 207 aequ‘e
895 165 1022 206 probo,

152 219 241 259 quod
264 214 447 255 fimpliciter
473 211 516 242 ait
540 209 743 255 Ranchinus,
761 208 792 247 se
806 206 1021 254 restituturum.

152 265 218 291 non
236 253 412 295 enimjuffit
429 252 685 290 Praetor,caveri
703 250 742 280 de
759 249 951 280 restituenda
967 257 1022 286 re,

98 330 101 337 ,
153 300 206 331 sed
226 299 266 329 de
281 294 476 328 restituendo
493 302 534 324 eo
552 293 639 332 quod
657 290 780 322 extabit
793 291 821 321 d.
837 290 858 320 l.
882 298 909 320 1.
941 287 1022 320 Prae-

153 349 239 371 terea
261 337 344 378 fugit
371 335 591 371 Ranchitium,
616 333 703 373 quod
721 332 824 363 edixit
842 330 963 362 Praetor
983 331 1023 361 de

152 389 248 422 poena
265 387 329 410 noti
347 375 493 417 praestitae
510 374 738 406 satisdationis:
755 380 826 413 quae
842 380 937 412 poena
955 370 1022 416 est3

153 431 206 459 uc,
226 420 245 451 fi
261 428 324 450 non
343 418 467 449 satistlat
485 415 690 453 fructuarius,
707 415 736 446 ei
751 415 927 453 denegetur
940 412 1024 443 astro

152 463 171 493 l.
194 471 240 502 13.
256 459 300 495 D.
321 461 354 491 de
373 457 540 498 tijafruftu.
577 457 640 488 Sed
659 457 690 487 ὅ(
715 455 736 487 si
754 454 823 486 usus
839 454 903 486 fine
919 452 1024 484 fructu

152 504 275 543 legatus
290 503 371 536 ei·it;
388 500 492 531 voluit
502 499 642 536 Praetor,
658 498 807 536 adempta
822 494 944 526 fruetus
953 502 1025 525 cau-

153 543 202 581 sa,
226 542 362 574 satisdari
380 541 447 572 d.-l.
469 551 496 580 5.
514 540 542 582 ᾗ.
556 545 580 571 1.
600 537 695 570 Nuiia
711 539 805 578 igitur
821 536 882 567 erit
898 544 957 576 per
972 542 1025 565 me

154 594 260 618 mora:
285 593 325 615 ne
343 582 491 614 Edictum
509 584 546 612 ad
564 580 650 612 hunc
666 579 866 619 concipiatur
881 577 1025 608 niodum.

154 626 289 668 Si‘cujus
306 626 348 657 rei
364 623 548 664 ususfructus
569 621 680 663 legatus
695 619 747 665 effe
760 620 889 654 dicetur.-
905 617 1028 664 jubebo,

154 668 330 709 legatarium
337 667 502 705 satisdare,
518 662 639 703 usurum
648 663 822 702 fruiturum
837 661 865 698 le
882 660 946 689 bom·
967 659 1028 688 vin

154 710 320 741 arbz'traia:
343 707 380 742 ἐξ)
395 716 459 738 cum
476 703 661 745 ususfrustus
671 704 714 734 'ad
728 712 793 733 eum
802 701 945 741 pertinere
957 697 1027 737 desi-

153 756 219 789 net,
242 753 317 792 quod
340 750 406 780 inde
425 748 535 778 extabit
551 744 757 786 restituturum
772 744 796 773 ei
813 743 851 773 ad
865 750 949 783 quem
964 747 1028 781 per-

155 793 275 830 tinebit,
284 790 313 830 si
330 793 396 830 usus
406 786 585 828 finefruftu
600 787 711 828 legatus
725 786 799 823 erit,
815 784 948 822 adempta
955 782 1027 821 fru-

156 833 219 865 etus
237 830 341 870 causa,
357 831 500 871 ¹latisdari
509 829 622 871 jubebo.
649 826 677 865 fi
692 837 749 857 non
765 825 923 870 satisdabit
939 823 1027 854 abitio-

156 885 222 906 nem
237 884 294 906 non
309 874 389 905 dabo.
417 869 717 910 Restitui,utdebui
729 892 738 908 ,
757 865 861 899 Edich
876 863 1025 897 formam.

159 924 245 949 nunc
264 915 385 946 sensum
403 914 498 945 dab0.
801 927 815 929 ν·
999 946 1005 951 .

203 957 256 989 Ait
272 957 407 989 Praetor.
431 955 464 986 Si
476 953 559 995 cujus
575 952 617 983 rei
633 948 819 992 ususfruft'us
836 948 946 990 legatus
963 952 1029 977 em.

159 998 240 1032 Haec
256 998 373 1036 verba,
389 995 419 1035 fi
434 996 516 1038 cujus
532 995 590 1032 rei,
608 993 671 1025 five
690 992 711 1024 fi
728 992 857 1031 alicu3us
874 991 917 1021 rei
930 1011 940 1027 ,
958 996 1031 1033 cum

160 1040 318 1082 generalia
334 1038 411 1078 (int,
435 1038 465 1070 δι
488 1037 552 1069 late
569 1041 720 1076 pateant-3
743 1039 892 1073 apparet,
916 1029 1030 1076 qual-is-

160 1081 362 1122 cumque-rei
378 1080 501 1122 legatus
517 1077 553 1110 fit
568 1075 780 1112 ususfructus,
804 1073 868 1105 sive
883 1071 1032 1117 mobilis,

159 1123 225 1155 five
244 1122 436 1161 immobilis,
460 1120 642 1152 cautionem
666 1126 683 1148 a
708 1115 849 1147 Praetore
868 1112 1033 1152 desiderari

161 1166 182 1197 l.
204 1174 230 1196 1.
245 1164 275 1206 §.
295 1173 320 1196 1.
345 1163 385 1196 D.
409 1160 659 1203 Qsufruhiuarius
674 1156 909 1199 quemadmodum
920 1158 1033 1198 caveat.

201 1208 256 1238 Ait
272 1206 394 1238 Praetor
406 1227 416 1242 ,
443 1200 650 1242 Uficsfruftus.
677 1199 772 1240 igitur
795 1196 817 1229 fi
835 1198 957 1243 legatus
975 1200 1035 1225 erit

162 1247 293 1287 alicujus
309 1247 353 1278 rei
371 1243 586 1281 ususfructus,
602 1243 642 1273 de
652 1250 693 1272 eo
710 1235 1032 1281 satisdarijubetPr3ae-

162 1296 225 1320 tor.
248 1289 399 1328 idemque
416 1285 480 1324 est,
502 1284 524 1317 fi
542 1283 610 1315 usu's
626 1283 689 1314 fine
705 1281 809 1313 fructu
826 1280 948 1324 legatus
964 1283 1035 1323 erit.

162 1338 236 1362 nam
254 1330 284 1361 &
302 1337 370 1360 turn
396 1329 545 1367 adempta
561 1324 682 1356 fruetus
702 1321 794 1354 causa
811 1320 949 1365 satisdari
962 1341 970 1356 ‚
988 1326 1034 1357 Ju-

161 1370 219 1402 bet
242 1369 373 1402 Praetor.
399 1370 463 1400 hoc
477 1367 613 1400 merito:
636 1373 671 1396 ut
687 1365 726 1396 de
740 1362 808 1394 solo
826 1363 899 1405 usu,
921 1367 987 1391 non
1003 1367 1035 1389 e·

162 1412 240 1445 tiam
257 1412 297 1444 de
315 1410 476 1443 usufruflu
493 1414 642 1440 caveatur
658 1407 685 1436 d.
704 1406 723 1436 l.
739 1415 769 1444 5.
786 1403 816 1445 ξ.
840 1411 864 1433 1.
883 1401 991 1446 suadet
1006 1408 1035 1429 e-

163 1454 230 1485 nim
248 1454 348 1492 ratio,
365 1453 452 1492 quod
466 1451 505 1481 de
523 1447 683 1480 uinfructu
692 1446 876 1486 proditum,
892 1442 942 1488 vel
958 1449 1037 1486 inu-

163 1494 199 1526 su
215 1493 385 1526 observari.
404 1500 480 1532 ergo
492 1491 520 1521 ἂ
537 1488 559 1521 fi
575 1488 695 1520 fructus
710 1485 773 1518 fine
791 1483 844 1516 usu
861 1484 1035 1530 obtigerit:

164 1535 272 1575 (quod
289 1532 461 1574 aliquando
476 1530 543 1562 fieri
555 1553 564 1568 ,
580 1528 719 1561 ostendit
734 1526 872 1566 jacobus
889 1524 1037 1564 CuJacius

164 1577 212 1608 lib.
234 1585 279 1616 13.
299 1574 412 1614 Observ
426 1583 450 1604 c.
471 1582 518 1605 12.
537 1580 577 1603 ex
595 1571 614 1602 l.
634 1579 681 1609 14.
697 1568 727 1610 §.
743 1568 799 1614 ult3
819 1566 860 1598 D.
876 1567 909 1597 de
927 1570 982 1604 usu
1000 1563 1037 1599 ἐξ

164 1617 357 1655 habitatione)
373 1614 532 1655 stipulatio
558 1613 666 1645 locum
685 1609 860 1655 habebssfl-
879 1608 898 1638 l.
914 1617 945 1648 5.
960 1605 999 1653 §3
1010 1615 1037 1637 2.

163 1658 258 1699 quid,
282 1656 304 1689 fi
327 1656 501 1694 habitatio,
525 1654 578 1685 vel
598 1661 705 1693 operae
723 1651 862 1682 hominis
880 1650 933 1681 vel
950 1656 1038 1694 cujus

161 1700 290 1731 alterius
313 1698 456 1729 animalis
479 1696 596 1728 relissae
622 1692 766 1726 fuerint?
791 1698 919 1732 poterat
935 1690 1039 1728 aliqua

164 1740 227 1773 esse
244 1740 422 1772 dubitatio:
445 1739 517 1779 quia
533 1738 563 1769 in
581 1736 630 1768 his
653 1743 757 1774 neque
777 1741 881 1764 merus
897 1730 1038 1769 fructus,

163 1791 269 1822 neque
288 1789 392 1812 merus
413 1779 483 1812 usus
502 1779 556 1810 est.
580 1776 632 1809 sed
651 1775 792 1816 Ulpiano
808 1772 908 1819 visum
923 1773 952 1804 d.
971 1772 991 1803 t.
1005 1781 1035 1812 5.

164 1824 193 1866 ᾗ.
214 1824 268 1854 ult.
289 1823 342 1854 hic
360 1831 492 1864 quoque
509 1820 679 1851 admittere
697 1816 946 1847 satisdationem.
972 1822 1039 1844 ver-

165 1866 204 1896 ba
224 1864 360 1905 Ulpiani.
394 1863 435 1895 Et
456 1861 485 1901 fi
506 1860 644 1893 habitatio
661 1858 706 1890 vel
730 1864 816 1898 opcrae
834 1856 972 1902 hominis,
995 1853 1041 1885 vel

167 1907 252 1948 cujus·
267 1906 387 1937 alterius
404 1903 538 1936 animalis
556 1901 659 1933 relietae
684 1900 816 1938 fuerint,
832 1895 985 1938 stipulatio
1001 1896 1040 1926 lo-

167 1958 233 1979 cum
253 1948 381 1978 babebit:
402 1947 467 1977 lz'cet
485 1952 537 1985 per
558 1943 654 1975 omnia
678 1943 734 1972 haec
750 1938 965 1980 usumfructum
981 1946 1040 1968 non

168 1990 335 2020 {initantum
370 1987 422 2019 Sic
442 1988 564 2018 editur:
584 1984 634 2015 sed
652 1983 862 2014 scribendum.
892 1979 975 2010 Licet
988 1986 1040 2024 per·

169 2033 265 2062 omnia
279 2030 335 2061 haec
350 2030 434 2068 usum
450 2026 624 2068 frustumve
642 2034 699 2056 non
717 2024 882 2054 imitamur.
915 2020 1040 2051 ostendi

167 2072 201 2103 id
221 2071 417 2103 Probabilium
432 2071 482 2101 lib.
503 2079 531 2109 53.
553 2078 578 2099 c.
597 2071 624 2101 8.
644 2074 704 2097 nec
720 2065 781 2112 jain
799 2071 887 2104 agam
904 2062 1018 2106 assum,

210 2113 323 2145 Potius
341 2111 479 2143 transibo
497 2110 535 2141 ad
552 2109 572 2140 l.
583 2113 612 2140 6.
632 2107 669 2138 Ι),
687 2107 744 2136 eod.
757 2110 802 2135 tit.
822 2114 851 2135 in
871 2112 930 2149 qua
946 2102 1041 2133 vacil-

170 2154 213 2186 lat
232 2154 461 2194 exemplarium
483 2151 572 2183 ficies.
619 2147 791 2181 Florentiae
806 2145 939 2177 exhibet
955 2142 1042 2174 Tau-

171 2195 289 2226 rellius.
334 2195 412 2225 Idem
429 2192 467 2234 est
493 2192 528 2227 {5⁹
543 2194 574 2223 in
588 2192 685 2222 reditu
696 2188 815 2229 praedii:
830 2183 958 2224 ficulist
976 2186 1043 2216 vin-

172 2238 265 2268 demia
280 2236 374 2277 legata
391 2235 473 2276 effer,
498 2233 544 2265 vel
559 2230 665 2273 meffis:
683 2229 819 2271 quamvis
837 2237 873 2259 ex
887 2225 1045 2267 usufruftu

172 2287 205 2309 ea
217 2279 428 2318 percipiantur.
469 2285 531 2317 quae
547 2274 641 2315 legata
654 2277 741 2302 morte
759 2271 896 2311 legatarii
912 2270 949 2299 ad
967 2269 1042 2298 here-

175 2320 238 2350 dem
256 2320 387 2349 redeunt.
432 2317 517 2349 Alias
535 2315 661 2356 legitur.
702 2312 780 2344 Idem
795 2309 833 2349 esi.
850 2310 887 2345 ὃ
903 2311 933 2340 in
949 2310 1045 2340 reditu.

169 2361 290 2402 praedz'i:
301 2356 427 2398 ficutifi
442 2358 589 2389 vindemia
605 2356 699 2397 legata
708 2352 749 2392 fit
765 2349 928 2392 velmeffis:
945 2360 1044 2398 quarn-

173 2405 220 2433 vis
232 2411 268 2432 ex
276 2399 434 2440 usufructu
450 2409 483 2430 ea
492 2398 696 2440 percipiantur
707 2418 716 2433 ,
732 2400 875 2434 morteque
890 2393 1044 2434 legatarii,

174 2444 212 2474 ad
229 2443 354 2473 heredem
368 2443 475 2472 redeat.
514 2441 556 2471 ita
575 2437 769 2470 Haloarider.
807 2434 876 2465 sunt
890 2441 1044 2480 praeterea

174 2484 364 2524 conjettuiae
387 2481 543 2513 Francisci
571 2477 717 2512 Connani
734 2477 781 2508 lib.
801 2486 830 2514 22.
851 2475 927 2506 Com.
940 2484 1000 2516 yur.
1018 2484 1044 2506 c.

174 2535 204 2565 5.
222 2535 251 2555 π.
268 2535 295 2565 3.
314 2525 342 2555 ὅ(
362 2523 492 2555 Antonii
511 2521 621 2560 Fabri,
646 2518 825 2551 Rationalib.
865 2516 947 2562 Sed,
967 2525 1042 2562 ‘mea

175 2564 481 2603 sentcntia,constat
498 2565 578 2595 ratio
597 2560 787 2593 Florentinae
804 2558 942 2590 lectioni.
962 2567 996 2604 .¹¹¹
1012 2567 1049 2589 ea

176 2607 346 2647 quaeritur,
370 2606 390 2636 fi
409 2607 529 2646 legatus
545 2603 581 2636 fit
599 2603 687 2635 fundi
706 2602 842 2637 reditus,
866 2606 920 2630 aut
937 2598 1047 2631 Vinde-

175 2651 258 2684 mia,
283 2654 336 2678 aut
353 2647 471 2678 meffis:
497 2655 535 2677 an
553 2653 698 2677 teneatur
719 2641 887 2683 legatarius
904 2639 1049 2680 praestare

177 2688 382 2724 fructuariam
403 2687 611 2718 cautionem?
635 2685 712 2717 alius
740 2683 825 2714 enim
850 2680 895 2713 est
912 2679 1048 2726 ususfru-

178 2733 246 2765 ctus
263 2729 369 2770 praedii
385 2751 395 2765 ,
419 2728 494 2760 alius
511 2729 628 2759 reditus
647 2750 656 2763 ,
680 2733 733 2758 aut
756 2723 858 2756 meffis
874 2746 883 2760 ,
907 2730 961 2753 aut
979 2731 1048 2754 vin-

180 2773 294 2807 demia.
318 2778 389 2801 nam
407 2768 594 2800 ususfruetus
613 2768 658 2799 cst
678 2770 726 2808 jus
746 2764 943 2806 percipiendi
967 2764 1049 2796 redi-

180 2823 248 2848 tum
264 2812 315 2844 vel
333 2809 459 2841 messem
471 2832 480 2846 ,
504 2810 555 2839 vel
573 2810 782 2845 vindemiam,
805 2815 845 2838 ex
862 2805 976 2837 fundo.
1001 2815 1048 2837 re-

178 2858 285 2894 ditus,
307 2851 429 2889 meffiS‚
448 2849 622 2885 vindemia,
638 2850 681 2882 est
700 2848 788 2891 quod
799 2857 840 2879 ex
856 2847 964 2888 praedii
984 2846 1050 2878 usu·

178 2897 284 2931 fruCtu
304 2892 487 2934 percipitur.
535 2889 585 2920 De
603 2892 706 2922 reditu
723 2892 823 2930 liquet
840 2898 879 2920 ex
897 2889 914 2919 l.
933 2891 983 2929 38.
1004 2887 1047 2919 D.

184 2942 218 2972 de
232 2939 286 2975 usu
301 2935 336 2971 δ’
354 2931 507 2974 αΙὶιῘνυὲἶα
522 2931 623 2972 legato.
662 2931 770 2963 Meffis
786 2939 891 2961 autem
907 2928 948 2961 fic
965 2929 1048 2968 apud

182 2980 336 3023 justinum
362 2974 515 3015 accipitur
539 2972 586 3002 lib.
605 2981 652 3008 24.
671 2982 694 3002 c.
714 2982 743 3011 7.
770 2972 911 3003 Prohibiti
926 2968 1049 3012 agrestes

182 3020 307 3054 oraculis
316 3018 479 3058 feruntur,
497 3012 590 3053 meffes
605 3014 731 3052 vinaque
747 3013 825 3042 villis
839 3012 945 3053 efferre.
973 3011 1048 3043 Non

183 3065 280 3105 igitur
305 3060 429 3091 videtur
443 3055 587 3088 Edictum
605 3055 691 3092 quod
709 3054 748 3084 de
767 3054 871 3091 legato
890 3052 1049 3084 usufructu

186 3112 240 3136 aut
259 3101 311 3132 usu
329 3100 490 3139 loquitur,
514 3097 674 3136 pertinere
689 3094 735 3139 ‘ad
759 3093 893 3132 legatum
912 3095 1049 3133 reditus,

188 3144 310 3181 meffis,
334 3150 385 3172 aut
408 3138 576 3171 vindemiae
600 3135 727 3175 praedii:
753 3142 823 3177 quia
841 3134 960 3171 mefl'is,
985 3137 1049 3166 vin-

190 3185 310 3224 demia,
327 3182 465 3222 reditus,
481 3188 547 3214 riou
563 3176 608 3212 est
621 3177 691 3218 jus,
713 3182 748 3208 ut
770 3173 977 3211 mussi-utitis,
1000 3175 1052 3209 feti

746 78 1074 116 GERARBI'

1116 74 1352 111 Nooui-

1063 164 1162 204 magis
1184 163 1230 195 est
1254 173 1373 205 corpus
1399 162 1551 209 quodex
1567 162 1728 211 usufructu
1741 159 1938 209 percipitare

1065 205 1178 238 Paulus
1193 210 1300 237 tamen
1320 213 1428 246 putat,
1444 204 1591 236 Edictum
1607 212 1702 237 etiam
1720 208 1758 238 ad
1776 208 1851 240 tales
1867 210 1936 242 fora

1065 248 1164 278 mulas
1180 245 1356 286 respicere:
1382 256 1423 277 eo
1441 246 1528 287 quod
1544 245 1599 277 sub
1615 246 1663 277 his
1676 247 1864 289 plerumque
1880 256 1935 283 auu
1988 242 1994 247 ’
2030 265 2036 301 :¹

1065 286 1131 328 ipse
1146 289 1332 319 continetur
1348 286 1538 320 ususfructus
1549 308 1559 326 ,
1576 295 1630 319 aut
1642 288 1691 328 Jus
1707 288 1839 329 aliquod
1854 290 1937 323 usuia

1065 328 1183 360 fructui
1199 337 1264 360 non
1281 328 1441 361 diffimile:
1467 336 1541 359 cum
1558 329 1671 369 utique
1687 329 1760 361 talia
1778 330 1881 370 legata
1897 337 1939 363 ais
1963 354 1966 358 Α

1067 378 1131 410 que
1147 370 1185 401 ad
1203 369 1355 402 heredem
1371 369 1512 410 legatarii
1527 377 1632 401 morte
1650 378 1871 412 reverta-ntur,
1892 379 1939 404 ata

1067 419 1130 451 que
1144 410 1337 442 ususfructus
1353 419 1457 442 morte
1473 410 1645 442 fructuarii.

1091 450 1161 492 'Ait
1175 452 1317 488 Praetor,
1341 452 1470 494 Legatus
1482 453 1549 483 erit.
1574 453 1734 492 Apparet,
1756 461 1830 486 eum
1845 450 1944 495 loqu-11

1068 492 1108 524 de
1125 491 1231 533 legato
1239 492 1411 525 usufructu.
1435 492 1488 525 sed
1498 493 1614 525 utilitas
1625 494 1806 534 praestandae
1817 498 1945 527 cautio:

1068 535 1116 565 nis
1138 532 1221 565 fecit
1240 545 1248 566 :
1276 540 1311 565 ut
1336 535 1432 566 eti-am
1448 558 1458 572 ,
1481 534 1502 565 ii
1525 534 1795 575 fideicoinmiffo,
1825 538 1943 569 mortis·
1976 555 1978 561 .
2032 553 2036 563 =

1068 575 1160 606 eausa
1183 576 1377 613 donatione,
1397 576 1514 615 judicis
1540 576 1713 615 sententia,
1730 578 1789 609 ivel
1811 579 1869 609 alia
1891 588 1945 610 ra·-

1069 617 1179 655 tione,
1196 616 1421 657 constituatur,
1434 617 1514 648 <licet
1529 616 1633 649 Edisti
1650 618 1916 651 verba-'deficiant‘
1926 626 1948 660 ,‘

1070 665 1176 689 tamen
1198 666 1238 688 ex
1255 657 1320 697 ejiis
1333 657 1488 693 sententia
1506 659 1678 698 praestan'da
1693 660 1837 692 videatur
1856 660 1951 693 {atis-²

1071 700 1158 730 datio
1184 699 1203 730 l.
1225 706 1251 730 1.
1276 699 1305 740 §.
1326 698 1413 730 2.=D.
1438 698 1690 739 Ulufrustuarius
1703 704 1945 742 quemadmodum

1069 740 1218 779 caveatd.
1229 750 1258 780 4.
1271 742 1304 771 C.
1321 742 1355 771 de
1366 740 1537 780 rzfitfruftu.
1559 742 1656 781 idque
1665 743 1709 773 eit
1727 744 1813 783 quod
1833 742 1951 781 Ulpia-⁴

1070 791 1127 813 nus
1145 781 1165 812 l.
1187 790 1234 822 13.
1252 780 1292 812 D.
1311 783 1369 812 eod.
1386 783 1511 820 zitsait,
1528 782 1684 822 Julianum
1702 782 1848 825 scripsisse
1860 808 1869 824 ‚
1883 785 1942 816 hac

1071 824 1109 854 ad
1124 832 1232 854 omnem
1250 822 1470 863 usumfructum
1483 827 1630 864 periinere.
1659 825 1816 856 Praeterea
1832 833 1954 857 monet·

1073 863 1229 904 Ulpianus
1246 864 1265 895 l.
1282 873 1313 901 9.
1330 864 1349 905 §
1381 873 1407 895 1.
1424 863 1467 895 D.
1498 863 1747 904 Usufruetuarz‘us
1763 868 1952 907 quemadmo-'

1072 906 1142 937 dum
1165 911 1285 944 caveat,
1309 906 1373 937 five
1396 904 1465 944 ipso
1487 906 1556 945 jure
1578 907 1648 946 quis
1675 906 1770 937 habet
1788 906 1952 939 usumfru-·

1074 947 1176 986 Cium,
1200 946 1264 979 five
1279 948 1374 978 etiam
1399 956 1455 987 per
1479 947 1650 978 tuitionem
1672 947 1839 987 Praetoris,
1863 949 1954 980 nihi-²

1074 989 1210 1021 lominus
1226 989 1405 1029 cogendum
1423 987 1485 1019 ess'e
1499 986 1724 1027 fructuarium,
1742 998 1793 1020 aut
1810 999 1946 1029 cavere,

1074 1039 1125 1061 aut
1141 1029 1281 1062 actiones
1297 1029 1461 1070 suscipere.
1500 1028 1542 1064 Et
1558 1029 1660 1060 recte:
1676 1039 1748 1062 nani
1764 1029 1786 1062 ii
1801 1031 1953 1063 satisdare

1072 1072 1199 1112 jubetur
1215 1070 1343 1112 quiipso
1357 1072 1427 1112 jure
1444 1069 1541 1102 habet
1556 1069 1802 1110 usumfructum,
1825 1080 1946 1112 quanto

1076 1113 1174 1154 magis
1193 1113 1353 1145 tenebitur
1368 1112 1514 1143 satisdare
1538 1112 1590 1150 qui
1614 1121 1685 1143 eum
1712 1113 1806 1144 habet
1825 1121 1948 1146 tanturn

1077 1164 1133 1195 per
1151 1155 1320 1186 tuitionem
1339 1153 1501 1185 Praetoris:
1518 1151 1599 1184 soliti
1616 1153 1765 1186 auxilium
1776 1156 1953 1195 unicuique

1077 1195 1220 1237 praebere
1241 1196 1280 1227 ad
1302 1196 1378 1236 juris
1410 1194 1453 1225 sui
1477 1193 1780 1228 conservationem:
1814 1197 1890 1228 nulli
1914 1197 1951 1228 in

1080 1237 1294 1276 praejudicium
1312 1236 1494 1276 diiciplinae.
1519 1236 1614 1277 igitur
1632 1234 1696 1267 five
1711 1236 1780 1277 ipso
1792 1237 1861 1277 jure
1879 1237 1954 1276 quis

1077 1278 1174 1309 habet
1190 1277 1435 1316 usumfructum,
1446 1276 1508 1308 sive
1524 1285 1581 1317 per
1597 1277 1766 1309 tuitionem
1781 1278 1950 1311 Praetoris:

1076 1320 1119 1350 ait
1131 1317 1282 1359 Ulpianus
1293 1341 1302 1358 ‚
1321 1319 1504 1359 cogendum
1520 1316 1601 1355 effe,
1612 1325 1731 1350 cavere·
1741 1327 1796 1350 aut
1813 1318 1947 1360 suscipe-

1078 1370 1112 1392 re
1128 1360 1270 1391 astiones
1286 1361 1399 1400 quibus
1416 1359 1540 1391 asturus
1563 1358 1709 1391 adversus
1733 1369 1805 1392 cum
1830 1360 1867 1392 fit
1892 1361 1949 1392 do-

1078 1401 1182 1432 minus
1198 1403 1418 1442 proprietatis:
1442 1401 1549 1440 quales
1568 1400 1709 1433 actiones
1726 1401 1795 1432 sunt
1811 1404 1856 1433 rei
1879 1403 1949 1433 vin-

1079 1442 1239 1474 dicatio&
1256 1442 1417 1473 condiCtio
1431 1443 1450 1472 l.
1463 1451 1490 1481 7.
1507 1441 1547 1472 D.
1559 1443 1616 1472 eod.
1634 1443 1678 1472 tit.
1708 1442 1814 1474 Habet
1829 1452 1951 1483 porr0,

1080 1491 1114 1514 ut
1131 1483 1196 1514 hoc
1213 1483 1346 1520 addam,
1370 1482 1559 1514 fructuarius
1575 1481 1804 1514 usumfructum
1819 1484 1887 1524 ipso
1904 1484 1957 1524 ju-'

1080 1534 1131 1556 re:
1156 1524 1244 1556 verbi
1262 1524 1380 1565 gratia,
1403 1523 1424 1555 fi
1439 1522 1629 1556 ususfructus
1646 1524 1674 1554 ei
1693 1523 1729 1555 sit
1746 1526 1776 1556 in
1793 1525 1861 1564 iure
1880 1534 1950 1556 ces-

1080 1565 1145 1597 sus:
1171 1573 1224 1597 aut
1247 1574 1264 1596 a
1289 1574 1366 1596 vero
1391 1565 1434 1596 rei
1452 1565 1586 1596 domino
1601 1564 1722 1605 legatus
1740 1574 1797 1606 per
1815 1565 1955 1597 xindica·

1081 1608 1215 1639 tionem.
1240 1607 1377 1638 tuitione
1387 1605 1535 1637 Praetoris
1553 1605 1647 1637 habet
1662 1605 1886 1639 usumfructum
1906 1608 1949 1645 is,

1081 1649 1171 1680 verbi
1187 1649 1367 1689 gratia,cui
1386 1647 1430 1679 est
1447 1648 1578 1679 traditus
1599 1646 1790 1679 ususfructus
1806 1649 1845 1680 ab
1864 1648 1952 1680 hei-e·

1081 1690 1140 1729 de,
1154 1699 1228 1721 curn
1242 1688 1319 1721 esset
1337 1690 1459 1731 legatus
1476 1698 1532 1729 per
1548 1689 1807 1722 damnationem:
1822 1689 1951 1721 auctore

1082 1731 1181 1764 Paulo
1202 1731 1248 1762 lib.
1269 1741 1301 1771 53.
1319 1730 1450 1763 Sement.
1467 1732 1513 1763 tit.
1529 1734 1548 1761 6
1580 1730 1607 1772 §.
1629 1739 1673 1770 ¹7·
1698 1731 1774 1762 item
1792 1730 1813 1763 fi
1829 1733 1859 1761 in
1875 1730 1949 1762 sun·

1083 1774 1126 1804 do
1146 1772 1310 1813 vectigali,
1329 1773 1380 1803 vel
1399 1770 1563 1813 superficie
1575 1795 1585 1810 ,
1602 1781 1666 1802 non
1680 1772 1749 1812 jure
1764 1771 1959 1804 constitutus

1082 1813 1118 1845 sit
1135 1814 1154 1845 l.
1172 1823 1198 1845 1.
1212 1813 1251 1845 D.
1276 1812 1392 1855 Quibus
1408 1814 1497 1844 modis
1511 1812 1695 1853 ususfrufflus
1710 1815 1871 1851 annititur,
1892 1813 1911 1844 l.
1925 1821 1952 1846 r.

1083 1855 1112 1897 §.
1131 1859 1161 1886 6.
1180 1855 1216 1889 δ’
1236 1864 1261 1894 7.
1282 1857 1323 1887 1).
1344 1853 1609 1894 desuperficiebies,
1632 1862 1685 1885 aut
1711 1854 1730 1886 fi
1747 1864 1810 1887 nori
1828 1855 1933 1895 legato
1942 1855 1960 1893 ‚'

1083 1898 1134 1928 sed
1151 1905 1207 1936 per
1222 1895 1497 1928 fideicommissum
1513 1894 1630 1926 relictus
1640 1894 1679 1932 fit
1697 1896 1753 1935 lq.
1767 1895 1808 1926 D.
1827 1897 1862 1927 Si
1876 1895 1957 1933 asur-

1075 1937 1201 1979 fruftus
1211 1943 1345 1978 petetur,
1363 1937 1382 1968 l.
1393 1946 1441 1974 29.
1458 1936 1500 1968 D.
1520 1938 1552 1967 de
1566 1937 1618 1973 usu
1631 1936 1833 1977 &usufructu
1849 1937 1953 1978 legato.

1094 1999 1097 2000 ν
1127 1981 1180 2011 Ait
1197 1988 1294 2019 porro
1319 1986 1456 2020 praetor,
1482 1977 1673 2019 legatarium
1685 1979 1830 2018 satisdare
1839 1978 1956 2019 jubebo.

1082 2020 1161 2052 Non
1178 2022 1239 2058 ait,
1256 2029 1389 2059 cavere,
1402 2018 1452 2051 sed
1465 2018 1619 2050 satisdare.
1640 2019 1668 2049 &
1685 2018 1729 2050 est
1744 2019 1828 2050 inter
1838 2027 1957 2051 utrum-

1085 2071 1147 2102 que
1164 2061 1354 2093 differentia.
1385 2070 1455 2091 nam
1475 2060 1580 2091 cautio
1602 2057 1637 2090 fit
1655 2069 1719 2091 non
1737 2067 1858 2092 tanturn
1877 2059 1956 2091 fide-

1082 2102 1267 2143 jussoribus,
1291 2101 1343 2133 sed
1367 2101 1552 2141 pigrioribus
1576 2110 1706 2141 quoque
1730 2101 1750 2133 l.
1773 2110 1798 2132 1.
1816 2100 1846 2142 ὃ.
1863 2110 1891 2136 9.
1910 2100 1954 2132 D.

1085 2146 1118 2175 de
1142 2143 1288 2174 collatione
1314 2144 1460 2174 bonorum.
1484 2148 1596 2173 contra
1621 2141 1782 2174 satisdatio
1798 2141 1956 2173 desiderat

1086 2184 1234 2226 personas
1259 2184 1563 2216 intervenientium:
1589 2183 1775 2223 pigrioribus
1801 2190 1955 2214 contenta

1086 2236 1150 2258 non
1168 2225 1212 2257 est
1228 2226 1246 2257 ἰ.
1265 2236 1294 2266 7.
1317 2225 1358 2257 D.
1385 2222 1663 2265 destipulationibus
1684 2224 1841 2255 Praetort'z‘s.
1866 2232 1956 2255 tene-

1088 2275 1137 2299 tur
1154 2268 1248 2308 igitur
1263 2268 1429 2306 legatarius
1444 2265 1613 2298 satisdare:
1636 2266 1667 2296 id
1686 2265 1748 2303 est,
1771 2266 1826 2306 (ut
1844 2264 1956 2297 Paulus

1086 2310 1147 2345 ait,
1169 2310 1216 2339 lib.
1237 2318 1264 2348 3.
1288 2309 1416 2339 Sentent.
1440 2309 1485 2338 tit.
1500 2311 1529 2338 6.
1548 2306 1576 2348 §.
1596 2307 1666 2346 27.)
1689 2308 1816 2347 cogitur
1834 2315 1950 2338 cavere

1087 2350 1168 2381 datis
1180 2349 1419 2390 fidejussoribus.
1437 2348 1487 2387 sed
1504 2348 1605 2388 quid?
1630 2347 1822 2386 aitPraetor,
1839 2347 1956 2388 Eiusn-

1085 2401 1149 2422 rum
1166 2392 1335 2430 fruiturum
1355 2391 1383 2429 se
1400 2391 1464 2421 boni
1479 2391 1539 2420 viri
1555 2391 1718 2420 arbitratu:
1745 2389 1780 2423 ὣς)
1797 2399 1862 2420 cum
1877 2389 1958 2430 usus-

1087 2432 1204 2468 fructus
1220 2434 1258 2463 ad
1272 2442 1336 2463 eum
1358 2433 1498 2470 pertinere
1522 2429 1642 2468 definit,
1666 2429 1868 2470 restituturum
1882 2430 1956 2472 quod

1085 2476 1151 2504 inde
1174 2475 1293 2504 extabit.
1336 2472 1444 2504 Habet
1467 2480 1573 2502 autem
1598 2471 1756 2511 stipulatio
1775 2471 1830 2503 ista
1848 2471 1955 2512 (quod
1975 2471 1977 2474 ’

1086 2514 1242 2555 Ulpianus
1260 2523 1349 2546 notat
1364 2515 1383 2547 l.
1399 2523 1424 2545 1.
1442 2513 1470 2555 §.
1482 2517 1512 2544 6.
1533 2512 1573 2543 D.
1598 2512 1846 2553 Usafrubiuarius
1862 2509 1964 2555 quemi

1091 2558 1243 2587 admodum
1262 2557 1383 2596 caveat)
1406 2556 1481 2585 duas
1498 2553 1622 2585 causas:
1646 2555 1678 2585 id
1696 2554 1759 2590 est,
1784 2556 1859 2587 duas
1874 2555 1955 2585 clau-

1091 2597 1188 2636 sulas3
1211 2605 1244 2627 ut
1256 2597 1338 2628 bene
1356 2599 1581 2636 interpretatur
1595 2594 1732 2634 jacobus
1749 2595 1894 2636 Cujacius
1909 2595 1957 2627 lib.

1090 2648 1118 2675 9.
1133 2639 1252 2676 Observ.
1263 2648 1286 2668 c.
1299 2647 1347 2678 39.
1359 2647 1418 2668 una
1435 2636 1480 2668 est
1491 2660 1500 2675 ,
1511 2636 1531 2668 si
1543 2637 1612 2674 quis
1623 2644 1726 2669 utatur
1743 2638 1852 2671 aliter.
1865 2645 1958 2677 quam

1091 2680 1138 2711 vir
1155 2679 1257 2710 bonus
1274 2678 1492 2710 arbitrabitur:
1509 2679 1606 2709 altera
1622 2677 1666 2709 est
1682 2679 1722 2709 de
1739 2678 1899 2710 usufruEtu
1909 2687 1957 2710 re·

1089 2720 1260 2752 stituendo.
1278 2721 1363 2761 prior
1379 2719 1479 2751 statim
1497 2720 1735 2758 committetur,
1760 2729 1853 2760 quam
1870 2720 1961 2751 aliter

1092 2761 1189 2793 fuerit
1216 2760 1304 2800 usus;
1328 2761 1357 2792 &
1384 2760 1493 2800 saepius
1512 2762 1733 2792 committetur
1749 2762 1778 2794 d.
1795 2762 1813 2792 l.
1837 2771 1863 2792 1.
1879 2760 1907 2802 §.
1925 2763 1956 2791 6.

1093 2803 1169 2843 quid
1186 2811 1283 2843 porro
1303 2802 1379 2833 velit
1395 2803 1463 2833 haec
1471 2801 1622 2839 clausula,
1639 2801 1774 2833 Ul'urum
1790 2801 1961 2833 fruiturum

1093 2844 1170 2876 boni
1194 2844 1249 2874 vrri
1276 2844 1447 2879 arbitratu,
1476 2844 1505 2874 in
1523 2843 1716 2875 antecess'um
1734 2843 1804 2875 satis
1821 2843 1967 2874 abunde·-

1092 2895 1155 2925 que
1165 2884 1412 2916 demonstratum
1429 2883 1483 2916 est.
1500 2883 1656 2925 Ulpianus
1672 2884 1690 2915 l.
1711 2894 1736 2916 1.
1754 2885 1781 2926 §.
1792 2894 1820 2925 3.
1841 2883 1881 2914 D.
1898 2882 1967 2912 eod.-

1092 2929 1139 2958 zit.
1157 2927 1298 2957 breviter
1317 2924 1439 2957 definit.
1474 2925 1543 2956 Viri
1560 2927 1624 2957 boni
1640 2927 1783 2957 arbitratu
1797 2928 1958 2965 perceptum.

1092 2969 1131 2999 iri
1147 2967 1361 3007 usumfruffum
1372 2990 1381 3003 ,
1405 2967 1455 2998 hoc
1472 2966 1530 3007 eft,
1553 2977 1611 2998 non
1626 2969 1787 2999 deteriorem
1792 2965 1826 3004 se
1840 2963 1957 2998 causam

1093 3009 1278 3049 usuffruc'tus
1287 3008 1443 3048 facturum
1466 3014 1621 3050 caeteraque
1639 3007 1787 3046 facturum
1801 3013 1862 3045 quoe
1876 3004 1906 3033 in
1918 3011 1956 3047 ⁸¹¹&

1082 3051 1144 3091 sua
1153 3051 1276 3089 faceret.
1295 3050 1407 3082 Paulus
1424 3050 1452 3080 d.
1472 3050 1518 3081 lib.
1537 3060 1566 3090 53-
1584 3051 1630 3081 iit.
1647 3052 1676 3079 6.
1694 3048 1780 3089 ἕπῃ.
1797 3045 1847 3075 ait.
1872 3043 1953 3078 Ulu-

1087 3091 1196 3132 frustu
1218 3092 1326 3132 legato,
1350 3092 1382 3122 de
1405 3092 1484 3122 modo
1509 3092 1611 3122 utendi
1640 3089 1774 3131 cautio-a
1784 3083 1967 3124 frumario,

1085 3133 1160 3173 jalel
1176 3134 1338 3173 interponi:
1362 3131 1398 3166 δ’
1414 3133 1474 3163 ideo
1483 3134 1605 3173 perinde
1620 3130 1712 3161 omnia
1727 3130 1753 3162 le
1769 3126 1905 3160 usurum·
1921 3135 1958 3157 αὖ·

1086 3172 1117 3213 fi
1131 3175 1254 3219 optimus
1268 3173 1482 3215 paterfamilias
1498 3178 1642 3210 uteretur,
1653 3165 1866 3209 fidejuffm‘bssf
1883 3167 1966 3238 mg}
