2036 3495
165 102 235 145 176
605 95 639 131 G
668 105 688 129 a
722 104 745 128 R
777 103 799 128 A
831 106 854 130 R
884 105 909 129 n
938 106 952 131 1

154 187 325 228 servitutib.
349 192 460 217 contra
475 186 536 221 ait,
553 182 734 214 servitutem
748 182 867 214 itineris
884 182 923 214 ad
940 183 1038 224 sepul-

165 229 276 260 chrum
289 227 482 267 privatijuris
499 233 635 255 manere.
659 223 690 254 Si
702 232 795 261 vere3
813 231 845 253 ut
857 233 923 255 non
940 235 1036 266 opor-

167 277 214 300 tet
231 269 382 299 dubitari:
399 276 454 297 cur
471 265 556 303 vult,
573 265 633 295 iter
648 265 686 295 ad
704 264 903 305 sepulchrum
920 276 984 298 non
1003 277 1036 298 u.

164 311 266 341 tendo
284 316 347 339 non
359 307 477 338 amitti:
492 315 564 337 cum
582 313 705 336 caeterae
715 304 901 343 servitutes,
919 317 952 338 ut
969 308 1037 340 sunt

163 351 278 390 privati
293 350 386 389 Juris,
403 357 467 379 non
482 347 603 378 utendo
623 356 735 378 omnes
748 348 958 381 amittantur?
975 350 1036 381 Sed

164 391 217 422 ubi
243 389 442 429 sepulchrum
470 387 568 428 ipsum
600 387 644 419 est
668 388 874 433 religiosum,
897 391 1038 431 ideoque

163 441 228 462 non
248 431 368 462 utendo
386 440 450 462 non
468 430 641 462 amittitur:
665 431 796 460 rationis
814 429 896 470 fuit3
921 441 960 463 ne
978 434 1037 464 iter

163 481 294 512 quoque
313 473 351 503 ad
370 471 568 511 sepulchrum
596 480 659 502 non
683 472 804 502 utendo
821 472 923 503 amitti
940 474 1036 504 debe-

163 521 204 544 at.
222 513 297 544 Mea
308 511 532 553 opinione‚fic
548 510 592 542 est
610 513 767 543 creditum
779 512 1035 553 ,animadverso,

159 554 247 586 usum
265 555 439 595 sepulchri,
462 553 524 584 fine
541 554 654 585 itinere
676 554 713 585 ad
730 552 949 594 sepulchrum,
975 556 1037 587 effe

160 596 293 628 nullum.
317 595 393 627 Non
414 596 510 634 magis
527 597 787 634 praetermittam,
812 597 900 635 quod
917 606 934 627 a
951 596 1035 637 Gajo

161 645 350 669 annotatum
368 638 388 668 l.
405 641 434 668 6.
453 636 491 667 D.
510 637 654 674 deservit.
667 638 758 676 praeu.
778 638 839 667 urb.
858 637 924 676 jura
948 638 1035 670 urba-

161 687 276 711 norum
294 679 503 721 praediorum,
520 677 660 709 fimiliter
675 676 925 718 utrusticorum,
942 688 1033 712 certo

1009 95 1271 134 Noonr
1330 101 1542 140 Coun.

1081 193 1226 228 tempore
1245 199 1309 222 non
1325 192 1447 224 utendo
1463 194 1583 234 perire:
1599 195 1654 228 nifi
1672 197 1759 236 quod
1777 198 1847 231 haec
1862 201 1891 233 ei
1905 202 1951 234 vi-

1082 229 1174 260 detur
1192 230 1253 262 ess'e
1271 232 1508 274 diffimili‘tud0;
1523 238 1611 276 quod
1628 247 1691 269 non
1712 241 1843 272 omnino
1862 251 1951 282 pere-

1081 277 1139 301 unt
1155 280 1219 303 non
1237 276 1376 305 utendo:
1399 275 1451 307 sed
1467 278 1523 315 ita,
1550 277 1571 309 fi
1589 279 1709 311 vicinus
1726 280 1812 313 fimul
1829 283 1954 317 liberta-

1082 318 1146 342 tem
1165 313 1331 353 usucapiat.
1355 315 1431 347 Hoc
1443 328 1519 349 vero
1538 328 1603 359 quo
1615 322 1712 352 modo
1727 320 1800 361 fiat,
1817 332 1880 355 non
1898 327 1951 357 ad·

1081 350 1202 384 scribo:
1226 357 1298 395 quia
1323 357 1440 389 ibidem
1462 361 1610 392 traditum
1628 363 1742 394 deinde
1758 373 1775 394 a
1792 363 1893 405 Gajoz
1915 375 1951 399 ut

1081 392 1112 424 &
1129 394 1168 425 ab
1184 394 1427 439 Harmenopulo
1445 400 1493 432 lily.
1512 412 1540 432 2.
1558 405 1603 434 tit.
1621 414 1650 441 4.

1104 433 1356 480 'Extinguuntur
1368 450 1444 481 ergo
1457 442 1504 474 his
1515 445 1692 485 modisjura
1703 446 1868 487 utriusque
1876 455 1952 488 prae-

1080 474 1140 522 dii..
1175 478 1223 508 An
1248 480 1342 511 etiam
1360 489 1484 522 morte,
1508 494 1560 515 aut
1577 488 1689 526 capitis
1705 488 1950 521 deminutione?

1081 515 1178 556 GaJus
1195 527 1289 563 negat
1305 521 1324 552 l.
1342 531 1370 562 3.
1390 523 1431 554 D.
1449 525 1476 555 h.
1496 531 1516 558 t.
1542 527 1661 558 idcirco
1688 531 1774 567 quod
1794 530 1835 560 ita
1855 530 1950 570 vulgo

1080 556 1125 588 est
1142 560 1312 603 traditum:
1328 562 1357 593 ὅ(
1373 565 1466 596 reae.
1483 576 1552 598 nam
1566 576 1598 599 ut
1611 571 1717 610 praedii
1737 571 1882 602 dominus
1898 579 1952 602 aut

1079 608 1247 638 moriatur,
1271 610 1324 633 aut
1343 606 1448 644 capite
1465 608 1680 642 deminuatur:
1706 613 1826 652 praedio
1844 620 1952 645 tamer}

1078 641 1165 680 cujus
1184 641 1229 673 est
1240 641 1388 684 servitus,
1406 656 1511 689 neque
1527 660 1632 691 mors,
1648 661 1753 693 neque
1770 655 1881 694 capitis
1898 654 1951 686 de·
1996 664 1997 668 ¹

1077 683 1235 722 minutio,
1259 686 1387 717 accidit.

279 774 1856 802 Ἢ

596 835 999 889 LIBER

837 962 1035 998 T1Tu

1079 841 1516 896 NONUS.

1068 973 1192 1001 Lus
1252 966 1278 1002 Ι.

714 1037 750 1072 Si
765 1038 932 1084 quadrupes
948 1041 1125 1085 pauperiem
1134 1039 1247 1087 feczffi’
1262 1042 1390 1081 dicatur.

155 1140 236 1190 23²³&
245 1139 348 1188 &effi
358 1148 402 1171 'r1
412 1149 432 1171 o
443 1148 466 1171 N
478 1148 497 1171 E
507 1150 520 1172 s
544 1139 574 1171 in
593 1148 659 1171 rem
676 1140 716 1171 de
729 1139 842 1180 quibus
859 1140 963 1174 astum
980 1142 1032 1174 ha-

155 1189 195 1236 ῳᾷ
285 1189 325 1235 32
341 1181 468 1221 CtenUS,
486 1180 653 1222 excipiunt
664 1180 866 1212 hicafflones
884 1185 1031 1216 noxales:

154 1229 195 1284 a?
225 1214 255 1246 A
286 1238 325 1286 'a
338 1221 1030 1306 ‘3333samsai{Sasssgrl‘aznsaio‘sazffiae

551 1287 559 1302 3

154 1284 236 1335 ς’ἳξῆ
245 1284 325 1332 &ff
340 1306 512 1337 dammodo
529 1306 702 1337 imitantur.
727 1304 798 1336 Esse
814 1315 911 1345 porro
928 1308 1026 1339 aCtio-

154 1357 211 1380 nes
227 1347 358 1379 noxales
384 1347 497 1387 partim
518 1346 658 1387 Legibus
682 1347 888 1387 constitutas,
913 1351 1027 1389 partim

151 1388 269 1421 Edicto
286 1388 433 1420 Przetoris
445 1411 454 1425 ,
471 1387 657 1427 Justinianus
674 1396 815 1419 autumat
833 1388 860 1430 §.
873 1400 899 1428 4.
913 1389 983 1431 lnfi.
995 1393 1028 1423 de

154 1430 280 1462 noxalia.
311 1424 366 1461 aa.
392 1429 496 1460 Prima
521 1430 661 1459 occurrit
685 1428 767 1460 aCtio
792 1429 822 1460 Si
848 1432 1027 1472 quadrupes

152 1471 337 1513 pauperiem
354 1469 463 1502 feciss'e
481 1470 614 1501 dicatur.
638 1479 673 1500 ea
684 1469 839 1511 originem
851 1473 947 1504 debet
968 1475 1027 1506 Le-

149 1513 182 1554 gi
205 1512 390 1544 Duodecim
413 1510 621 1542 Tabularum.
651 1510 724 1542 inde
748 1512 865 1543 transiit
890 1513 921 1545 in
952 1515 1025 1547 Edi·

152 1555 236 1585 Ctum
259 1562 266 1584 :
289 1562 473 1593 nomenque
496 1561 537 1583 ex
559 1552 668 1592 primis
692 1553 758 1593 eJ'us
778 1554 882 1586 verbis
906 1555 1023 1588 sortita.

151 1594 310 1626 Summam
329 1593 425 1635 Legis
446 1593 559 1625 recitat
578 1592 730 1634 Ulpianus
746 1595 766 1625 l.
788 1605 813 1626 1.
831 1596 859 1626 b.
876 1601 894 1627 t.
921 1597 1023 1629 Edisti

148 1636 233 1668 hanc
248 1635 313 1677 ipse
330 1634 492 1676 confingo.
529 1634 563 1665 Si
577 1637 739 1676 quadrupes
753 1640 915 1676 pauperiem
922 1640 1024 1680 feczffe

149 1679 278 1716 dicetur,
296 1678 419 1708 ‘noxiam
427 1676 556 1716 sarciri,
580 1686 698 1708 noxave
714 1678 778 1708 dedi
789 1679 901 1718 jubebo.
930 1681 1022 1712 Ratio

147 1717 253 1751 Editki
274 1718 337 1750 est:
355 1728 395 1750 ne
412 1718 578 1756 dominus,
594 1725 726 1758 propter
735 1719 874 1751 animalis
892 1721 933 1753 sui
949 1732 1022 1763 pau-

149 1761 292 1802 periem,
317 1760 397 1791 ultra
414 1760 479 1800 ejus
496 1759 734 1790 aestimationem
753 1769 915 1793 oneretur.

188 1800 286 1833 Nunc
302 1802 430 1842 quando
448 1802 538 1832 locus
549 1800 585 1832 fit
601 1800 675 1832 huic
692 1800 807 1832 astioni
819 1825 828 1840 ,
845 1803 1023 1836 confidere-

147 1851 229 1875 mus.
270 1843 392 1875 Praetor
408 1841 450 1873 sic
465 1843 615 1882 expedit:
638 1843 671 1873 Si
685 1844 845 1883 quadrupes
855 1847 1023 1886 pauperiem

139 1884 242 1925 fecrffe
251 1885 376 1915 dicatur.
392 1883 471 1915 Haec
489 1883 586 1914 verba
603 1882 721 1914 indicat
739 1883 875 1917 Rubrica
886 1910 894 1923 ,
910 1896 951 1920 ex
961 1889 1021 1928 pri-

147 1927 208 1957 mis
226 1925 331 1957 Edicti
350 1925 454 1957 verbis
482 1924 654 1964 desumpta.
701 1924 893 1967 Quadrupes
918 1938 1025 1961 autem

147 1967 343 2008 (interprete
361 1966 480 1998 Ifidoro
499 1967 547 1997 lib.
570 1975 616 1997 12.
637 1966 789 2009 Origirz.c.
804 1969 850 2009 1.)
868 1968 911 2000 est
928 1979 1024 2011 gene-

148 2008 214 2040 rale
231 2009 443 2046 vocabulum,
469 2008 688 2048 complectens
712 2009 741 2039 δε
758 2008 871 2041 bestias
886 2011 915 2042 <St
931 2021 1025 2052 pecu-

149 2050 225 2089 des,
242 2057 360 2081 caetera
377 2059 508 2091 quoque
518 2049 558 2081 ab
575 2050 716 2088 utrisque
733 2050 875 2083 distincta
887 2075 895 2089 ,
913 2062 1023 2084 utcer-

146 2100 225 2130 vos,
243 2091 366 2129 damas,
386 2100 533 2131 onagros.
546 2090 643 2132 Igitur
658 2091 860 2132 sequentibus
879 2094 966 2125 verbi
984 2095 1023 2126 la-

148 2133 341 2171 titudinem,
361 2133 404 2163 ait
420 2131 575 2173 Ulpianus
589 2132 612 2163 l.
626 2141 650 2163 1.
668 2132 696 2174 §.
716 2143 744 2164 2.
764 2133 846 2165 hanc
864 2135 1023 2168 aaronem

146 2175 311 2214 pertinere
327 2174 366 2205 ad
383 2183 495 2206 omnes
512 2173 744 2214 quadrupedes.
769 2184 830 2206 nec
848 2184 952 2208 tamen
968 2187 1022 2208 ne-

149 2223 220 2256 gat,
245 2225 286 2247 ex
298 2215 446 2247 Praetoris
463 2214 619 2246 sententia
636 2214 778 2256 restringi
795 2218 832 2248 ad
851 2217 1024 2252 mansuetas

146 2257 290 2296 pecudes
299 2281 309 2297 ,
325 2266 390 2288 non
401 2256 531 2288 assuetas
542 2265 660 2288 nocere.
670 2280 679 2295 ‚
697 2257 749 2288 nisi
760 2258 798 2288 ab
809 2267 939 2291 externa
955 2271 1024 2292 mo-

145 2306 282 2330 veantur
299 2298 399 2330 causa.
416 2298 560 2336 accedit,
577 2299 665 2338 quod
682 2298 730 2329 hae
747 2298 815 2330 sunt
832 2301 974 2339 domini;
990 2301 1024 2334 fi-

145 2348 187 2370 ve
201 2339 341 2371 custodia
360 2342 587 2377 coerceantur-3
611 2339 675 2371 five
695 2349 735 2371 ex
752 2350 788 2371 ea
812 2340 869 2373 fint
886 2343 1022 2383 egressae.

146 2389 212 2412 non
229 2381 270 2412 ita
285 2380 329 2413 est
345 2381 375 2413 in
392 2380 468 2413 feris
485 2380 602 2412 bestiis.
625 2381 656 2413 id
672 2381 814 2421 conjicio
833 2392 871 2414 ex
889 2385 1021 2424 conjun-

146 2420 253 2453 ctione
273 2423 301 2454 d.
318 2423 347 2464 §.
366 2433 393 2454 2.
416 2431 489 2454 cum
506 2422 535 2464 §.
559 2432 603 2454 10.
622 2422 639 2455 l.
659 2431 684 2454 1.
715 2424 802 2463 cujus
829 2423 900 2455 talia
923 2427 1021 2458 verba

148 2461 228 2493 sunt.
249 2463 284 2494 Irz
296 2462 492 2503 bestiisautem
499 2469 612 2504 propter
626 2464 788 2495 naturalem
801 2466 947 2502 feritatem
963 2467 1021 2498 baec

148 2502 222 2534 ιιὲῐίο
239 2504 329 2535 locum
346 2515 403 2536 nan
419 2506 519 2543 babet,
545 2504 581 2539 ὅ)
597 2503 696 2542 ideosi
712 2507 794 2545 ursus
803 2507 911 2548 fugit,
927 2506 964 2543 ὅ)
976 2508 1021 2546 fic

148 2546 261 2582 nocuit,
278 2555 333 2575 uon
348 2544 436 2586 potest
451 2548 593 2588 quondam
610 2547 742 2577 dominus
761 2549 928 2580 conveniri:
950 2552 1021 2590 quia

147 2583 250 2622 definit
266 2587 395 2617 dominus
410 2587 469 2627 effe.
496 2587 532 2622 ὅ)
549 2589 609 2618 ideo
625 2587 662 2622 {5⁹
670 2587 699 2625 fi
712 2598 776 2620 eum
795 2590 903 2629 occidi,
927 2600 1021 2622 meum

147 2632 249 2666 corpus
266 2625 313 2666 est.
340 2626 513 2660 Obscuram
532 2627 661 2669 Ulpiani
678 2630 926 2670 disputationem
943 2631 1022 2664 facit

147 2667 300 2699 sermonis
317 2667 466 2701 brevitas.
491 2670 543 2701 sed
562 2670 649 2709 vult3
664 2672 752 2710 quod
769 2672 837 2702 haec
852 2672 936 2703 acrio
953 2682 1019 2706 ces-

146 2708 192 2740 sat
208 2709 240 2740 in
257 2708 364 2740 bestiis
381 2708 474 2748 feris,
496 2710 566 2742 urso
578 2735 587 2750 ‚
610 2712 699 2742 verbi
714 2714 825 2753 gratia.
851 2712 956 2755 Quam
975 2715 1019 2746 ob

147 2749 296 2782 causam?
318 2755 433 2789 propter
450 2753 611 2784 naturalem
620 2753 780 2792 feritatem.
826 2754 907 2786 Haec
929 2755 1019 2787 causa

149 2793 215 2823 duo
233 2791 396 2822 continet:
419 2800 514 2823 unum
533 2792 596 2831 est,
615 2795 701 2832 quod
720 2795 805 2826 ursus
824 2795 952 2828 saeviens
968 2807 1019 2828 na-

146 2832 255 2871 turali,
278 2831 361 2870 five,
385 2837 420 2862 ut
438 2831 612 2871 Imperator
627 2837 656 2866 in
672 2843 718 2875 pr.
740 2835 812 2876 Inst.
830 2838 857 2868 h.
874 2843 894 2869 t.
915 2838 1018 2878 loqui-

146 2882 217 2913 tur,
241 2873 390 2915 genitali,
412 2871 540 2903 feritate
552 2897 561 2911 ‚
579 2884 642 2906 non
660 2878 755 2917 magis
773 2878 956 2919 pauperiem
974 2879 1019 2911 fa-

147 2917 192 2947 cit
204 2939 214 2954 ‚
231 2924 324 2955 quam
339 2913 502 2953 inJuriam3
519 2913 572 2945 suo
588 2916 656 2946 usus
672 2918 822 2958 ingenio,
838 2921 869 2951 id
886 2920 949 2959 est,
966 2931 1018 2952 na-

146 2965 226 2989 turae
245 2957 304 2987 suae
318 2956 385 2996 jure
401 2964 438 2986 ac
454 2963 554 3000 ιτιοωἶ
577 2956 708 2989 alterum
725 2959 786 2998 est,
807 2963 894 3000 quod
913 2962 1017 3002 ursus,

146 3005 281 3039 propter
301 2997 475 3028 naturalem
496 2996 675 3034 feritatem,
699 2998 753 3030 nisi
770 3002 910 3034 custodia
927 3007 1018 3035 coer·

148 3047 258 3077 cetur,
277 3037 321 3070 est
337 3039 470 3076 nullius3
487 3038 517 3069 ὅ(
532 3037 605 3068 ideo
622 3037 641 3068 fi
659 3037 759 3080 fugit,
778 3050 814 3071 ac
829 3042 870 3073 fic
887 3045 1014 3084 nocuit,

146 3089 213 3112 non
231 3079 276 3110 est
292 3080 393 3120 quide
411 3079 560 3120 pauperie
575 3082 792 3110 conveniatur.
816 3091 887 3114 nam
900 3085 952 3123 qui
963 3087 1018 3117 do-

147 3121 250 3152 minus
268 3120 330 3151 fuit
356 3120 413 3152 ursi
438 3120 588 3152 custodiae
603 3119 731 3166 inclusi,
753 3122 792 3152 de
809 3122 950 3155 custodia
966 3128 1017 3158 de-

146 3161 221 3202 lapsi
237 3162 382 3193 dominus
398 3161 460 3193 esse
483 3161 594 3197 defiit,
617 3161 720 3193 amiss'a
737 3161 934 3209 poffeffione.
958 3167 1014 3197 est.

143 3213 206 3246 que
223 3211 461 3245 argumentum3
479 3203 567 3245 quod
582 3202 817 3243 fieumoccidi,
829 3213 891 3244 Jam
909 3214 1014 3239 meum

1076 1152 1193 1183 corpus
1208 1145 1262 1177 est.
1294 1146 1377 1180 Haec
1395 1150 1520 1189 Ulpiani
1537 1151 1690 1189 sententia
1705 1164 1769 1187 non
1787 1155 1832 1188 est
1847 1157 1949 1190 aliena

1074 1195 1091 1216 a
1107 1184 1309 1226 sequentibus
1325 1189 1486 1229 justiniani
1506 1195 1609 1226 verbis
1627 1197 1707 1236 d.pr.
1720 1195 1857 1236 lnst.h.t.
1874 1198 1947 1230 Haee

1072 1226 1146 1258 attio
1162 1230 1193 1258 in
1209 1229 1244 1259 iis
1260 1239 1324 1270 quoe
1340 1238 1439 1264 contra
1454 1241 1592 1267 naturam
1607 1245 1775 1278 moventur,
1791 1238 1882 1271 locum
1896 1242 1948 1272 ha-

1072 1269 1126 1298 het.
1149 1270 1319 1309 caeterumsi
1330 1275 1466 1314 genitalis
1475 1275 1516 1312 stc
1528 1277 1652 1316 feritas,
1669 1279 1741 1310 αὲἶίο
1756 1280 1850 1321 ceffat.
1866 1282 1945 1312 deni-

1071 1318 1125 1350 que
1141 1309 1171 1346 fi
1192 1311 1277 1352 ursus
1285 1313 1402 1355 fugerit
1420 1326 1437 1346 a
1452 1318 1581 1357 domino,
1606 1319 1643 1353 ὅ)
1653 1319 1697 1357 fic
1712 1324 1859 1361 nocuerit,
1881 1332 1942 1354 non

1064 1349 1153 1391 potest
1163 1355 1304 1392 quondam
1314 1357 1446 1388 dominus
1456 1361 1622 1395 corzvem‘ri,·
1638 1363 1705 1401 quia
1714 1361 1794 1399 desiit
1810 1365 1945 1395 dominus

1068 1391 1136 1437 effe,
1153 1394 1281 1432 ubifera
1297 1397 1396 1435 evasit.
1421 1398 1500 1431 [llud
1518 1410 1580 1432 non
1600 1401 1767 1435 silendum:
1783 1406 1870 1445 quod
1888 1405 1946 1436 AE·

1070 1433 1172 1465 dilitio
1191 1433 1305 1467 Edicto
1319 1438 1425 1478 postea
1441 1439 1503 1472 fuit
1518 1443 1716 1482 prohibitum
1728 1468 1737 1483 ,
1755 1455 1795 1476 ne
1814 1446 1881 1486 quis
1893 1456 1945 1478 ca-

1069 1484 1161 1513 nem,
1181 1485 1302 1508 verrem
1315 1502 1323 1516 ,
1347 1489 1476 1520 aprum,
1500 1483 1620 1522 ursum,
1636 1486 1764 1518 leonem
1785 1487 1828 1518 ibi
1848 1488 1945 1518 habe-

1069 1523 1137 1554 ret,
1157 1526 1216 1557 qua
1242 1520 1338 1560 vulgo
1363 1522 1422 1553 iter
1445 1523 1499 1562 fit3
1523 1525 1553 1556 &
1575 1525 1595 1556 fi
1611 1526 1756 1558 adversus
1773 1537 1810 1559 ea
1825 1529 1883 1559 erit
1898 1528 1945 1560 fa-

1069 1557 1152 1588 crum
1168 1580 1178 1596 ,
1202 1561 1412 1601 nocitumque
1439 1564 1540 1596 libero
1571 1567 1693 1598 homini
1717 1568 1779 1599 effe
1805 1569 1945 1601 dicetur:

1067 1599 1204 1638 placuit,
1222 1603 1308 1640 quod
1321 1603 1439 1635 bonum
1458 1606 1484 1636 ἃ
1504 1608 1741 1648 aequumJudici
1759 1610 1944 1650 videbitur,

1067 1640 1145 1670 tanti
1170 1642 1333 1675 dominum
1359 1647 1581 1680 condemnari:
1607 1658 1791 1683 caeterarum
1818 1661 1943 1692 rerum,

1066 1690 1218 1721 quantum
1239 1685 1342 1716 damni
1367 1687 1472 1719 datum
1491 1689 1545 1728 sit,
1568 1690 1666 1731 dupli.
1693 1691 1770 1724 Inde
1787 1692 1841 1724 usu
1861 1693 1946 1725 obti-

1066 1723 1150 1760 nuit,
1176 1724 1225 1764 (&
1242 1728 1398 1760 notandus
1412 1729 1488 1769 juris
1506 1732 1703 1773 progressus)
1720 1735 1815 1765 etiam
1832 1734 1891 1766 hac
1908 1737 1943 1768 in

1065 1763 1187 1804 specie,
1212 1765 1231 1797 si
1247 1767 1350 1799 adhuc
1366 1771 1396 1800 in
1417 1772 1575 1811 potestate
1592 1773 1627 1805 fit
1645 1773 1711 1805 fera
1728 1775 1844 1815 bestia,
1869 1776 1937 1808 dari

1064 1806 1175 1837 utilem
1192 1807 1371 1849 astioncm3
1394 1812 1450 1844 etsi
1468 1813 1565 1845 cesset
1582 1815 1665 1846 aCtio
1689 1816 1827 1848 directa:
1851 1817 1880 1849 &
1898 1816 1943 1849 ita

1065 1848 1177 1886 accipe
1196 1847 1223 1889 ᾗ.
1246 1858 1270 1880 1.
1293 1850 1363 1892 ani.
1382 1853 1409 1883 h.
1428 1859 1449 1885 t.
1473 1855 1571 1894 item,
1595 1857 1685 1897 quod
1711 1858 1751 1889 de
1771 1868 1850 1890 cane
1866 1858 1943 1890 dici-

1069 1890 1164 1919 turin
1182 1891 1201 1919 l.
1221 1900 1247 1922 2.
1262 1890 1288 1932 §.
1309 1902 1334 1924 1.
1355 1893 1395 1925 D.
1414 1896 1441 1926 d.
1461 1901 1482 1926 t.
1509 1906 1578 1929 nain
1604 1899 1688 1929 canis
1714 1909 1778 1930 non
1805 1900 1942 1940 pecudi,

1067 1929 1121 1960 sed
1145 1930 1269 1969 bestiis,
1293 1942 1517 1969 annumeratur
1540 1939 1559 1969 l.
1580 1949 1607 1970 2.
1635 1939 1664 1981 §.
1685 1940 1773 1971 2.1D.
1801 1941 1852 1972 Aa
1867 1941 1943 1982 Leg.

1068 1971 1168 2012 Aquil.
1186 1973 1281 2004 verba
1298 1976 1326 2006 d.
1342 1976 1359 2006 l.
1381 1987 1408 2008 2.
1427 1976 1454 2018 §.
1478 1988 1502 2009 1.
1518 1980 1543 2010 h.
1561 1985 1584 2010 t.
1608 1981 1754 2021 apposui:
1780 1981 1813 2013 Si
1828 1983 1894 2023 quis
1909 1993 1942 2013 a·

1066 2013 1173 2053 liquem
1189 2015 1321 2053 evitans,
1345 2016 1555 2058 Magi-[tratum
1572 2021 1672 2061 soree,
1696 2023 1729 2053 in
1745 2025 1863 2055 taberna
1873 2031 1942 2064 pro-

1068 2056 1149 2085 xima
1163 2058 1195 2091 se
1217 2057 1385 2098 z'mrm‘fiffet:
1407 2061 1502 2101 ibique
1526 2072 1544 2093 a
1569 2072 1640 2093 cane
1645 2064 1743 2102 feroce
1759 2064 1839 2105 loesus
1855 2064 1940 2104 effet:

1066 2105 1122 2126 non
1137 2096 1210 2136 poffe
1225 2099 1275 2138 agi
1290 2101 1371 2130 canis
1387 2110 1513 2141 nomme,
1536 2105 1655 2144 quidam
1666 2111 1794 2145 putant:
1815 2112 1846 2137 at
1856 2106 1940 2146 fisb-

1066 2138 1145 2168 lutus
1161 2137 1243 2177 effes,
1259 2147 1366 2172 contra.
1383 2142 1515 2182 Sensus,
1532 2145 1562 2176 Si
1580 2147 1649 2186 quis
1667 2155 1778 2177 canem
1794 2147 1941 2180 ferocem

1066 2179 1097 2209 in
1117 2178 1245 2210 taberna
1263 2183 1313 2213 vel
1331 2183 1430 2214 domo
1455 2184 1506 2215 sua
1531 2186 1629 2218 habet
1645 2187 1806 2227 vinctum,
1830 2189 1869 2220 ab
1886 2199 1940 2221 eo-

1067 2229 1130 2259 que
1147 2220 1232 2253 laesus
1249 2221 1283 2253 fit
1295 2224 1346 2264 qui
1365 2224 1433 2256 sein
1451 2227 1582 2259 domum
1596 2227 1649 2259 vel
1664 2229 1941 2262 tabernamimmi-

1067 2262 1158 2299 serit,
1184 2263 1223 2293 de
1249 2265 1297 2295 via
1322 2267 1505 2299 concedens
1528 2268 1726 2310 Magistratui
1743 2293 1753 2309 ,
1776 2270 1892 2303 ceffare
1909 2281 1939 2303 a·

1066 2303 1204 2334 &tionem
1217 2305 1345 2345 utilem3
1360 2308 1451 2339 aliter
1465 2318 1502 2340 ac
1515 2309 1536 2341 fi
1551 2311 1581 2342 in
1595 2313 1643 2342 via
1657 2312 1785 2352 publica
1796 2322 1867 2344 eum
1884 2314 1939 2344 ha-

1065 2344 1139 2376 beat
1157 2346 1295 2379 vinctum
1316 2357 1370 2379 aut
1387 2349 1544 2389 solutum;
1559 2362 1629 2384 nam
1642 2360 1708 2384 tum
1719 2362 1785 2385 cam
1797 2363 1863 2396 non
1871 2364 1940 2386 ces-

1064 2387 1129 2417 sare
1145 2386 1163 2417 l.
1181 2397 1231 2426 40.
1243 2387 1341 2430 &seq
1360 2391 1407 2421 D.
1423 2393 1455 2421 de
1470 2391 1587 2425 AEaz‘lir.
1600 2393 1695 2425 Ειὶίἑῖ.
1719 2393 1863 2426 Pertinet
1877 2396 1937 2436 igi-

1064 2437 1116 2459 tur
1132 2427 1200 2459 haec
1211 2430 1293 2460 actio
1310 2431 1347 2462 ad
1365 2433 1600 2473 quadrupedes:
1614 2444 1685 2466 narn
1703 2436 1742 2466 de
1759 2435 1808 2467 his
1825 2436 1938 2477 loquu-

1065 2478 1114 2501 tus
1127 2477 1247 2502 tantum
1266 2471 1327 2503 fuit
1345 2472 1482 2505 Praetor:
1496 2475 1546 2505 sed
1562 2474 1732 2507 similitudo
1743 2477 1874 2508 rationis
1891 2477 1939 2509 fe-

1064 2515 1127 2547 cit,
1149 2518 1183 2541 ut
1198 2514 1293 2544 etiam
1311 2514 1348 2544 ad
1367 2515 1440 2547 alias
1458 2516 1673 2557 porrigeretur
1690 2527 1731 2550 ex
1749 2517 1855 2550 Ediffi
1872 2518 1939 2552 sen-

1065 2551 1165 2584 tentia
1183 2553 1202 2583 l.
1219 2563 1246 2592 4.
1266 2555 1312 2585 D.
1331 2554 1358 2585 h.
1376 2561 1397 2586 r.
1471 2559 1473 2562 ·
1842 2591 1845 2593 ,

1104 2593 1206 2624 Porro
1223 2594 1264 2625 ait
1281 2594 1418 2628 Praetor:
1443 2597 1612 2639 Pauperiem
1620 2599 1721 2640 feciffe
1736 2601 1856 2633 dicetur.
1880 2600 1937 2634 Est

1063 2642 1169 2666 autem
1182 2637 1346 2674 pauperies
1354 2639 1408 2677 (ut
1419 2637 1574 2678 Ulpianus
1585 2641 1697 2672 definit
1707 2642 1726 2672 l.
1742 2642 1805 2683 1.§.
1815 2652 1843 2683 3.
1853 2642 1880 2674 h.
1892 2643 1936 2683 t.)

1063 2676 1212 2707 damnum
1230 2676 1293 2708 fine
1309 2679 1418 2718 injuria
1434 2679 1581 2712 facientis
1599 2683 1716 2714 datum.
1732 2692 1804 2715 cum
1823 2685 1883 2722 ait,
1899 2683 1935 2715 fi-

1064 2726 1104 2747 ne
1122 2717 1230 2757 injuria
1254 2717 1423 2751 facientis:
1448 2722 1477 2752 &
1501 2723 1606 2761 addit,
1630 2723 1704 2755 Nec
1728 2725 1811 2758 enim
1828 2724 1934 2765 potest

1062 2757 1176 2790 animal
1191 2759 1300 2799 injuria
1317 2759 1427 2793 fecisse
1443 2765 1531 2802 quod
1544 2763 1629 2796 sensu
1644 2773 1746 2797 caret:
1763 2765 1864 2798 sensus
1882 2775 1935 2806 ap-

1062 2800 1238 2839 pellatione
1253 2799 1401 2843 intelligit
1418 2804 1584 2837 rationem.
1600 2807 1768 2847 quomodo
1776 2806 1841 2844 fine
1850 2807 1935 2848 sensu

1062 2841 1218 2882 accipitur
1232 2844 1315 2882 apud
1334 2844 1504 2878 Horatium
1520 2847 1567 2878 lib.
1582 2856 1606 2879 1.
1625 2847 1687 2878 Sat.
1705 2858 1734 2886 4.
1750 2850 1824 2888 vers.
1843 2858 1889 2889 77.
1904 2858 1935 2879 a·

1063 2883 1126 2922 pud
1143 2881 1296 2922 Justinum
1312 2884 1359 2916 lib.
1378 2895 1427 2927 34.
1448 2897 1471 2917 c.
1490 2898 1518 2919 2.
1543 2887 1606 2926 est,
1631 2889 1721 2928 Sensu
1743 2890 1863 2921 hominis
1885 2899 1932 2921 ca-

1061 2933 1139 2962 rere,
1151 2925 1246 2956 etiam
1258 2925 1373 2958 dicitur
1384 2929 1481 2969 sensus
1495 2930 1651 2960 communis
1660 2930 1743 2962 inter
1755 2931 1833 2962 alios
1849 2930 1934 2971 apud

1060 2964 1213 2996 Senecam
1233 2965 1325 3007 Epist.
1342 2978 1371 3008 5.
1396 2970 1426 3000 <Sc
1453 2969 1638 3008 juvenalem
1664 2971 1727 3002 Sat.
1745 2976 1774 3005 8.
1796 2973 1870 3011 veffl
1885 2980 1935 3011 73.

1061 3005 1171 3047 Itaque
1196 3005 1380 3047 simpliciter
1396 3009 1523 3050 Festus,
1549 3012 1720 3053 Pauperies,
1743 3010 1830 3049 infit,
1853 3013 1932 3042 dam-

1062 3056 1131 3078 num
1143 3048 1254 3079 dicitur
1265 3052 1340 3090 quod
1357 3054 1518 3093 quadrupes
1528 3054 1618 3093 facit.
1642 3052 1742 3084 Vere:
1766 3051 1817 3083 sed
1835 3060 1930 3082 caute

1061 3090 1291 3129 accipiendum.
1314 3101 1378 3124 non
1389 3095 1474 3124 enim
1491 3103 1588 3126 omne
1604 3095 1751 3139 damn-uin
1766 3101 1783 3122 a
1794 3094 1931 3132 quadru-

1060 3131 1143 3169 pede
1155 3131 1284 3170 datum,
1298 3134 1463 3174 pauperies
1480 3135 1657 3167 indistincte
1672 3135 1930 3180 diciturrverurn

1060 3172 1147 3210 quod
1163 3173 1202 3203 ab
1220 3173 1350 3205 homine
1368 3173 1505 3213 factum,
1522 3175 1577 3207 sub
1592 3174 1733 3214 injuriam
1746 3175 1840 3206 cadit.
1856 3184 1930 3220 pau-

1057 3213 1161 3253 peries
1178 3214 1272 3253 igitur
1286 3216 1417 3255 proprie
1433 3225 1497 3249 non
1513 3216 1557 3248 est
1569 3215 1694 3256 injuria:
1716 3215 1819 3255 (nulla
1835 3216 1927 3287 nobrig·

1851 3265 1889 3286 cu
