2036 3495
281 83 669 120 D1ssERTAT10
710 79 928 116 Tanna
968 90 1028 118 DE
1069 79 1204 128 JURF.
1242 79 1417 120 SUMMI
1458 84 1682 124 IMPERH
1723 85 1795 124 διε.

133 175 184 208 la:
205 172 269 206 five
292 173 381 214 quod
397 170 501 203 facilis
519 169 565 202 est
582 169 666 210 apud
685 168 829 217 infirmos
848 170 1011 206 excusatio

132 216 219 256 eJus‚
241 215 296 256 qui
315 215 345 246 ἀ
368 211 534 254 prodeffe‚
559 212 588 243 &
604 219 723 242 nocere
740 210 852 257 pellit:
877 211 1005 260 fivetde.

130 259 248 297 nique,
271 256 359 297 quod
386 256 477 286 unius
496 260 549 285 aut
564 260 739 293 paucorum
757 261 888 299 injuria,
910 262 1007 287 etiam

128 298 252 340 gravis,
275 299 347 338 quia
362 297 401 328 ad
420 303 596 335 paucorum
613 294 759 340 dolorem
777 302 943 341 pertinet,r
957 295 1007 343 fe.

129 349 165 372 re
182 339 310 380 publice
333 338 525 379 negligitur3
548 336 702 381 privatim·
715 344 792 366 vero
811 344 917 374 pauCis
937 347 1003 378 qui—

128 381 189 413 bus
206 381 249 412 ob
267 381 371 422 legum
390 378 550 410 defectum
562 379 610 418 jus
629 376 702 407 belli
720 375 895 421 fithNaturae
913 380 1001 420 lege,

127 423 226 463 magis
251 423 330 453 utile
355 420 400 452 est
424 419 607 460 quiescere,
641 426 734 458 quam
762 420 843 450 mani
871 420 1002 466 ultionis

126 463 232 497 studio
248 463 344 503 majus
371 460 426 492 fibi
446 462 564 492 malurn
582 459 746 491 arceffeie.
789 459 857 499 Jam
875 462 896 492 ii
912 471 948 494 ea
965 462 1002 495 fic

125 504 282 546 Principis
297 503 464 540 atrocitas,
489 509 522 533 ut
538 501 577 533 ad
594 501 691 532 totius
710 500 843 541 Populi,
868 512 920 534 aut
939 514 998 536 ma-

123 547 201 587 joris
218 545 312 587 partis
330 543 486 576 iaefionem
503 542 722 583 pertingam&
743 543 794 588 liic
805 552 894 583 quae,
906 555 1000 586 quan-

125 595 176 626 ta,
201 595 292 628 quam
314 585 410 618 multa
429 586 456 616 ei
474 584 614 624 Populus
633 584 663 615 &
680 584 754 615 belli
771 593 875 623 metu,
894 588 922 617 δι
941 589 998 619 otii

124 628 294 660 dulcedine
315 636 378 658 non
396 626 585 667 indulgeat?
610 625 832 672 Quamquam,
855 627 874 658 fi
894 637 999 661 extre-

121 678 173 702 ma
197 672 330 710 patiatur
355 668 553 699 crudelitatis
577 675 631 699 aut
656 667 807 707 luperbiae
833 671 998 711 exempla,

121 711 192 752 quis
208 711 314 751 culpet
338 718 410 742 eum
426 711 487 750 ‘qui
513 708 703 749 consumpta
723 712 810 740 omni
829 711 999 752 patientia,

121 761 189 784 non
211 761 247 783 ea
271 752 394 793 ignavia
417 750 478 790 fit;
501 758 535 782 ut
553 749 797 789 exspectandum
815 751 870 782 ilbi
888 754 1007 793 putet,

120 794 227 826 donec
243 794 282 823 (le
299 794 385 825 coelo
403 792 572 824 descendat
590 790 696 830 Deus,
713 795 742 822 in
760 792 888 824 humani
904 804 997 835 gene-

118 835 161 867 ris
184 833 306 865 hostem
333 833 382 865 sua
407 833 549 865 missurus
572 832 730 865 fulmina?
755 835 821 864 imo
846 836 915 873 quis
932 845 997 867 non

121 885 193 907 eum
222 876 355 914 laudet,
380 877 467 911 Quod
492 875 662 915 aliquando
690 876 719 906 ie
745 875 997 916 circumspiciat,

119 918 151 949 &
170 927 186 948 a
198 916 271 948 Deo
288 917 416 957 reprimi
435 925 547 957 putet,
565 917 617 956 qui
635 914 764 960 N-aturae
782 917 872 957 iege,
888 918 918 949 id
933 918 995 965 est,

119 959 225 990 divina
246 960 415 990 voluntate
434 958 630 989 coercetur?
656 957 782 989 Praestat
801 966 923 997 tamen,
942 960 993 991 ali·

118 1009 212 1041 quam
230 999 291 1031 esse
308 1000 537 1040 rempublicam
551 1023 559 1037 ,
580 1008 672 1040 quam
696 999 831 1031 nullam:
853 1000 994 1040 praestat‚

117 1050 232 1083 pacem
257 1041 339 1081 esse3
363 1051 455 1082 quam
481 1041 610 1073 bellum.
654 1039 751 1081 Quafi
768 1041 942 1081 respublica
958 1041 1011 1073 fit.

118 1084 150 1115 in
169 1092 230 1122 qua
249 1084 336 1123 leges
357 1092 473 1115 nomen
491 1084 578 1120 sunt,
600 1083 716 1122 judicia
737 1083 861 1122 Jacent,
888 1084 993 1114 omnia

117 1124 149 1156 vi
167 1124 390 1163 autfaClzione‚
409 1125 487 1156 nihil
504 1124 646 1162 ratione,
663 1123 919 1164 nihilaequojure
939 1126 992 1167 de·

117 1169 270 1197 cernitur.
311 1167 435 1206 Atpaei
451 1165 648 1197 studendum.
687 1165 755 1203 An,
782 1172 816 1195 ut
832 1173 931 1197 tu-me
945 1166 991 1206 ju-

115 1208 205 1248 gules
220 1214 273 1238 aut
299 1208 439 1246 expiles3
463 1217 525 1247 ego
543 1207 667 1238 interim
688 1207 822 1246 digitum
842 1216 905 1238 non
924 1217 1004 1244 mio<>

114 1249 235 1280 veam?
260 1248 352 1280 Hanc
369 1248 387 1279 fi
406 1257 438 1279 tu
459 1256 569 1286 pacem
589 1256 705 1285 vocas,
731 1248 805 1286 quid
824 1248 942 1280 bellum
959 1258 984 1280 e-

113 1290 182 1322 rit‘?
207 1290 300 1329 quin,
326 1296 359 1320 ut
381 1289 551 1320 abstineam
577 1288 682 1326 bello,
706 1298 747 1318 ne
773 1290 848 1319 mibi
868 1289 988 1321 inferto

115 1331 253 1362 bellum:
277 1339 311 1361 ut
334 1339 445 1370 pacem
472 1330 611 1367 servem,
636 1335 747 1369 pacem
774 1330 850 1361 mihi
868 1332 986 1370 praesta.

113 1381 179 1404 non
198 1373 282 1403 enini
300 1371 404 1403 civem
422 1373 461 1403 ab
480 1371 570 1402 hoste
586 1378 695 1402 natura
711 1380 747 1401 ac
767 1371 863 1410 loco,
886 1373 938 1404 sed
955 1383 985 1403 a-

112 1415 221 1452 nimo,
245 1413 402 1453 factisque
428 1412 604 1454 distinguo:
629 1422 689 1443 nec
707 1422 777 1443 mea
794 1413 941 1452 interest,
964 1414 984 1446 fi

111 1455 247 1495 spolier,
270 1453 291 1486 fi
309 1464 478 1496 torquear,
496 1453 517 1486 fi
532 1454 709 1493 discerpat,
733 1453 754 1485 fi
771 1455 910 1494 denique
927 1458 981 1488 mi-

111 1495 180 1527 sere
198 1505 293 1536 atque
308 1496 418 1537 injuste
438 1496 583 1534 occidar,
607 1505 644 1527 ac
663 1495 777 1534 lanier,
794 1497 880 1537 cujus
899 1496 980 1528 saevi·

111 1538 157 1568 tia
181 1536 254 1575 fiat,
278 1545 382 1568 utrum
407 1537 522 1574 hostis,
545 1545 596 1568 aut
613 1538 765 1575 latronis,
788 1547 824 1569 an
847 1539 911 1578 ejus
931 1539 983 1579 qui

111 1577 145 1609 se
161 1587 266 1609 meum
285 1580 408 1616 civem,
431 1588 484 1610 aut
503 1578 681 1620 Principem
699 1578 790 1610 ferat.
816 1589 880 1610 non
898 1582 983 1611 enim

111 1628 162 1651 res
179 1626 336 1654 muratur;
355 1619 406 1651 sed
423 1629 558 1652 nomen:
581 1630 629 1651 res
646 1621 756 1652 eadem
773 1621 835 1653 est:
861 1629 983 1653 tantum

112 1662 153 1692 ad
172 1661 344 1702 augendam
363 1661 485 1693 sceleris
504 1663 705 1693 atrocitatem
722 1663 879 1702 pertinet,
896 1665 983 1702 quod

113 1701 168 1736 ille
191 1712 209 1734 a
231 1711 298 1744 quo
321 1702 468 1736 adversus
490 1701 597 1737 hostes
619 1711 672 1736 aut
688 1703 827 1737 latrones
852 1704 983 1737 defendi

1860 99 1933 135 517

1055 169 1231 210 debebam,
1254 171 1319 213 ipse
1337 173 1415 206 mihi
1431 174 1439 206 i
1477 177 1713 216 portuniffimus
1732 177 1762 209 δι
1779 178 1931 211 crudelis-

1053 211 1145 243 fimus
1163 212 1261 253 hostis
1279 221 1332 246 aut
1347 215 1429 249 latro
1444 183 1552 257 ffittus.
1565 217 1620 258 est.
1667 219 1822 251 Adversus
1841 219 1927 252 hune

1052 253 1149 293 igitur
1171 253 1191 286 fi
1216 255 1355 288 lacertos
1378 255 1448 289 suos
1470 256 1601 292 moveat
1627 260 1789 302 Populus3
1812 262 1925 302 aliquis

1050 296 1167 334 clamet
1192 296 1231 335 de
1252 298 1340 338 pacis
1356 302 1545 338 ,commodis
1563 325 1572 341 ‚
1597 303 1702 344 deque
1725 303 1800 334 belli
1822 304 1921 335 malis.

1047 343 1207 376 tamquam
1231 332 1250 369 si
1267 337 1376 371 felicia
1390 340 1456 378 ¹fint
1475 349 1620 384 tempora
1643 345 1758 385 quibus
1776 346 1853 377 boni
1871 354 1927 386 pe-

1046 386 1157 416 reunt,
1174 387 1294 412 tantum
1315 389 1348 412 ut
1363 380 1535 424 Tyrannus
1554 394 1627 418 cum
1645 387 1752 427 paucis
1772 387 1926 427 improbis

1045 427 1083 450 ac
1100 419 1230 453 nefariis
1243 420 1300 454 sua*
1310 423 1440 456 libidine
1450 428 1644 467 acnequitia
1656 427 1781 470 fruatur
1794 436 1865 459 tuto
1882 428 1925 460 se-

1045 469 1408 507 curequezmtamquam,
1425 466 1445 498 fi
1464 467 1695 509 perpopuium
1712 469 1792 512 stet,
1816 479 1889 502 cum
1905 479 1924 502 a

1045 502 1076 533 se
1094 502 1124 534 &
1139 503 1195 534 i'uis
1212 505 1326 536 (celera
1342 515 1439 547 atque
1463 508 1589 548 injurias
1604 518 1711 549 arcet,
1736 520 1800 551 quo
1818 513 1923 543 minus

1045 546 1216 576 metuenda
1243 545 1300 577 sint
1323 548 1426 581 civilis
1452 549 1526 581 belli
1549 553 1636 583 mala.
1680 551 1769 584 Nihil
1793 553 1919 585 horum.

1029 595 1108 616 -non
1125 595 1160 616 ea
1177 586 1297 618 infelici
1316 587 1441 629 Populo
1457 593 1510 631 qui
1529 592 1701 632 moestitiis,
1725 593 1776 626 sed
1792 593 1920 635 Tyran-

1044 637 1088 658 no
1106 637 1157 668 qui
1176 638 1248 660 eum
1269 630 1437 668 lacessivit,
1463 633 1616 674 malisque
1635 633 1685 665 sua
1703 634 1833 666 feritate
1851 645 1921 667 cau·

1045 668 1104 700 sam
1123 670 1230 713 dedit,
1254 673 1438 711 imputanda
1457 673 1542 706 sunt:
1567 675 1597 706 ἀ
1616 675 1772 707 verissime
1788 676 1920 714 Marcus

1046 710 1226 745 Antoninus
1238 735 1247 751 ‚
1274 711 1422 753 Princeps
1439 724 1503 746 non
1522 718 1627 752 minus
1646 718 1718 748 vitae
1735 718 1920 760 integritate

1042 754 1141 791 atque
1164 752 1368 793 innocentia,
1395 765 1488 798 quam
1506 755 1675 798 sapientia,
1700 758 1920 801 omnihuqhse-

1043 794 1122 823 culis
1148 797 1423 828 commendandms
1442 821 1451 836 ,
1476 807 1547 830 cuin
1573 799 1918 832 enumerasse-somnes

1043 834 1096 872 qui
1114 834 1210 865 occili
1229 835 1329 867 ess'ent
1356 837 1589 879 Imperatores,
1612 840 1752 872 habuiss'e
1769 851 1826 873 eos
1845 851 1918 873 cen-

1043 875 1097 905 iuit
1117 875 1220 907 causas
1237 878 1351 916 quibus
1369 889 1567 914 mererentur
1584 883 1711 920 occidi;
1736 892 1795 914 nec
1807 892 1918 920 quem·

1040 925 1135 954 quarn
1160 916 1279 948 bonum
1304 918 1399 950 facile
1425 922 1541 954 victum
1561 924 1611 954 vel
1630 924 1790 963 occisum3
1814 934 1917 956 meru·

1038 956 1090 987 iffe
1103 956 1267 990 Neronem
1279 982 1288 997 ‚
1306 961 1446 993 debuisse
1463 963 1637 1005 Caligulam
1650 989 1658 1003 ‚
1677 964 1864 1005 Othonem,
1885 967 1916 998 &

1039 997 1225 1038 Vitellium,
1252 1009 1319 1031 nec
1335 1003 1493 1042 imperare
1513 1006 1644 1038 voluiffe
1660 1007 1713 1048 qui
1731 1017 1797 1039 non
1814 1007 1916 1049 Impe-

1037 1048 1159 1072 ratores
1177 1042 1454 1083 repraesentarent‚
1481 1045 1531 1077 sed
1548 1048 1678 1080 belluas.

1078 1082 1139 1114 Sed
1158 1082 1253 1120 finio,
1272 1084 1296 1112 A
1310 1085 1343 1115 Α.
1372 1085 1497 1126 longius
1515 1089 1599 1120 enim
1617 1090 1776 1131 progr-effa
1786 1090 1831 1122 est
1846 1100 1915 1122 ora·

1037 1124 1103 1161 tio,
1122 1133 1214 1161 quam
1232 1126 1392 1166 cogitavi:
1416 1128 1443 1158 ὅ(
1465 1137 1522 1159 vos
1543 1130 1738 1171 intelligitis,
1761 1132 1915 1164 summum

1012 1165 1013 1168 ’
1035 1164 1274 1206 Magistratum,
1291 1168 1534 1209 qualiscumque
1548 1170 1583 1202 fit
1600 1170 1830 1212 inrepublica,
1847 1183 1914 1206 non

1035 1207 1075 1238 de
1092 1208 1178 1238 coelo
1196 1208 1341 1245 demitti,
1365 1208 1415 1240 sed
1433 1213 1597 1243 communi
1621 1213 1740 1245 civium
1757 1214 1912 1246 consensu

1032 1249 1154 1286 imponi
1166 1247 1280 1288 :·ac,'⁴fi
1292 1249 1327 1281 'se
1337 1249 1517 1290 Principem
1529 1262 1580 1284 aut
1598 1253 1816 1295 Magistratum
1833 1266 1912 1296 prae-

1032 1289 1109 1321 bere
1134 1291 1230 1328 velit,
1255 1298 1319 1323 non
1347 1292 1468 1334 legibus
1493 1294 1649 1332 solutum,
1675 1295 1725 1327 sed
1745 1297 1909 1337 alligatum

1014 1350 1016 1354 ,
1031 1330 1174 1370 profiteri
1191 1342 1362 1373 oportere:
1386 1345 1447 1367 nec
1465 1335 1546 1367 suam
1564 1336 1757 1383 potestatem
1773 1337 1821 1369 sua
1840 1339 1908 1369 libi-

1030 1374 1122 1412 dine,
1147 1373 1199 1404 sed
1228 1374 1341 1414 Populi
1362 1377 1499 1408 utilitate
1517 1379 1639 1410 metiri:
1664 1387 1814 1410 caeterum
1843 1389 1909 1412 non

1028 1414 1210 1454 Principem
1235 1425 1288 1447 aut
1314 1416 1534 1459 Magistratum
1564 1429 1657 1460 agere
1673 1444 1683 1459 ,
1707 1419 1758 1452 sed
1782 1420 1908 1463 Tyran-

1029 1465 1124 1495 num,
1147 1465 1243 1494 atque
1265 1467 1281 1489 a
1306 1457 1365 1490 suis
1390 1461 1513 1492 civibus
1531 1461 1618 1494 omni
1633 1461 1722 1501 jure,
1745 1462 1776 1494 δε
1794 1463 1906 1496 divino

1028 1497 1058 1528 &
1077 1499 1214 1530 humano
1230 1501 1374 1531 coerceri
1393 1500 1491 1540 poffe.

1070 1537 1166 1580 igitur
1192 1542 1279 1580 quod
1304 1541 1440 1582 superest
1455 1552 1534 1584 ago:
1563 1542 1676 1584 Regias
1692 1546 1776 1576 enim
1796 1545 1906 1584 exspe-

1027 1579 1116 1611 Ctatis
1130 1582 1233 1613 literas
1249 1584 1362 1622 quibus
1380 1586 1409 1615 in
1422 1587 1601 1624 proximum
1618 1594 1734 1618 annum
1747 1586 1822 1618 mihi
1838 1586 1906 1618 suc-

1026 1621 1145 1661 ceffor,
1168 1623 1362 1664 Magnificus
1391 1627 1568 1657 Academiae
1597 1625 1731 1665 Rettnr,
1758 1627 1902 1667 dabitur3

1026 1663 1076 1702 ἃ,
1101 1673 1135 1695 ut
1152 1673 1249 1696 vacua
1266 1665 1300 1698 fit
1323 1667 1392 1698 haec
1406 1667 1597 1708 jurisdictio,
1623 1671 1710 1708 quod
1729 1669 1816 1709 leges
1831 1678 1901 1703 rno-

1025 1715 1141 1747 resque
1155 1706 1288 1751 jubent,
1311 1718 1386 1742 meo
1401 1719 1452 1743 me
1470 1709 1657 1752 Magistratu
1674 1710 1804 1744 abdico.

1674 3224 1867 3265 GERAR..

1052 3221 1184 3269 Tttg)
