2036 3495
604 33 884 79 Jun1us
936 31 1353 80 P>autus‘,&c.

77 126 164 169 quod
180 126 240 166 jam
258 123 378 156 dudum
396 122 437 155 ab
451 121 517 155 aliis
540 120 586 153 est
607 118 878 159 animadversum,
902 120 948 152 le·

72 170 211 211 gendum
228 166 489 208 sanguinolentos:
508 164 675 208 quomodo
700 162 818 209 habere
840 162 948 202 plures

72 219 110 241 ac
133 209 283 241 meliores
309 207 408 239 libros
427 206 676 246 manuscriptos,
700 202 787 235 testis
805 202 849 235 est
866 202 946 235 Rus-

70 251 189 283 sardus.
221 250 394 281 commode
413 257 542 287 quoque
563 246 745 278 observavit
763 243 945 292 Gothofre-

72 294 148 331 dus,
172 292 204 322 id
221 292 396 322 convenire
413 289 527 321 Titulo
554 287 685 320 Codicis
705 285 944 326 Theodofiam,

70 336 124 374 qui
144 333 188 364 est
204 332 251 364 De
266 332 309 363 bis
323 333 375 373 qui
390 329 647 372 sanguinolentos
668 334 772 369 emptos
787 329 834 359 vel
849 329 945 359 nutri-

73 377 158 406 endos
175 374 331 414 acceperint
346 373 363 403 ?
387 372 438 404 Est
464 381 560 413 porro
579 370 836 416 sanguinolentus
858 377 945 401 utro-

72 426 135 456 que
152 416 183 447 in
202 416 298 453 loco,
323 423 434 445 recens
461 422 566 451 natus3
592 412 678 450 five,
702 420 736 443 ut
761 411 806 443 est
829 421 860 443 in
876 413 906 458 d:
923 411 943 443 l.

69 459 175 494 unica,
191 466 207 488 a
224 456 379 497 sanguine.
403 454 630 495 Juvenalissar.
649 463 675 495 7.
693 455 767 495 veiss
790 463 856 494 195.
880 460 945 493 ait,

71 500 168 530 talem

152 558 205 563 —-
226 556 278 563 —-
299 555 352 561 ——
377 537 486 569 Primos
504 538 686 577 incipientem

113 579 202 612 Edere
218 580 339 621 vagitus
356 578 393 613 ἐξ
410 580 504 610 adouc
521 589 539 609 a
556 585 648 610 matre
666 579 823 609 rubentem.

71 622 134 653 Sed
152 632 168 652 a
188 622 291 653 verbis
311 622 349 651 ad
368 629 446 651 rem.
492 619 580 661 Quid
598 621 628 651 in
645 621 671 651 d.
691 620 710 651 l.
730 628 758 650 2.
790 618 945 651 Constan-

68 663 181 694 tinus?
205 660 424 703 permittitfilii
443 660 556 693 filiaeve
568 661 818 702 sanguinolenti,
834 661 864 692 id
882 660 944 700 est,

69 713 105 736 ut
133 704 217 742 dixi,
241 711 350 734 recens
376 703 465 740 nati,
489 703 727 734 venditionem:
752 711 813 733 nec
839 709 944 733 tamen

69 745 210 786 seinper;
227 743 278 775 sed
297 752 419 776 tantum
431 745 474 775 ob
490 745 618 776 nimiam
637 751 856 789 paupertatem
872 752 943 784 ege-

69 787 244 826 statemque
261 786 362 817 vitius
381 786 480 817 causa.
498 786 535 817 ad
554 787 655 826 quid?
679 795 719 817 ne
736 785 874 830 alioquin
892 794 944 825 pa-

70 836 119 859 tei·
134 835 267 868 cogatur
284 827 399 859 cedere
416 828 612 867 neceffitati3
636 828 665 859 δι
684 827 735 859 vel
753 827 872 858 invitus
891 835 944 857 oc-

71 871 199 907 cidere,
223 868 377 908 abjicere,
401 878 455 900 aut
482 878 665 910 exponere,
690 867 789 900 filiurn
805 866 943 912 filiamve

67 910 344 952 sanguinolentum
370 920 464 950 quem
490 919 555 941 non
581 909 688 951 potest
705 910 799 942 alere.
848 908 947 955 Igitur

69 961 176 992 neque
203 952 255 983 hic
280 951 506 983 Constantinus
523 952 645 983 directo
664 958 752 983 vetat
773 951 945 991 expolitio-

69 1003 143 1026 nem
162 1001 215 1024 aut
230 994 351 1024 caedem
368 993 597 1034 sanguinolenti
609 992 662 1024 filii
676 992 809 1031 filiaeve,
825 1000 945 1032 propo-

70 1034 126 1066 sita
144 1044 257 1075 poena:
283 1033 350 1074 sed,
368 1043 402 1065 ut
419 1036 501 1072 dixi,
519 1035 582 1075 ejus
599 1034 721 1065 causam
739 1042 834 1074 atque
850 1042 944 1064 occa-

69 1075 189 1108 sionem
215 1076 308 1107 tollit.
352 1076 452 1108 Paulo
472 1076 562 1107 aliter
586 1084 678 1116 quam
695 1077 765 1116 lege
789 1074 945 1119 Thebana

68 1117 201 1149 facturn.
241 1116 325 1149 Nam
348 1127 383 1148 ea
402 1118 527 1158 utrique
543 1117 709 1149 occursum
727 1116 835 1155 fuisse,
850 1116 945 1148 AElia·

68 1168 127 1190 nus
151 1158 251 1190 refert
270 1159 316 1189 lib.
335 1169 362 1190 2.
385 1158 456 1190 [sar.
474 1157 539 1198 hist.
558 1169 581 1189 c.
600 1167 627 1198 7.
661 1159 708 1190 his
731 1158 853 1196 verbis,
878 1157 945 1188 Lex

67 1200 127 1230 hcet·
147 1199 347 1231 Thebanorum
365 1199 510 1239 restiffime
521 1198 557 1233 ὅ)
572 1198 766 1239 humaniffime
778 1197 871 1239 postca
885 1195 944 1238 est,

69 1241 120 1273 Ne
138 1242 187 1272 cui
206 1240 336 1271 Thebano
355 1241 439 1272 liceat
462 1241 605 1280 infantem
630 1247 784 1279 exponere,
807 1248 898 1281 neque
913 1241 945 1270 in

66 1283 256 1322 solitudinem
273 1282 410 1322 objicere,
427 1282 529 1321 capitis
544 1282 680 1321 supplicio
697 1279 860 1320 constituto.
887 1279 944 1311 Ve-

72 1333 139 1354 rum
147 1322 175 1360 fi
190 1328 490 1362 exiremupoupertute
504 1328 586 1361 pater
600 1324 722 1360 laboret,
734 1321 798 1360 five
814 1332 873 1354 mas
881 1320 942 1360 fit,

66 1363 128 1402 five
140 1365 266 1404 foemina
282 1364 400 1402 insons3
411 1364 493 1405 juber
508 1363 573 1401 lex,
596 1362 769 1404 eumstatz'm
783 1374 801 1394 u
815 1370 942 1395 materno

63 1412 154 1447 portu
179 1407 217 1436 ad
237 1403 438 1445 magistratum
454 1414 519 1435 cuin
541 1403 605 1445 ipsis
622 1405 728 1443 fasciis
742 1405 869 1445 deferre.-
891 1406 944 1447 qui

68 1453 214 1486 acceptum
229 1447 320 1477 alicui
336 1448 433 1477 tradiit
450 1444 585 1486 leviffimo
605 1449 717 1487 pretio,
741 1456 806 1477 cum
822 1456 877 1488 quo
890 1455 943 1488 pa·

68 1487 115 1519 aa
131 1487 166 1522 ἃ
184 1489 357 1518 condit-iones
373 1490 552 1518 intercedunt
563 1512 571 1523 ,
590 1489 661 1518 bona
674 1488 735 1527 fide
749 1488 894 1528 infantem
910 1499 941 1520 α-

68 1529 129 1569 lac,
153 1529 338 1570 adultumque
347 1529 432 1569 servi
444 1529 491 1560 vel
507 1529 619 1560 ancillae
637 1529 694 1561 loco
710 1530 829 1570 habeat,
849 1529 894 1569 fic
909 1538 942 1562 ur

794 1636 1009 1673 CAPUT

1797 52 1866 90 471

986 129 1040 164 pro
1055 122 1233 155 educationis
1247 125 1370 157 mercede
1385 129 1483 166 operas
1496 127 1559 171 ejiis
1591 128 1721 172 ercz'piat.
1746 129 1799 163 Sic
1812 132 1869 165 AE-

990 166 1108 197 iianus:
1125 174 1165 197 ex
1181 173 1246 206 quo
1261 174 1412 207 apparet,
1430 168 1534 211 legem
1584 171 1737 205 hebanam
1752 174 1783 204 in
1799 173 1866 205 hoc

989 207 1165 238 convenire
1190 208 1253 249 legi
1281 207 1500 246 Constantini:
1524 213 1612 254 quod
1631 220 1764 255 utraque
1781 216 1865 255 patri

988 247 1021 279 in
1039 247 1155 280 summa
1173 248 1314 290 egestate
1331 252 1725 291 pei-mittit'venditionem
1741 255 1862 297 sangui-

990 289 1115 321 nolenti
1133 289 1204 323 filii:
1221 299 1357 333 nempe,
1373 300 1414 324 ne
1433 294 1461 325 ei
1476 294 1512 327 fit
1528 295 1617 327 causa
1634 296 1862 338 expositionis:

989 328 1041 361 sed
1061 330 1189 363 differre
1208 332 1238 364 in
1255 343 1314 374 eo,
1341 335 1429 375 quod
1447 335 1544 368 altera
1561 338 1793 378 expositionem
1809 347 1863 380 pa·

989 371 1051 417 lam
1063 373 1215 412 prohibet
1230 375 1285 406 sub
1293 376 1420 416 capitali
1433 386 1545 418 poena,
1560 379 1657 412 altera
1669 386 1774 422 neque
1790 390 1863 421 pro·

988 412 1078 444 hibet
1094 423 1184 454 eam,
1207 425 1314 457 neque
1331 418 1432 457 punit.

1029 454 1190 489 Caeterum
1215 457 1382 499 postquam
1409 458 1636 494 Constantinus
1658 462 1688 494 &
1712 463 1863 496 alimenta

988 496 1159 542 dequibus
1177 498 1261 539 dixi,
1278 501 1460 539 parentibus
1479 505 1616 534 concedi
1633 504 1736 544 J'uffit,
1753 506 1782 537 &
1797 506 1877 537 san»

987 539 1248 579 guinolent01·um
1265 541 1438 574 liberorum
1455 544 1674 576 venditionem
1685 568 1694 584 ‚
1710 548 1754 577 ob
1772 547 1863 578 nimi-

988 588 1038 610 am
1063 589 1283 622 paupertatem
1307 582 1560 626 egestatemque,
1588 585 1689 617 viCtus
1709 589 1798 619 causa
1814 589 1862 619 in-

988 620 1100 661 dulsit3
1123 622 1178 654 etsi
1202 625 1345 656 nondum
1373 626 1527 666 auderet,
1551 635 1662 658 eorum
1687 628 1863 669 expositio-

988 671 1062 693 nem
1079 672 1133 695 aut
1150 674 1263 697 necem
1281 665 1471 706 prohibere3
1488 676 1592 699 tamen
1611 676 1644 699 ut
1661 669 1739 700 alios
1756 671 1793 702 ad
1809 680 1863 702 cx-

989 703 1164 743 pofitorum
1180 706 1411 748 susceptionem
1427 709 1594 748 invitaret,
1610 709 1697 741 simul
1714 720 1862 751 parentes

987 744 1027 775 ab
1044 754 1080 776 ea
1096 746 1304 789 absterreret3
1328 750 1443 782 deinde
1458 751 1543 782 cavit
1559 751 1589 782 in
1606 751 1625 782 l.
1639 760 1663 783 1.
1676 752 1744 783 Cod.
1757 752 1860 784 Theod.

987 786 1020 816 de
1041 786 1190 827 expofitis,
1215 798 1285 829 quae
1307 791 1368 822 lata
1392 790 1437 822 est
1463 801 1546 823 anno
1570 802 1626 833 3531
1655 792 1726 832 post
1750 802 1862 826 natum

989 826 1166 867 Christum,
1192 838 1232 860 ne
1245 831 1293 870 jus
1316 831 1392 863 effet
1417 834 1497 873 patri
1523 833 1622 865 filiurn
1644 843 1739 874 quem
1759 844 1861 882 expo-

986 866 1063 907 suit,
1087 871 1252 909 repetendi
1270 872 1309 902 ab
1325 882 1366 903 eo
1383 875 1436 913 qui
1455 884 1527 906 eum
1543 876 1732 917 collegerit,
1749 877 1860 909 acinis

989 911 1145 942 alimentis
1162 912 1201 943 ad
1219 912 1318 944 robur
1329 916 1525 953 perduxerit.
1566 915 1672 948 Verba
1692 918 1761 949 haec
1777 917 1861 950 sunt.

990 951 1168 996 Quicunque
1178 958 1303 992 puerum
1320 954 1367 984 vel
1375 956 1518 994 puellam,
1537 957 1695 999 projefflam
1711 962 1745 990 de
1760 960 1839 990 domo
1850 982 1859 998 ‚

984 994 1082 1034 patris
1105 993 1152 1024 vel
1174 995 1283 1025 domini
1304 995 1454 1027 voluntate
1472 998 1647 1040 scientiaque
1662 1023 1672 1038 ,
1701 1000 1861 1042 collegerit,

987 1044 1022 1065 ac
1036 1034 1102 1074 suis
1126 1035 1272 1066 alimentis
1295 1037 1333 1067 acl
1354 1038 1441 1068 robur
1452 1044 1636 1078 provexerit,
1659 1044 1777 1073 eundem
1791 1042 1859 1073 reli-

987 1081 1055 1107 neat
1068 1076 1127 1116 sub
1150 1077 1243 1108 eodem
1258 1074 1343 1117 flatu
1359 1087 1442 1117 quem
1458 1081 1537 1119 apud
1559 1082 1589 1118 le
1613 1082 1787 1114 recolleliluin
1809 1093 1862 1114 vo-

987 1118 1074 1148 luerit
1099 1121 1212 1159 agitare
1226 1141 1236 1156 ,
1267 1118 1318 1149 hoc
1340 1118 1379 1159 est}
1396 1143 1406 1158 ‚
1433 1118 1498 1157 five
1516 1121 1615 1159 filium
1632 1146 1641 1160 ,
1657 1122 1723 1160 five
1737 1125 1861 1164 fiir-vum

986 1168 1050 1189 eum
1066 1158 1117 1199 effe
1142 1159 1294 1196 nioluerit3
1317 1162 1395 1192 omni
1411 1163 1585 1200 repeticionis
1602 1165 1801 1205 inquietudine
1813 1172 1863 1206 pe-

986 1202 1065 1231 nitus
1073 1201 1273 1240 submovenda
1288 1210 1382 1233 eorum
1398 1203 1449 1243 qui
1469 1205 1563 1238 servos
1582 1210 1634 1234 aut
1656 1205 1753 1236 liberos
1766 1207 1859 1244 scien-

986 1247 1027 1272 tes
1047 1242 1167 1282 propria
1190 1242 1342 1274 voluntate
1365 1244 1444 1275 domo
1468 1253 1563 1274 recens
1586 1253 1668 1276 natos
1693 1248 1861 1287 objecerint.

985 1283 1124 1323 Exposui
1142 1283 1307 1324 plerasque
1326 1285 1413 1326 leges
1430 1293 1506 1325 quas
1522 1285 1587 1317 hoc
1606 1287 1636 1317 in
1656 1286 1797 1321 themate
1813 1296 1862 1320 tu-

986 1325 1021 1356 lit
1048 1324 1292 1364 Constantinus3
1316 1327 1412 1358 etiam
1435 1325 1577 1366 ostendi,
1602 1327 1649 1359 liis
1678 1338 1783 1370 neque
1808 1339 1862 1361 ve-

986 1367 1096 1404 titam,
1123 1375 1229 1406 neque
1254 1368 1396 1406 punitam
1412 1391 1422 1407 ,
1454 1368 1482 1399 ἃ
1507 1369 1582 1399 ideo
1606 1369 1744 1409 licitam,
1768 1370 1861 1403 fuisse

986 1407 1144 1439 infantum
1169 1417 1279 1439 recens
1297 1418 1443 1441 natorum
1461 1409 1490 1440 ἀ
1508 1410 1740 1449 expositionem
1760 1412 1790 1444 &
1806 1422 1862 1444 ne-

985 1458 1077 1488 cem3
1101 1458 1235 1487 eamque
1258 1449 1349 1481 fuiffe
1364 1450 1486 1482 causam
1498 1474 1506 1489 ‚
1531 1460 1587 1482 cur
1603 1453 1634 1483 in
1651 1452 1733 1485 hanc
1749 1463 1861 1494 paren-

986 1499 1052 1522 tum
1070 1491 1293 1521 crudelitatem
1306 1498 1402 1530 atque
1421 1493 1617 1530 impietatem
1635 1493 1739 1526 adhuc
1757 1502 1862 1528 tanto-

985 1541 1062 1573 pere
1078 1531 1309 1564 inveherentur
1325 1532 1493 1565 Christiani
1512 1532 1704 1574 Scriptores.

1068 1637 1140 1673 VI.

69 1726 191 1763 Primos
207 1724 366 1771 infantum
389 1723 599 1770 expositionem
613 1726 750 1771 prohibui
776 1738 791 1760 e
807 1726 1034 1773 Imperatores,
1062 1727 1337 1772 Valentinianum,
1361 1727 1544 1774 Valentem,
1569 1727 1610 1770 δέ)
1632 1730 1823 1768 Gratianum
1837 1732 1861 1770 l.

119 1784 149 1808 2.
173 1775 204 1809 C⁴
233 1776 267 1809 de
289 1772 463 1819 infantibus
479 1773 630 1819 expofitls.

683 1773 819 1823 Qucefit
838 1787 875 1810 ea
891 1778 922 1811 in
938 1778 1003 1824 lege
1029 1776 1210 1812 constituta
1229 1777 1495 1820 animadversio,
1523 1780 1563 1814 ab
1587 1779 1746 1825 Acmrfio,
1772 1782 1862 1817 aliis-

118 1836 174 1869 que
192 1824 283 1858 <lonis
301 1824 401 1866 viris,
418 1821 546 1869 frustra
556 1825 621 1867 peti
638 1834 674 1858 ex
694 1825 714 1857 l.
739 1835 765 1858 ι,
782 1822 809 1870 §.
830 1834 864 1866 4.
884 1826 929 1860 D.
965 1828 999 1861 de
1017 1824 1214 1873 agnoscendis
1232 1823 1273 1865 ὅ)
1291 1827 1409 1862 alendis
1430 1828 1532 1863 liberis
1545 1855 1555 1871 ,
1582 1830 1653 1864 item
1670 1829 1691 1865 l.
1709 1838 1741 1872 9.
1764 1830 1796 1867 C.
1824 1831 1860 1866 de

110 1874 220 1918 patria
233 1872 385 1919 potestate
398 1898 407 1915 ,
434 1869 476 1910 ὅ
492 1871 511 1907 l.
528 1882 561 1914 4.
583 1872 626 1907 D.
650 1873 686 1907 cle
702 1871 898 1919 agnoscendis
922 1873 963 1914 ἐξ
983 1875 1099 1910 alendis
1115 1875 1227 1910 liberis.

69 1985 149 2056 At
164 1981 253 2022 quod
270 1981 357 2013 ausus
375 1990 438 2013 non
454 1980 516 2012 fuit
535 1980 780 2022 Constantinus,
803 1991 840 2015 ut
858 1985 944 2016 vide-

149 2030 219 2062 tur,
232 2022 357 2054 vetusto
369 2023 432 2063 jam
448 2023 478 2053 ἂ
493 2023 567 2054 ideo
581 2024 754 2063 praevalido
770 2026 873 2065 malo,
885 2028 946 2066 pri-

70 2065 112 2096 mi
137 2066 237 2104 palam
261 2064 492 2105 prohibuerunt
524 2063 648 2105 Imppp.
681 2065 943 2107 Valentinianus,

70 2105 208 2145 Valens,
232 2106 261 2137 &
276 2104 448 2137 Gratianus
464 2105 481 2136 l.
502 2114 531 2137 2.
550 2105 584 2137 C.
609 2107 642 2136 cle
657 2106 820 2145 infantibus
838 2108 944 2149 expost-

70 2148 126 2177 ti's:
142 2156 212 2188 quae
226 2147 268 2179 fic
285 2147 398 2187 scripta
415 2148 453 2178 ad
470 2146 611 2179 Probum
626 2147 661 2179 P.
679 2148 712 2179 P·.
737 2147 945 2192 Unusquisque

64 2188 190 2228 sobolem
191 2196 279 2228 suam
293 2190 424 2220 nutriar.-
439 2190 513 2229 quod
529 2188 551 2222 si
568 2191 761 2228 exponendam
773 2194 943 2230 putaverit,

69 2228 330 2267 czninzadverfioni,
353 2239 415 2270 quie
431 2228 587 2270 constituta
602 2228 661 2269 est,
683 2231 846 2271 subjacebit.
887 2233 943 2265 Sed

69 2280 121 2300 nec
139 2271 278 2308 dominis,
301 2270 348 2301 vel
367 2274 498 2310 patronis
514 2273 656 2311 repetendi
677 2273 789 2303 aditum
804 2274 942 2315 relinqui-

68 2321 152 2350 mus,
168 2310 197 2349 fi
220 2313 254 2343 ab
277 2310 343 2351 ipfis
366 2311 502 2352 expofitos
524 2314 725 2353 quodammodo
747 2315 786 2344 acl
807 2322 942 2355 mortem,

68 2353 204 2384 voluntas
219 2354 412 2387 misericordie
428 2355 521 2384 amico
539 2353 694 2395 collegerir:
709 2364 760 2385 nec
775 2357 944 2399 enimsuum

68 2395 133 2435 quis
150 2396 242 2425 dicere
250 2395 373 2434 poterit,
395 2404 480 2435 quem
494 2401 660 2435 pereuntem
679 2396 851 2437 contempsit.
890 2398 942 2429 Sic

69 2435 196 2472 quidem
215 2437 247 2467 in
258 2435 587 2476 Codicejustinianeo
600 2437 650 2467 lex
661 2437 784 2477 editui-3
802 2437 853 2470 sed
865 2449 941 2471 con-

68 2475 141 2508 flata
159 2477 204 2508 est
220 2486 259 2508 ex
278 2477 417 2514 duabus,
442 2478 471 2509 ὅ(
490 2477 537 2510 his
553 2477 749 2510 diversorum
768 2478 941 2520 Imperato-

66 2526 156 2557 rum,
179 2518 487 2550 constitutionibus:
512 2529 553 2550 ex
575 2519 687 2559 quibus
705 2521 792 2560 prior
808 2531 879 2560 pars
897 2521 941 2553 est

69 2557 232 2598 Valentis,
251 2558 453 2597 &Gratiam
470 2560 627 2601 posterior
638 2560 776 2593 Honorii
789 2562 941 2594 &Theo-

69 2598 157 2630 dofii.
182 2600 300 2631 Verum
319 2600 382 2631 hoc
400 2603 515 2640 mitto,
536 2602 607 2642 quia
625 2611 641 2632 a
662 2602 832 2642 Ruffmdo,
855 2604 941 2636 Mor-

67 2640 218 2682 ginalilzus
235 2642 326 2678 nolis,
342 2642 372 2673 ὅ(
389 2643 477 2680 aliis,
489 2643 549 2681 jam
567 2642 769 2676 observatum
788 2654 828 2676 ex
845 2646 940 2678 colla-

71 2682 162 2712 tione
179 2681 199 2711 Ζ.
220 2691 248 2712 2.
268 2681 335 2713 Cod.
355 2682 456 2713 Toeod.
474 2684 507 2714 de
524 2683 672 2724 expositis:
688 2686 720 2717 in
738 2695 799 2727 qua
815 2694 887 2717 tota
905 2696 943 2718 ea

70 2731 143 2762 pars
162 2721 220 2753 illis
237 2721 320 2753 clare
337 2723 531 2756 adscribitur.
565 2725 644 2756 lllud
662 2728 758 2767 magis
776 2729 873 2768 quaeri
893 2729 938 2759 di-

69 2772 187 2810 gnunu
211 2771 282 2803 quae
306 2762 342 2794 fit
363 2764 416 2795 illa
441 2765 644 2804 animadversio
670 2766 824 2808 constituta
849 2778 942 2809 quam

68 2804 227 2836 infantum
250 2803 482 2841 expositoribus
505 2807 664 2838 minantur
682 2808 942 2848 Valentinianus,

68 2846 206 2883 Valens,
232 2845 260 2876 <Sc
278 2844 459 2877 Gratianus.
500 2846 533 2878 ln
551 2848 677 2888 primis,
700 2852 772 2889 quia
791 2851 847 2882 Vir
866 2851 940 2882 Exi-

71 2889 171 2924 mius,
197 2886 360 2918 Hubertus
378 2885 545 2926 Gifanius,
569 2889 607 2919 ad
625 2891 643 2920 l.
668 2900 692 2921 r.
712 2892 745 2922 C.
763 2894 796 2923 cle
813 2893 941 2929 infanti-

70 2930 124 2959 bus
140 2927 288 2967 expostus,
303 2934 371 2969 pag.
387 2933 456 2966 480.
476 2928 535 2959 Col.
553 2939 589 2968 2,
608 2930 732 2963 videtur
746 2928 883 2974 ingenue
899 2933 942 2964 fa-

71 2970 150 3007 teri,
175 2968 203 2999 se
218 2969 249 3001 id
268 2969 425 3009 ignorare.
449 2971 492 3000 ait
510 2977 617 3008 certe,
641 2980 786 3010 parentes
802 2983 865 3005 non
885 2975 944 3005 im-

69 3020 155 3051 pune
173 3011 289 3042 liberos
306 3009 376 3042 suos
393 3019 575 3050 exponere:
598 3013 715 3053 quippe
731 3015 761 3045 in
778 3017 806 3046 d.
823 3015 843 3046 l.
861 3025 888 3046 2.
908 3016 941 3046 C.

71 3053 129 3083 eod.
139 3053 185 3084 tie.
210 3051 277 3084 fieri
290 3054 487 3083 mentionem
503 3053 779 3085 animadversionis
794 3056 941 3088 adversus

72 3093 246 3126 liberorum
270 3093 501 3135 expofitionem
524 3093 724 3127 constitutae:
749 3095 800 3128 sed
819 3105 889 3136 quae
906 3107 942 3129 ea

988 1985 1165 2018 versionem
1199 1994 1268 2017 eam
1301 1986 1581 2019 extraordinariam
1604 1986 1666 2019 effe
1691 1987 1862 2028 suspicatur·

987 2026 1075 2068 Gloff.
1093 2029 1131 2058 ad
1146 2028 1174 2058 el.
1188 2027 1207 2057 l.
1220 2028 1302 2059 mlii.
1324 2026 1355 2057 F.
1381 2027 1550 2069 additque,
1574 2031 1668 2061 etiam
1688 2029 1789 2060 teneri
1808 2036 1861 2070 pa-

987 2075 1087 2107 trem,
1103 2068 1185 2110 quasi
1205 2069 1360 2099 occiderit
1377 2068 1486 2101 filium.
1510 2078 1569 2110 pro
1585 2069 1737 2102 firmanda
1751 2077 1859 2104 autem

987 2119 1022 2141 ea
1050 2110 1205 2141 sententia
1230 2108 1359 2140 adducit
1375 2109 1395 2140 l.
1416 2111 1440 2141 r.
1459 2109 1488 2152 §.
1504 2120 1533 2150 4.
1555 2111 1598 2144 D.
1624 2112 1661 2143 de
1673 2113 1859 2153 agnoscendis

988 2151 1024 2186 ἐξ
1040 2151 1149 2182 alendis
1167 2150 1280 2188 liberis,
1302 2149 1321 2180 l.
1334 2159 1365 2186 9.
1386 2150 1419 2182 C.
1438 2152 1472 2182 de
1482 2153 1581 2192 patria
1593 2150 1731 2193 potestate
1749 2177 1759 2192 ,
1782 2153 1819 2188 ἐξ)
1832 2154 1855 2185 l.

985 2203 1015 2231 4.
1034 2192 1076 2224 D.
1100 2194 1132 2223 de
1149 2192 1334 2232 agnoscendis
1350 2190 1387 2225 ἑὸ)
1404 2192 1515 2224 alendis
1538 2194 1642 2226 liberis.
1689 2194 1768 2227 Inde
1791 2195 1857 2226 huc

985 2234 1054 2265 fere
1073 2233 1215 2264 deveniri
1234 2233 1349 2264 video:
1372 2240 1425 2272 ut,
1447 2234 1589 2275 quisquis
1616 2234 1771 2268 infantem
1790 2245 1858 2268 non

985 2275 1153 2306 occidendi
1171 2274 1296 2312 animo,
1314 2273 1365 2305 sed
1383 2283 1448 2314 quo
1466 2276 1568 2308 evitet
1582 2277 1805 2309 alimentorum
1823 2286 1857 2308 o-

985 2326 1041 2348 nus
1054 2339 1063 2353 ‚
1087 2322 1140 2346 aut
1157 2324 1249 2354 quarn
1275 2313 1437 2347 infamiam
1450 2339 1459 2355 ,
1483 2324 1537 2349 aut
1555 2319 1630 2358 quid
1647 2317 1762 2356 simile,
1786 2318 1860 2361 alie-

985 2367 1034 2389 nae
1056 2356 1277 2388 misericordiae
1301 2357 1409 2396 aliquo
1425 2357 1543 2389 celebri
1562 2361 1591 2390 in
1609 2359 1685 2390 loco
1701 2358 1858 2400 exposue-

985 2400 1046 2436 rit,
1063 2405 1185 2429 tantum
1201 2404 1292 2429 extra
1307 2399 1454 2430 ordinem
1471 2401 1637 2439 puniatur,
1662 2408 1718 2438 per
1734 2400 1754 2431 i,
1772 2410 1801 2432 2.
1820 2401 1857 2435 C.

985 2442 1018 2471 cle
1043 2439 1210 2478 infantibus
1234 2437 1384 2479 expofitz's,
1405 2439 1423 2470 l.
1439 2448 1468 2476 9.
1486 2440 1521 2471 C.
1540 2441 1574 2471 de
1588 2442 1686 2480 patria
1696 2439 1856 2483 potestate,

984 2482 1004 2512 l.
1027 2490 1053 2512 1.
1071 2480 1099 2522 §.
1119 2489 1148 2517 4.
1165 2479 1207 2511 D.
1232 2481 1264 2511 (le
1286 2482 1470 2521 agnoscendis
1493 2481 1530 2516 ὃ)
1552 2482 1662 2513 alendis
1678 2483 1788 2515 liberis.-
1811 2482 1856 2515 fin

984 2530 1056 2554 eum
1073 2525 1102 2552 in
1118 2521 1235 2553 flumen
1247 2545 1256 2559 ‚
1281 2521 1311 2552 in
1329 2521 1455 2560 silvam,
1479 2523 1552 2553 inve
1570 2532 1663 2564 quarn
1678 2524 1769 2557 aliam
1785 2523 1859 2556 soli-

985 2563 1147 2601 tudinem,
1171 2563 1342 2603 abjecerit,
1365 2563 1473 2603 aquis,
1495 2563 1601 2604 fame,
1624 2564 1746 2607 frigore
1764 2588 1776 2605 ‚
1805 2571 1859 2598 aut

984 2605 1122 2636 ferarum
1141 2604 1276 2642 laniatu,
1301 2603 1568 2644 consumendum,
1586 2606 1660 2647 quia
1675 2608 1762 2639 necis
1778 2616 1858 2639 con-

983 2645 1083 2678 filium
1096 2646 1223 2683 habuit,
1239 2645 1310 2686 lege
1323 2644 1473 2678 Cornelia
1490 2648 1530 2679 de
1544 2646 1677 2687 ficariis,
1694 2655 1748 2681 aut
1762 2649 1858 2681 Pom-

984 2687 1054 2728 peja
1077 2687 1117 2718 de
1142 2686 1334 2726 parricidiis,
1357 2689 1562 2729 coerceatur,
1584 2698 1641 2730 per
1657 2692 1686 2722 d,
1711 2691 1731 2721 l.
1756 2699 1786 2729 4.
1811 2689 1856 2722 D.

988 2729 1047 2759 eod.
1066 2728 1111 2759 tit.
1129 2727 1165 2762 ὅ)
1182 2728 1201 2758 l.
1215 2737 1261 2767 15.
1282 2727 1324 2760 D.
1341 2728 1393 2759 Aa
1408 2728 1494 2771 legem
1508 2730 1670 2762 Corneliam
1685 2732 1718 2763 de
1727 2731 1854 2770 ficariis.

1025 2768 1087 2800 Sed
1098 2768 1194 2800 fuerit
1212 2769 1348 2809 pretium
1358 2778 1484 2811 operae,
1497 2771 1559 2812 ipsa
1569 2771 1639 2804 haec
1655 2773 1760 2814 capita
1775 2780 1855 2812 quo·

984 2819 1053 2841 rum
1071 2810 1260 2841 auctoritate
1276 2809 1374 2842 visum
1390 2811 1485 2852 pleris
1511 2823 1569 2854 ue,
1596 2814 1628 2845 in
1645 2823 1714 2845 eam
1734 2814 1856 2845 senten-

985 2852 1060 2882 tiam
1077 2852 1264 2891 decurrere,
1287 2853 1383 2893 paulo
1398 2821 1548 2887 curiosius
1566 2854 1762 2887 examinasse.
1791 2853 1856 2893 pla-

984 2902 1025 2923 ne
1041 2893 1126 2924 enim
1144 2892 1219 2924 mibi
1239 2893 1430 2934 persuadeo,
1453 2895 1485 2929 in
1509 2897 1557 2929 his
1580 2895 1659 2929 nihil
1683 2896 1786 2927 minus
1803 2902 1854 2925 re-

985 2935 1100 2974 periri,
1117 2943 1210 2975 quam
1225 2936 1312 2975 quod
1325 2935 1392 2976 illi,
1408 2945 1595 2980 quamquam
1610 2945 1727 2975 magno
1744 2943 1854 2967 nume—

985 2984 1042 3014 ro,
1065 2983 1129 3015 prae
1145 2974 1173 3007 se
1191 2975 1309 3009 ferunt.
1352 2977 1415 3010 Sed
1430 2980 1546 3021 primas
1564 2978 1648 3011 dabo
1664 2975 1805 3016 Ulpiano
1822 2976 1854 3008 d.

984 3015 1004 3047 l·.
1026 3025 1050 3048 1.
1067 3016 1097 3058 §.
1113 3025 1143 3055 4.
1176 3018 1262 3058 qu'us
1286 3019 1416 3061 apposui
1441 3021 1555 3053 verba:
1578 3029 1615 3051 ea
1639 3018 1736 3050 verba
1759 3018 1854 3059 sunt,

986 3057 1077 3089 Poena
1092 3064 1187 3090 aurem
1200 3062 1298 3093 mariti
1311 3071 1344 3094 ea
1359 3060 1417 3102 est,
1439 3068 1491 3101 ut,
1506 3061 1561 3101 mfi
1577 3066 1630 3092 aut
1641 3058 1770 3142 ffflmes
1780 3067 1856 3103 prce-

984 3100 1108 3140 miserit,
1126 3108 1179 3132 aut
1195 3108 1295 3135 contra
1309 3105 1546 3142 denunciaverit,
1563 3111 1620 3133 non
1634 3111 1648 3132 e
1672 3110 1730 3134 eex
1743 3102 1771 3141 fe
1781 3110 1855 3145 pm*

72 3142 168 3174 poena
179 3134 234 3175 fit,
250 3144 315 3168 non
332 3135 477 3176 exprimi.
500 3135 665 3169 Accursius
680 3144 786 3169 autem
805 3138 941 3172 animad·
978 3145 1097 3182 gnatem
1107 3163 1118 3182 ,
1132 3148 1254 3186 cogatur
1263 3146 1388 3177 maritus
1394 3150 1514 3185 partum
1528 3145 1695 3187 agnoscere.-
1708 3142 1747 3181 ὅ)
1755 3144 1783 3186 fi
1796 3152 1856 3181 non

1800 3199 1854 3232 ag-
