<?xml version="1.0" encoding="UTF-8"?>
<!DOCTYPE html PUBLIC "-//W3C//DTD XHTML 1.0 Transitional//EN"
    "http://www.w3.org/TR/xhtml1/DTD/xhtml1-transitional.dtd">
<html xmlns="http://www.w3.org/1999/xhtml" xml:lang="en" lang="en">
 <head>
  <title>
</title>
<meta http-equiv="Content-Type" content="text/html;charset=utf-8" />
  <meta name='ocr-system' content='tesseract 3.04.00' />
  <meta name='ocr-capabilities' content='ocr_page ocr_carea ocr_par ocr_line ocrx_word'/>
</head>
<body>
  <div class='ocr_page' id='page_1' title='image "./gerardinoodtnovi00nood_0413.png"; bbox 0 0 2036 3495; ppageno 0'>
   <div class='ocr_carea' id='block_1_1' title="bbox 538 96 940 134">
    <p class='ocr_par' dir='ltr' id='par_1_1' title="bbox 538 96 940 134">
     <span class='ocr_line' id='line_1_1' title="bbox 538 96 940 134; baseline 0.007 -3"><span class='ocrx_word' id='word_1_1' title='bbox 538 97 626 132; x_wconf 76' lang='lat' dir='ltr'>De</span> <span class='ocrx_word' id='word_1_2' title='bbox 687 96 940 134; x_wconf 62' lang='lat' dir='ltr'>Usurr„</span> 
     </span>
    </p>
   </div>
   <div class='ocr_carea' id='block_1_2' title="bbox 64 185 942 231">
    <p class='ocr_par' dir='ltr' id='par_1_2' title="bbox 64 185 942 231">
     <span class='ocr_line' id='line_1_2' title="bbox 64 185 942 231; baseline -0.007 -8"><span class='ocrx_word' id='word_1_3' title='bbox 64 189 194 231; x_wconf 57' lang='lat' dir='ltr'>legatae</span> <span class='ocrx_word' id='word_1_4' title='bbox 213 195 335 221; x_wconf 84' lang='lat' dir='ltr'>certum</span> <span class='ocrx_word' id='word_1_5' title='bbox 354 187 460 221; x_wconf 85' lang='lat' dir='ltr'>usum:</span> <span class='ocrx_word' id='word_1_6' title='bbox 476 186 527 218; x_wconf 85' lang='lat' dir='ltr'>sed</span> <span class='ocrx_word' id='word_1_7' title='bbox 546 194 579 218; x_wconf 91' lang='lat' dir='ltr'>ut</span> <span class='ocrx_word' id='word_1_8' title='bbox 595 187 636 218; x_wconf 87' lang='lat' dir='ltr'>de</span> <span class='ocrx_word' id='word_1_9' title='bbox 650 195 686 217; x_wconf 87' lang='lat' dir='ltr'>ea</span> <span class='ocrx_word' id='word_1_10' title='bbox 704 185 850 227; x_wconf 78' lang='lat' dir='ltr'>disponat</span> <span class='ocrx_word' id='word_1_11' title='bbox 867 194 942 218; x_wconf 71' lang='lat' dir='ltr'>tzim-</span> 
     </span>
    </p>
   </div>
   <div class='ocr_carea' id='block_1_3' title="bbox 28 226 941 3277">
    <p class='ocr_par' dir='ltr' id='par_1_3' title="bbox 56 226 941 602">
     <span class='ocr_line' id='line_1_3' title="bbox 61 226 941 272; baseline -0.002 -9"><span class='ocrx_word' id='word_1_12' title='bbox 61 241 156 272; x_wconf 79' lang='lat' dir='ltr'>quam</span> <span class='ocrx_word' id='word_1_13' title='bbox 172 227 392 263; x_wconf 78' lang='lat' dir='ltr'>doininus&#39;suo</span> <span class='ocrx_word' id='word_1_14' title='bbox 411 229 561 261; x_wconf 81' lang='lat' dir='ltr'>arbitrio:</span> <span class='ocrx_word' id='word_1_15' title='bbox 579 226 642 259; x_wconf 86' lang='lat' dir='ltr'>five</span> <span class='ocrx_word' id='word_1_16' title='bbox 659 227 809 259; x_wconf 86' lang='lat' dir='ltr'>adhibeat</span> <span class='ocrx_word' id='word_1_17' title='bbox 820 237 890 260; x_wconf 86' lang='lat' dir='ltr'>earn</span> <span class='ocrx_word' id='word_1_18' title='bbox 902 229 941 261; x_wconf 86' lang='lat' dir='ltr'>ad</span> 
     </span>
     <span class='ocr_line' id='line_1_4' title="bbox 61 268 939 312; baseline -0.003 -7"><span class='ocrx_word' id='word_1_19' title='bbox 61 273 146 305; x_wconf 89' lang='lat' dir='ltr'>usum</span> <span class='ocrx_word' id='word_1_20' title='bbox 166 281 297 311; x_wconf 81' lang='lat' dir='ltr'>vei-um;</span> <span class='ocrx_word' id='word_1_21' title='bbox 311 271 375 303; x_wconf 78' lang='lat' dir='ltr'>{ive</span> <span class='ocrx_word' id='word_1_22' title='bbox 391 272 430 302; x_wconf 84' lang='lat' dir='ltr'>ad</span> <span class='ocrx_word' id='word_1_23' title='bbox 446 271 550 302; x_wconf 82' lang='lat' dir='ltr'>alium.</span> <span class='ocrx_word' id='word_1_24' title='bbox 567 270 704 312; x_wconf 76' lang='lat' dir='ltr'>proinde</span> <span class='ocrx_word' id='word_1_25' title='bbox 723 268 744 301; x_wconf 86' lang='lat' dir='ltr'>fi</span> <span class='ocrx_word' id='word_1_26' title='bbox 761 269 853 301; x_wconf 86' lang='lat' dir='ltr'>duret</span> <span class='ocrx_word' id='word_1_27' title='bbox 870 280 939 308; x_wconf 67' lang='grc' dir='ltr'>νᾶες</span> 
     </span>
     <span class='ocr_line' id='line_1_5' title="bbox 62 310 937 354; baseline -0.003 -8"><span class='ocrx_word' id='word_1_28' title='bbox 62 315 94 346; x_wconf 85' lang='lat'>&amp;</span> <span class='ocrx_word' id='word_1_29' title='bbox 114 314 180 354; x_wconf 84' lang='lat' dir='ltr'>ipsa</span> <span class='ocrx_word' id='word_1_30' title='bbox 202 314 232 346; x_wconf 73' lang='grc' dir='ltr'>δι</span> <span class='ocrx_word' id='word_1_31' title='bbox 256 314 449 353; x_wconf 77' lang='lat' dir='ltr'>ejuspartes</span> <span class='ocrx_word' id='word_1_32' title='bbox 469 312 636 343; x_wconf 88' lang='lat' dir='ltr'>debentur.</span> <span class='ocrx_word' id='word_1_33' title='bbox 667 310 710 342; x_wconf 83' lang='lat' dir='ltr'>fin</span> <span class='ocrx_word' id='word_1_34' title='bbox 730 319 851 342; x_wconf 81' lang='lat' dir='ltr'>mutata</span> <span class='ocrx_word' id='word_1_35' title='bbox 873 311 937 351; x_wconf 80' lang='lat' dir='ltr'>est3</span> 
     </span>
     <span class='ocr_line' id='line_1_6' title="bbox 63 351 936 397; baseline -0.005 -9"><span class='ocrx_word' id='word_1_36' title='bbox 63 351 208 396; x_wconf 80' lang='lat' dir='ltr'>quamvis</span> <span class='ocrx_word' id='word_1_37' title='bbox 227 354 290 395; x_wconf 85' lang='lat' dir='ltr'>ipsa</span> <span class='ocrx_word' id='word_1_38' title='bbox 307 352 432 386; x_wconf 81' lang='lat' dir='ltr'>deflerit</span> <span class='ocrx_word' id='word_1_39' title='bbox 448 353 527 384; x_wconf 79' lang='lat' dir='ltr'>ess&#39;e:</span> <span class='ocrx_word' id='word_1_40' title='bbox 551 353 656 385; x_wconf 84' lang='lat' dir='ltr'>adhuc</span> <span class='ocrx_word' id='word_1_41' title='bbox 670 360 776 393; x_wconf 82' lang='lat' dir='ltr'>partes</span> <span class='ocrx_word' id='word_1_42' title='bbox 796 361 867 392; x_wconf 60' lang='lat' dir='ltr'>quae</span> <span class='ocrx_word' id='word_1_43' title='bbox 890 352 936 397; x_wconf 86' lang='lat' dir='ltr'>sti-</span> 
     </span>
     <span class='ocr_line' id='line_1_7' title="bbox 60 394 934 437; baseline -0.002 -9"><span class='ocrx_word' id='word_1_44' title='bbox 60 398 208 437; x_wconf 83' lang='lat' dir='ltr'>perfunt,</span> <span class='ocrx_word' id='word_1_45' title='bbox 232 397 400 428; x_wconf 80' lang='lat' dir='ltr'><strong>debentur.</strong></span> <span class='ocrx_word' id='word_1_46' title='bbox 429 404 463 426; x_wconf 87' lang='lat' dir='ltr'>ut</span> <span class='ocrx_word' id='word_1_47' title='bbox 480 395 564 426; x_wconf 87' lang='lat' dir='ltr'>enirn</span> <span class='ocrx_word' id='word_1_48' title='bbox 578 403 654 437; x_wconf 18' lang='lat' dir='ltr'>*non</span> <span class='ocrx_word' id='word_1_49' title='bbox 671 394 834 433; x_wconf 84' lang='lat' dir='ltr'>praebeant</span> <span class='ocrx_word' id='word_1_50' title='bbox 852 403 934 432; x_wconf 88' lang='lat' dir='ltr'>prio-</span> 
     </span>
     <span class='ocr_line' id='line_1_8' title="bbox 58 435 936 477; baseline -0.005 -7"><span class='ocrx_word' id='word_1_51' title='bbox 58 449 128 470; x_wconf 74' lang='lat' dir='ltr'>rcin</span> <span class='ocrx_word' id='word_1_52' title='bbox 148 437 255 476; x_wconf 90' lang='lat' dir='ltr'>usum,</span> <span class='ocrx_word' id='word_1_53' title='bbox 279 445 384 468; x_wconf 86' lang='lat' dir='ltr'>tamen</span> <span class='ocrx_word' id='word_1_54' title='bbox 410 435 554 477; x_wconf 68' lang='lat' dir='ltr'>praebent</span> <span class='ocrx_word' id='word_1_55' title='bbox 580 436 692 467; x_wconf 82' lang='lat' dir='ltr'>aliurn:</span> <span class='ocrx_word' id='word_1_56' title='bbox 716 445 777 466; x_wconf 87' lang='lat' dir='ltr'>nec</span> <span class='ocrx_word' id='word_1_57' title='bbox 805 436 936 467; x_wconf 76' lang='lat' dir='ltr'>testator</span> 
     </span>
     <span class='ocr_line' id='line_1_9' title="bbox 58 476 935 519; baseline -0.003 -8"><span class='ocrx_word' id='word_1_58' title='bbox 58 482 99 512; x_wconf 79' lang='lat' dir='ltr'>ad</span> <span class='ocrx_word' id='word_1_59' title='bbox 118 479 224 519; x_wconf 90' lang='lat' dir='ltr'>suum,</span> <span class='ocrx_word' id='word_1_60' title='bbox 243 479 295 510; x_wconf 88' lang='lat' dir='ltr'>sed</span> <span class='ocrx_word' id='word_1_61' title='bbox 313 480 352 510; x_wconf 87' lang='lat' dir='ltr'>ad</span> <span class='ocrx_word' id='word_1_62' title='bbox 369 478 530 517; x_wconf 85' lang='lat' dir='ltr'>legatarii,</span> <span class='ocrx_word' id='word_1_63' title='bbox 548 476 634 508; x_wconf 89' lang='lat' dir='ltr'>usum</span> <span class='ocrx_word' id='word_1_64' title='bbox 654 476 792 518; x_wconf 73' lang='lat' dir='ltr'>respexit</span> <span class='ocrx_word' id='word_1_65' title='bbox 809 478 885 508; x_wconf 83' lang='lat' dir='ltr'>dans</span> <span class='ocrx_word' id='word_1_66' title='bbox 905 479 935 508; x_wconf 86' lang='lat' dir='ltr'>ei</span> 
     </span>
     <span class='ocr_line' id='line_1_10' title="bbox 57 516 934 562; baseline -0.002 -9"><span class='ocrx_word' id='word_1_67' title='bbox 57 523 308 562; x_wconf 79' lang='lat' dir='ltr'>proprietatem:</span> <span class='ocrx_word' id='word_1_68' title='bbox 329 520 360 551; x_wconf 89' lang='lat' dir='ltr'>id</span> <span class='ocrx_word' id='word_1_69' title='bbox 377 520 439 557; x_wconf 83' lang='lat' dir='ltr'>est,</span> <span class='ocrx_word' id='word_1_70' title='bbox 462 516 510 559; x_wconf 82' lang='lat' dir='ltr'>jus</span> <span class='ocrx_word' id='word_1_71' title='bbox 527 528 586 558; x_wconf 90' lang='lat' dir='ltr'>pro</span> <span class='ocrx_word' id='word_1_72' title='bbox 601 518 753 549; x_wconf 86' lang='lat' dir='ltr'>arbitratu</span> <span class='ocrx_word' id='word_1_73' title='bbox 770 517 825 549; x_wconf 86' lang='lat' dir='ltr'>suo</span> <span class='ocrx_word' id='word_1_74' title='bbox 842 521 881 550; x_wconf 82' lang='lat' dir='ltr'>de</span> <span class='ocrx_word' id='word_1_75' title='bbox 900 530 934 551; x_wconf 87' lang='lat' dir='ltr'>re</span> 
     </span>
     <span class='ocr_line' id='line_1_11' title="bbox 56 559 842 602; baseline -0.005 -7"><span class='ocrx_word' id='word_1_76' title='bbox 56 561 266 602; x_wconf 76' lang='lat' dir='ltr'>disponendi3</span> <span class='ocrx_word' id='word_1_77' title='bbox 288 561 352 593; x_wconf 82' lang='lat' dir='ltr'>five</span> <span class='ocrx_word' id='word_1_78' title='bbox 367 561 435 592; x_wconf 86' lang='lat' dir='ltr'>talis</span> <span class='ocrx_word' id='word_1_79' title='bbox 454 567 597 597; x_wconf 84' lang='lat' dir='ltr'>maneat,</span> <span class='ocrx_word' id='word_1_80' title='bbox 621 559 685 591; x_wconf 82' lang='lat' dir='ltr'>five</span> <span class='ocrx_word' id='word_1_81' title='bbox 702 560 761 591; x_wconf 84' lang='lat' dir='ltr'>alia</span> <span class='ocrx_word' id='word_1_82' title='bbox 777 560 842 591; x_wconf 85' lang='lat' dir='ltr'>fiat.</span> 
     </span>
    </p>

    <p class='ocr_par' dir='ltr' id='par_1_4' title="bbox 28 600 934 3111">
     <span class='ocr_line' id='line_1_12' title="bbox 96 600 934 639; baseline -0.002 -4"><span class='ocrx_word' id='word_1_83' title='bbox 96 604 257 635; x_wconf 67' lang='lat' dir='ltr'>Caeterum</span> <span class='ocrx_word' id='word_1_84' title='bbox 285 611 318 634; x_wconf 90' lang='lat' dir='ltr'>ut</span> <span class='ocrx_word' id='word_1_85' title='bbox 342 601 499 633; x_wconf 87' lang='lat' dir='ltr'>amittitur</span> <span class='ocrx_word' id='word_1_86' title='bbox 520 600 731 639; x_wconf 66' lang='lat' dir='ltr'>ususfructus,</span> <span class='ocrx_word' id='word_1_87' title='bbox 755 610 875 633; x_wconf 83' lang='lat' dir='ltr'>mutata</span> <span class='ocrx_word' id='word_1_88' title='bbox 901 612 934 634; x_wconf 91' lang='lat' dir='ltr'>re</span> 
     </span>
     <span class='ocr_line' id='line_1_13' title="bbox 52 642 931 684; baseline -0.002 -7"><span class='ocrx_word' id='word_1_89' title='bbox 52 645 243 682; x_wconf 61' lang='lat' dir='ltr'>frueluaria,</span> <span class='ocrx_word' id='word_1_90' title='bbox 266 644 310 675; x_wconf 88' lang='lat' dir='ltr'>ita</span> <span class='ocrx_word' id='word_1_91' title='bbox 323 642 518 681; x_wconf 87' lang='lat' dir='ltr'>restituitur,</span> <span class='ocrx_word' id='word_1_92' title='bbox 542 653 577 674; x_wconf 80' lang='lat' dir='ltr'>ea</span> <span class='ocrx_word' id='word_1_93' title='bbox 597 643 719 675; x_wconf 78' lang='lat' dir='ltr'>reversa</span> <span class='ocrx_word' id='word_1_94' title='bbox 736 645 774 674; x_wconf 82' lang='lat' dir='ltr'>ad</span> <span class='ocrx_word' id='word_1_95' title='bbox 791 645 931 684; x_wconf 76' lang='lat' dir='ltr'>priorem</span> 
     </span>
     <span class='ocr_line' id='line_1_14' title="bbox 50 683 931 725; baseline -0.003 -6"><span class='ocrx_word' id='word_1_96' title='bbox 50 686 211 719; x_wconf 76' lang='lat' dir='ltr'>formam:</span> <span class='ocrx_word' id='word_1_97' title='bbox 234 686 334 717; x_wconf 84' lang='lat' dir='ltr'>modo</span> <span class='ocrx_word' id='word_1_98' title='bbox 350 685 382 716; x_wconf 90' lang='lat' dir='ltr'>i&#39;d</span> <span class='ocrx_word' id='word_1_99' title='bbox 397 683 452 716; x_wconf 82' lang='lat' dir='ltr'>fiat</span> <span class='ocrx_word' id='word_1_100' title='bbox 469 685 548 715; x_wconf 86' lang='lat' dir='ltr'>intra</span> <span class='ocrx_word' id='word_1_101' title='bbox 567 694 693 724; x_wconf 79' lang='lat' dir='ltr'>tempus</span> <span class='ocrx_word' id='word_1_102' title='bbox 710 694 776 725; x_wconf 89' lang='lat' dir='ltr'>quo</span> <span class='ocrx_word' id='word_1_103' title='bbox 794 684 931 716; x_wconf 88' lang='lat' dir='ltr'>ususfru-</span> 
     </span>
     <span class='ocr_line' id='line_1_15' title="bbox 53 723 932 766; baseline -0.002 -6"><span class='ocrx_word' id='word_1_104' title='bbox 53 723 121 760; x_wconf 61' lang='lat' dir='ltr'>&amp;us</span> <span class='ocrx_word' id='word_1_105' title='bbox 136 736 201 759; x_wconf 91' lang='lat' dir='ltr'>non</span> <span class='ocrx_word' id='word_1_106' title='bbox 217 726 339 765; x_wconf 90' lang='lat' dir='ltr'>utendo</span> <span class='ocrx_word' id='word_1_107' title='bbox 353 727 518 758; x_wconf 86' lang='lat' dir='ltr'>amittitur.</span> <span class='ocrx_word' id='word_1_108' title='bbox 543 725 585 757; x_wconf 76' lang='lat' dir='ltr'>{ic</span> <span class='ocrx_word' id='word_1_109' title='bbox 600 725 736 758; x_wconf 77' lang='lat' dir='ltr'>Veteres</span> <span class='ocrx_word' id='word_1_110' title='bbox 753 726 932 766; x_wconf 82' lang='lat' dir='ltr'>respondis-</span> 
     </span>
     <span class='ocr_line' id='line_1_16' title="bbox 50 763 930 808; baseline -0.005 -6"><span class='ocrx_word' id='word_1_111' title='bbox 50 763 104 807; x_wconf 65' lang='lat' dir='ltr'>se,</span> <span class='ocrx_word' id='word_1_112' title='bbox 127 767 228 800; x_wconf 78' lang='lat' dir='ltr'>refert</span> <span class='ocrx_word' id='word_1_113' title='bbox 247 767 423 799; x_wconf 83' lang='lat' dir='ltr'>Marcellus</span> <span class='ocrx_word' id='word_1_114' title='bbox 437 768 457 799; x_wconf 75' lang='lat' dir='ltr'>i.</span> <span class='ocrx_word' id='word_1_115' title='bbox 477 777 525 808; x_wconf 83' lang='lat'>71.</span> <span class='ocrx_word' id='word_1_116' title='bbox 546 767 587 799; x_wconf 85' lang='lat' dir='ltr'>D.</span> <span class='ocrx_word' id='word_1_117' title='bbox 611 769 642 798; x_wconf 76' lang='lat' dir='ltr'>(le</span> <span class='ocrx_word' id='word_1_118' title='bbox 659 767 836 807; x_wconf 68' lang='lat' dir='ltr'>usufruttu,</span> <span class='ocrx_word' id='word_1_119' title='bbox 861 778 930 798; x_wconf 81' lang='lat' dir='ltr'>vei·-</span> 
     </span>
     <span class='ocr_line' id='line_1_17' title="bbox 49 808 929 850; baseline -0.005 -7"><span class='ocrx_word' id='word_1_120' title='bbox 49 810 102 844; x_wconf 80' lang='lat' dir='ltr'>bis</span> <span class='ocrx_word' id='word_1_121' title='bbox 117 810 330 849; x_wconf 84' lang='lat' dir='ltr'>sequentibus.</span> <span class='ocrx_word' id='word_1_122' title='bbox 375 809 410 840; x_wconf 80' lang='lat' dir='ltr'>Si</span> <span class='ocrx_word' id='word_1_123' title='bbox 426 811 458 839; x_wconf 78' lang='lat' dir='ltr'>in</span> <span class='ocrx_word' id='word_1_124' title='bbox 472 819 541 840; x_wconf 77' lang='lat' dir='ltr'>cirea</span> <span class='ocrx_word' id='word_1_125' title='bbox 557 810 641 850; x_wconf 81' lang='lat' dir='ltr'>cujus</span> <span class='ocrx_word' id='word_1_126' title='bbox 657 808 842 849; x_wconf 60' lang='lat' dir='ltr'>zilusfrutius</span> <span class='ocrx_word' id='word_1_127' title='bbox 861 811 929 840; x_wconf 80' lang='lat' dir='ltr'>alie-</span> 
     </span>
     <span class='ocr_line' id='line_1_18' title="bbox 48 849 929 893; baseline -0.005 -8"><span class='ocrx_word' id='word_1_128' title='bbox 48 849 111 886; x_wconf 55' lang='grc' dir='ltr'>ἐάας</span> <span class='ocrx_word' id='word_1_129' title='bbox 127 852 212 892; x_wconf 76' lang='lat' dir='ltr'>efflet,</span> <span class='ocrx_word' id='word_1_130' title='bbox 234 853 300 893; x_wconf 79' lang='lat' dir='ltr'>quis</span> <span class='ocrx_word' id='word_1_131' title='bbox 316 850 478 891; x_wconf 77' lang='lat' dir='ltr'>aediji&#39;cnffet</span> <span class='ocrx_word' id='word_1_132' title='bbox 494 853 575 882; x_wconf 76' lang='lat' dir='ltr'>inira</span> <span class='ocrx_word' id='word_1_133' title='bbox 593 858 704 890; x_wconf 78' lang='lat' dir='ltr'>tempus</span> <span class='ocrx_word' id='word_1_134' title='bbox 722 861 776 892; x_wconf 83' lang='lat' dir='ltr'>quo</span> <span class='ocrx_word' id='word_1_135' title='bbox 794 851 929 889; x_wconf 78' lang='lat' dir='ltr'>ususfru-</span> 
     </span>
     <span class='ocr_line' id='line_1_19' title="bbox 53 890 927 934; baseline -0.003 -9"><span class='ocrx_word' id='word_1_136' title='bbox 53 892 118 925; x_wconf 66' lang='lat' dir='ltr'>&amp;us</span> <span class='ocrx_word' id='word_1_137' title='bbox 134 895 230 933; x_wconf 79' lang='lat' dir='ltr'>perit,</span> <span class='ocrx_word' id='word_1_138' title='bbox 248 892 405 934; x_wconf 77' lang='lat' dir='ltr'>superficie</span> <span class='ocrx_word' id='word_1_139' title='bbox 425 893 544 931; x_wconf 75' lang='lat' dir='ltr'>sublata</span> <span class='ocrx_word' id='word_1_140' title='bbox 566 890 679 932; x_wconf 77' lang='lat' dir='ltr'>restitui</span> <span class='ocrx_word' id='word_1_141' title='bbox 693 892 927 932; x_wconf 51' lang='lat' dir='ltr'>usarii-fructum,</span> 
     </span>
     <span class='ocr_line' id='line_1_20' title="bbox 52 933 929 975; baseline -0.005 -8"><span class='ocrx_word' id='word_1_142' title='bbox 52 934 171 967; x_wconf 68' lang='lat' dir='ltr'>Veteres</span> <span class='ocrx_word' id='word_1_143' title='bbox 194 934 408 975; x_wconf 77' lang='lat' dir='ltr'>responderunt.</span> <span class='ocrx_word' id='word_1_144' title='bbox 455 933 507 964; x_wconf 90' lang='lat' dir='ltr'>Sic</span> <span class='ocrx_word' id='word_1_145' title='bbox 533 933 706 965; x_wconf 77' lang='lat' dir='ltr'>Fiorentiae</span> <span class='ocrx_word' id='word_1_146' title='bbox 731 933 929 974; x_wconf 77' lang='lat' dir='ltr'>interpungit</span> 
     </span>
     <span class='ocr_line' id='line_1_21' title="bbox 52 973 927 1015; baseline -0.003 -7"><span class='ocrx_word' id='word_1_147' title='bbox 52 975 256 1015; x_wconf 74' lang='lat' dir='ltr'>Tatii-eliius3</span> <span class='ocrx_word' id='word_1_148' title='bbox 283 976 312 1007; x_wconf 73' lang='grc' dir='ltr'>ἃ</span> <span class='ocrx_word' id='word_1_149' title='bbox 337 975 407 1006; x_wconf 89' lang='lat' dir='ltr'>fere</span> <span class='ocrx_word' id='word_1_150' title='bbox 425 973 597 1015; x_wconf 85' lang='lat' dir='ltr'>sequuntur</span> <span class='ocrx_word' id='word_1_151' title='bbox 615 983 740 1005; x_wconf 77' lang='lat' dir='ltr'>caeterae</span> <span class='ocrx_word' id='word_1_152' title='bbox 758 975 927 1006; x_wconf 72' lang='lat' dir='ltr'>editiones.</span> 
     </span>
     <span class='ocr_line' id='line_1_22' title="bbox 50 1015 927 1058; baseline -0.006 -8"><span class='ocrx_word' id='word_1_153' title='bbox 50 1027 102 1050; x_wconf 80' lang='lat' dir='ltr'>res</span> <span class='ocrx_word' id='word_1_154' title='bbox 125 1017 274 1058; x_wconf 86' lang='lat' dir='ltr'>postulat.</span> <span class='ocrx_word' id='word_1_155' title='bbox 316 1017 350 1048; x_wconf 88' lang='lat' dir='ltr'>Sz&#39;</span> <span class='ocrx_word' id='word_1_156' title='bbox 375 1018 406 1048; x_wconf 83' lang='lat' dir='ltr'>in</span> <span class='ocrx_word' id='word_1_157' title='bbox 431 1026 499 1048; x_wconf 81' lang='lat' dir='ltr'>area</span> <span class='ocrx_word' id='word_1_158' title='bbox 515 1017 600 1058; x_wconf 78' lang='lat' dir='ltr'>cujus</span> <span class='ocrx_word' id='word_1_159' title='bbox 615 1015 800 1056; x_wconf 59' lang='lat' dir='ltr'>ususfrut&#39;tus</span> <span class='ocrx_word' id='word_1_160' title='bbox 814 1016 927 1046; x_wconf 77' lang='lat' dir='ltr'>alienus</span> 
     </span>
     <span class='ocr_line' id='line_1_23' title="bbox 53 1057 926 1101; baseline -0.002 -12"><span class='ocrx_word' id='word_1_161' title='bbox 53 1059 118 1100; x_wconf 81' lang='lat' dir='ltr'>effet</span> <span class='ocrx_word' id='word_1_162' title='bbox 133 1060 198 1101; x_wconf 78' lang='lat' dir='ltr'>quis</span> <span class='ocrx_word' id='word_1_163' title='bbox 213 1057 392 1099; x_wconf 67' lang='lat' dir='ltr'>aedzficaffet:</span> <span class='ocrx_word' id='word_1_164' title='bbox 405 1060 485 1089; x_wconf 81' lang='lat' dir='ltr'>intra</span> <span class='ocrx_word' id='word_1_165' title='bbox 500 1065 609 1098; x_wconf 81' lang='lat' dir='ltr'>teinpus</span> <span class='ocrx_word' id='word_1_166' title='bbox 617 1067 672 1099; x_wconf 83' lang='lat' dir='ltr'>quo</span> <span class='ocrx_word' id='word_1_167' title='bbox 684 1057 869 1096; x_wconf 46' lang='lat' dir='ltr'>ususfructus</span> <span class='ocrx_word' id='word_1_168' title='bbox 880 1064 926 1098; x_wconf 82' lang='lat' dir='ltr'>pe-</span> 
     </span>
     <span class='ocr_line' id='line_1_24' title="bbox 51 1094 928 1141; baseline -0.003 -9"><span class='ocrx_word' id='word_1_169' title='bbox 51 1094 111 1139; x_wconf 61' lang='lat' dir='ltr'>r&#39;it,</span> <span class='ocrx_word' id='word_1_170' title='bbox 119 1099 415 1141; x_wconf 81' lang='lat' dir='ltr'>superficiesuhlata,</span> <span class='ocrx_word' id='word_1_171' title='bbox 432 1097 544 1140; x_wconf 75' lang='lat' dir='ltr'>restitut</span> <span class='ocrx_word' id='word_1_172' title='bbox 561 1097 793 1139; x_wconf 69' lang='lat' dir='ltr'>ulumfiuftum,</span> <span class='ocrx_word' id='word_1_173' title='bbox 813 1098 928 1129; x_wconf 70' lang='lat' dir='ltr'>Veteres</span> 
     </span>
     <span class='ocr_line' id='line_1_25' title="bbox 50 1139 928 1183; baseline -0.003 -10"><span class='ocrx_word' id='word_1_174' title='bbox 50 1142 265 1183; x_wconf 59' lang='lat' dir='ltr'>responderunt.</span> <span class='ocrx_word' id='word_1_175' title='bbox 311 1141 387 1172; x_wconf 89' lang='lat' dir='ltr'>Hoc</span> <span class='ocrx_word' id='word_1_176' title='bbox 410 1142 509 1172; x_wconf 79' lang='lat' dir='ltr'>modo</span> <span class='ocrx_word' id='word_1_177' title='bbox 532 1139 762 1181; x_wconf 79' lang='lat' dir='ltr'>interpunxiffe</span> <span class='ocrx_word' id='word_1_178' title='bbox 779 1141 928 1171; x_wconf 88' lang='lat' dir='ltr'>videntur</span> 
     </span>
     <span class='ocr_line' id='line_1_26' title="bbox 52 1182 925 1223; baseline -0.005 -8"><span class='ocrx_word' id='word_1_179' title='bbox 52 1183 181 1223; x_wconf 66' lang='lat' dir='ltr'>Graeci,</span> <span class='ocrx_word' id='word_1_180' title='bbox 205 1182 320 1222; x_wconf 70' lang='lat' dir='ltr'>Bufilic.</span> <span class='ocrx_word' id='word_1_181' title='bbox 344 1182 394 1213; x_wconf 79' lang='lat' dir='ltr'>lib.</span> <span class='ocrx_word' id='word_1_182' title='bbox 420 1192 488 1213; x_wconf 79' lang='lat' dir='ltr'>xvr.</span> <span class='ocrx_word' id='word_1_183' title='bbox 512 1183 559 1212; x_wconf 85' lang='lat' dir='ltr'>tit.</span> <span class='ocrx_word' id='word_1_184' title='bbox 580 1191 604 1212; x_wconf 89' lang='lat'>1.</span> <span class='ocrx_word' id='word_1_185' title='bbox 619 1189 688 1222; x_wconf 82' lang='lat' dir='ltr'>pag.</span> <span class='ocrx_word' id='word_1_186' title='bbox 712 1184 780 1212; x_wconf 82' lang='lat'>262.</span> <span class='ocrx_word' id='word_1_187' title='bbox 800 1189 866 1212; x_wconf 83' lang='lat' dir='ltr'>tom.</span> <span class='ocrx_word' id='word_1_188' title='bbox 886 1192 925 1219; x_wconf 89' lang='lat'>2,</span> 
     </span>
     <span class='ocr_line' id='line_1_27' title="bbox 49 1222 927 1268; baseline -0.003 -12"><span class='ocrx_word' id='word_1_189' title='bbox 49 1224 194 1256; x_wconf 87' lang='lat' dir='ltr'>Fabroto</span> <span class='ocrx_word' id='word_1_190' title='bbox 209 1227 385 1264; x_wconf 76' lang='lat' dir='ltr'>interprete</span> <span class='ocrx_word' id='word_1_191' title='bbox 401 1223 442 1254; x_wconf 85' lang='lat' dir='ltr'>fic</span> <span class='ocrx_word' id='word_1_192' title='bbox 459 1222 696 1254; x_wconf 81' lang='lat' dir='ltr'>transferentes.</span> <span class='ocrx_word' id='word_1_193' title='bbox 720 1222 753 1252; x_wconf 86' lang='lat' dir='ltr'>Sz&#39;</span> <span class='ocrx_word' id='word_1_194' title='bbox 768 1223 798 1252; x_wconf 80' lang='lat' dir='ltr'>in</span> <span class='ocrx_word' id='word_1_195' title='bbox 813 1231 881 1253; x_wconf 81' lang='lat' dir='ltr'>area</span> <span class='ocrx_word' id='word_1_196' title='bbox 895 1224 927 1268; x_wconf 66' lang='lat' dir='ltr'>iii</span> 
     </span>
     <span class='ocr_line' id='line_1_28' title="bbox 50 1263 923 1307; baseline -0.003 -9"><span class='ocrx_word' id='word_1_197' title='bbox 50 1276 110 1307; x_wconf 82' lang='lat' dir='ltr'>qua</span> <span class='ocrx_word' id='word_1_198' title='bbox 125 1265 342 1305; x_wconf 64' lang='lat' dir='ltr'>usumfrnfflun</span> <span class='ocrx_word' id='word_1_199' title='bbox 357 1265 458 1302; x_wconf 72' lang='lat' dir='ltr'>babeo,</span> <span class='ocrx_word' id='word_1_200' title='bbox 475 1264 549 1294; x_wconf 84' lang='lat' dir='ltr'>aliur</span> <span class='ocrx_word' id='word_1_201' title='bbox 564 1263 768 1303; x_wconf 67' lang='lat' dir='ltr'>aedificaverit,</span> <span class='ocrx_word' id='word_1_202' title='bbox 786 1263 822 1297; x_wconf 56' lang='grc' dir='ltr'>δύ’</span> <span class='ocrx_word' id='word_1_203' title='bbox 837 1265 923 1303; x_wconf 74' lang='lat' dir='ltr'>aeu&#39;iji-</span> 
     </span>
     <span class='ocr_line' id='line_1_29' title="bbox 50 1303 925 1347; baseline -0.002 -9"><span class='ocrx_word' id='word_1_204' title='bbox 50 1308 128 1338; x_wconf 80' lang='lat' dir='ltr'>cz&#39;um</span> <span class='ocrx_word' id='word_1_205' title='bbox 139 1303 360 1347; x_wconf 37' lang='lat' dir='ltr'>*dzffolutuiiifit</span> <span class='ocrx_word' id='word_1_206' title='bbox 375 1307 456 1336; x_wconf 79' lang='lat' dir='ltr'>intra</span> <span class='ocrx_word' id='word_1_207' title='bbox 474 1311 584 1345; x_wconf 78' lang='lat' dir='ltr'>tempus</span> <span class='ocrx_word' id='word_1_208' title='bbox 599 1315 652 1347; x_wconf 79' lang='lat' dir='ltr'>quo</span> <span class='ocrx_word' id='word_1_209' title='bbox 670 1304 854 1343; x_wconf 62' lang='lat' dir='ltr'>ususfruttus</span> <span class='ocrx_word' id='word_1_210' title='bbox 868 1315 925 1336; x_wconf 74' lang='lat' dir='ltr'>mn</span> 
     </span>
     <span class='ocr_line' id='line_1_30' title="bbox 45 1344 923 1388; baseline 0 -9"><span class='ocrx_word' id='word_1_211' title='bbox 45 1350 151 1379; x_wconf 83' lang='lat' dir='ltr'>utendo</span> <span class='ocrx_word' id='word_1_212' title='bbox 164 1350 238 1388; x_wconf 78' lang='lat' dir='ltr'>perii</span> <span class='ocrx_word' id='word_1_213' title='bbox 249 1371 258 1386; x_wconf 93' lang='lat'>,</span> <span class='ocrx_word' id='word_1_214' title='bbox 281 1345 468 1387; x_wconf 62' lang='lat' dir='ltr'>ususfruttus</span> <span class='ocrx_word' id='word_1_215' title='bbox 484 1347 555 1377; x_wconf 75' lang='lat' dir='ltr'>mihi</span> <span class='ocrx_word' id='word_1_216' title='bbox 570 1344 745 1387; x_wconf 70' lang='lat' dir='ltr'>restituitur.</span> <span class='ocrx_word' id='word_1_217' title='bbox 793 1346 923 1378; x_wconf 79' lang='lat' dir='ltr'>Sensus:</span> 
     </span>
     <span class='ocr_line' id='line_1_31' title="bbox 45 1387 924 1430; baseline -0.002 -9"><span class='ocrx_word' id='word_1_218' title='bbox 45 1389 77 1421; x_wconf 89' lang='lat' dir='ltr'>Si</span> <span class='ocrx_word' id='word_1_219' title='bbox 90 1389 160 1430; x_wconf 83' lang='lat' dir='ltr'>post</span> <span class='ocrx_word' id='word_1_220' title='bbox 171 1388 395 1421; x_wconf 67' lang='lat' dir='ltr'>usumfructum</span> <span class='ocrx_word' id='word_1_221' title='bbox 408 1389 587 1420; x_wconf 82' lang='lat' dir='ltr'>mutatione</span> <span class='ocrx_word' id='word_1_222' title='bbox 602 1387 716 1418; x_wconf 82' lang='lat' dir='ltr'>formae</span> <span class='ocrx_word' id='word_1_223' title='bbox 733 1388 776 1418; x_wconf 88' lang='lat' dir='ltr'>rei</span> <span class='ocrx_word' id='word_1_224' title='bbox 789 1387 924 1419; x_wconf 56' lang='lat' dir='ltr'>fruetuu-</span> 
     </span>
     <span class='ocr_line' id='line_1_32' title="bbox 45 1428 924 1469; baseline -0.001 -7"><span class='ocrx_word' id='word_1_225' title='bbox 45 1433 101 1462; x_wconf 81' lang='lat' dir='ltr'>riae</span> <span class='ocrx_word' id='word_1_226' title='bbox 124 1431 321 1468; x_wconf 71' lang='lat' dir='ltr'>eXtinCtum‚</span> <span class='ocrx_word' id='word_1_227' title='bbox 346 1437 438 1461; x_wconf 75' lang='lat' dir='ltr'>vetus</span> <span class='ocrx_word' id='word_1_228' title='bbox 456 1430 522 1469; x_wconf 89' lang='lat' dir='ltr'>ejus</span> <span class='ocrx_word' id='word_1_229' title='bbox 541 1430 583 1460; x_wconf 85' lang='lat' dir='ltr'>rei</span> <span class='ocrx_word' id='word_1_230' title='bbox 606 1428 710 1460; x_wconf 83' lang='lat' dir='ltr'>forma</span> <span class='ocrx_word' id='word_1_231' title='bbox 733 1428 924 1461; x_wconf 87' lang='lat' dir='ltr'>restauretur</span> 
     </span>
     <span class='ocr_line' id='line_1_33' title="bbox 45 1469 921 1512; baseline -0.002 -8"><span class='ocrx_word' id='word_1_232' title='bbox 45 1473 129 1504; x_wconf 81' lang='lat' dir='ltr'>intra</span> <span class='ocrx_word' id='word_1_233' title='bbox 154 1481 281 1512; x_wconf 87' lang='lat' dir='ltr'>tempus</span> <span class='ocrx_word' id='word_1_234' title='bbox 303 1481 368 1512; x_wconf 88' lang='lat' dir='ltr'>quo</span> <span class='ocrx_word' id='word_1_235' title='bbox 388 1480 452 1502; x_wconf 89' lang='lat' dir='ltr'>non</span> <span class='ocrx_word' id='word_1_236' title='bbox 473 1471 594 1502; x_wconf 87' lang='lat' dir='ltr'>utendo</span> <span class='ocrx_word' id='word_1_237' title='bbox 612 1471 695 1511; x_wconf 87' lang='lat' dir='ltr'>perit</span> <span class='ocrx_word' id='word_1_238' title='bbox 710 1469 921 1502; x_wconf 67' lang='lat' dir='ltr'>ususfructus:</span> 
     </span>
     <span class='ocr_line' id='line_1_34' title="bbox 45 1511 922 1551; baseline 0 -6"><span class='ocrx_word' id='word_1_239' title='bbox 45 1513 158 1545; x_wconf 82' lang='lat' dir='ltr'>definit</span> <span class='ocrx_word' id='word_1_240' title='bbox 181 1512 270 1545; x_wconf 81' lang='lat' dir='ltr'>causa</span> <span class='ocrx_word' id='word_1_241' title='bbox 293 1512 401 1544; x_wconf 87' lang='lat' dir='ltr'>sublati</span> <span class='ocrx_word' id='word_1_242' title='bbox 427 1511 640 1551; x_wconf 68' lang='lat' dir='ltr'>ususfructus,</span> <span class='ocrx_word' id='word_1_243' title='bbox 664 1520 796 1543; x_wconf 78' lang='lat' dir='ltr'>extante</span> <span class='ocrx_word' id='word_1_244' title='bbox 821 1512 922 1545; x_wconf 79' lang='lat' dir='ltr'>rursus</span> 
     </span>
     <span class='ocr_line' id='line_1_35' title="bbox 42 1552 923 1595; baseline -0.001 -9"><span class='ocrx_word' id='word_1_245' title='bbox 42 1555 149 1587; x_wconf 84' lang='lat' dir='ltr'>forma</span> <span class='ocrx_word' id='word_1_246' title='bbox 165 1556 209 1586; x_wconf 91' lang='lat' dir='ltr'>rei</span> <span class='ocrx_word' id='word_1_247' title='bbox 225 1555 312 1595; x_wconf 88' lang='lat' dir='ltr'>cujus</span> <span class='ocrx_word' id='word_1_248' title='bbox 328 1555 450 1595; x_wconf 85' lang='lat' dir='ltr'>legatus</span> <span class='ocrx_word' id='word_1_249' title='bbox 461 1553 506 1585; x_wconf 89' lang='lat' dir='ltr'>est</span> <span class='ocrx_word' id='word_1_250' title='bbox 523 1552 726 1586; x_wconf 65' lang='lat' dir='ltr'>ususfructus.</span> <span class='ocrx_word' id='word_1_251' title='bbox 743 1553 813 1586; x_wconf 76' lang='lat' dir='ltr'>vult</span> <span class='ocrx_word' id='word_1_252' title='bbox 827 1553 923 1595; x_wconf 83' lang='lat' dir='ltr'>igitur</span> 
     </span>
     <span class='ocr_line' id='line_1_36' title="bbox 44 1594 922 1635; baseline 0 -8"><span class='ocrx_word' id='word_1_253' title='bbox 44 1598 149 1634; x_wconf 86' lang='lat' dir='ltr'>ratio,</span> <span class='ocrx_word' id='word_1_254' title='bbox 174 1595 398 1628; x_wconf 73' lang='lat' dir='ltr'>usumfructum</span> <span class='ocrx_word' id='word_1_255' title='bbox 416 1596 549 1635; x_wconf 82' lang='lat' dir='ltr'>perinde</span> <span class='ocrx_word' id='word_1_256' title='bbox 565 1595 672 1626; x_wconf 89' lang='lat' dir='ltr'>deberi</span> <span class='ocrx_word' id='word_1_257' title='bbox 692 1594 814 1634; x_wconf 74' lang='lat' dir='ltr'>rursu53</span> <span class='ocrx_word' id='word_1_258' title='bbox 837 1595 922 1635; x_wconf 80' lang='lat' dir='ltr'>quasi</span> 
     </span>
     <span class='ocr_line' id='line_1_37' title="bbox 42 1635 922 1679; baseline -0.001 -10"><span class='ocrx_word' id='word_1_259' title='bbox 42 1638 170 1670; x_wconf 83' lang='lat' dir='ltr'>interim</span> <span class='ocrx_word' id='word_1_260' title='bbox 189 1638 288 1679; x_wconf 83' lang='lat' dir='ltr'>magis</span> <span class='ocrx_word' id='word_1_261' title='bbox 306 1636 451 1674; x_wconf 80' lang='lat' dir='ltr'>ceffaffe,</span> <span class='ocrx_word' id='word_1_262' title='bbox 466 1646 560 1676; x_wconf 86' lang='lat' dir='ltr'>quam</span> <span class='ocrx_word' id='word_1_263' title='bbox 576 1635 735 1672; x_wconf 74' lang='lat' dir='ltr'>extinftus</span> <span class='ocrx_word' id='word_1_264' title='bbox 753 1635 815 1667; x_wconf 80' lang='lat' dir='ltr'>ess&#39;e</span> <span class='ocrx_word' id='word_1_265' title='bbox 830 1637 922 1668; x_wconf 84' lang='lat' dir='ltr'>intel·</span> 
     </span>
     <span class='ocr_line' id='line_1_38' title="bbox 41 1677 920 1720; baseline -0.001 -9"><span class='ocrx_word' id='word_1_266' title='bbox 41 1679 169 1720; x_wconf 83' lang='lat' dir='ltr'>ligatur.</span> <span class='ocrx_word' id='word_1_267' title='bbox 193 1680 261 1711; x_wconf 86' lang='lat' dir='ltr'>Sic:</span> <span class='ocrx_word' id='word_1_268' title='bbox 278 1678 298 1710; x_wconf 85' lang='lat' dir='ltr'><strong>fi</strong></span> <span class='ocrx_word' id='word_1_269' title='bbox 314 1678 358 1709; x_wconf 91' lang='lat' dir='ltr'>rei</span> <span class='ocrx_word' id='word_1_270' title='bbox 375 1677 478 1709; x_wconf 79' lang='lat' dir='ltr'>forma</span> <span class='ocrx_word' id='word_1_271' title='bbox 494 1677 683 1709; x_wconf 85' lang='lat' dir='ltr'>restauretur</span> <span class='ocrx_word' id='word_1_272' title='bbox 696 1679 777 1708; x_wconf 84' lang='lat' dir='ltr'>intra</span> <span class='ocrx_word' id='word_1_273' title='bbox 793 1686 920 1719; x_wconf 86' lang='lat' dir='ltr'>tempus</span> 
     </span>
     <span class='ocr_line' id='line_1_39' title="bbox 42 1717 920 1760; baseline 0 -9"><span class='ocrx_word' id='word_1_274' title='bbox 42 1729 109 1760; x_wconf 90' lang='lat' dir='ltr'>quo</span> <span class='ocrx_word' id='word_1_275' title='bbox 126 1730 191 1752; x_wconf 88' lang='lat' dir='ltr'>non</span> <span class='ocrx_word' id='word_1_276' title='bbox 208 1721 330 1751; x_wconf 90' lang='lat' dir='ltr'>utendo</span> <span class='ocrx_word' id='word_1_277' title='bbox 347 1721 429 1760; x_wconf 87' lang='lat' dir='ltr'>perit</span> <span class='ocrx_word' id='word_1_278' title='bbox 444 1717 647 1750; x_wconf 69' lang='lat' dir='ltr'>ususfructus.</span> <span class='ocrx_word' id='word_1_279' title='bbox 665 1727 695 1748; x_wconf 88' lang='lat' dir='ltr'>at</span> <span class='ocrx_word' id='word_1_280' title='bbox 708 1718 780 1758; x_wconf 90' lang='lat' dir='ltr'>post</span> <span class='ocrx_word' id='word_1_281' title='bbox 795 1720 826 1750; x_wconf 89' lang='lat' dir='ltr'>id</span> <span class='ocrx_word' id='word_1_282' title='bbox 843 1728 920 1751; x_wconf 88' lang='lat' dir='ltr'>tem—</span> 
     </span>
     <span class='ocr_line' id='line_1_40' title="bbox 40 1759 919 1802; baseline 0 -10"><span class='ocrx_word' id='word_1_283' title='bbox 40 1770 101 1802; x_wconf 86' lang='lat' dir='ltr'>pus</span> <span class='ocrx_word' id='word_1_284' title='bbox 112 1771 176 1793; x_wconf 89' lang='lat' dir='ltr'>non</span> <span class='ocrx_word' id='word_1_285' title='bbox 188 1760 361 1792; x_wconf 87' lang='lat' dir='ltr'>restituitur</span> <span class='ocrx_word' id='word_1_286' title='bbox 371 1760 437 1800; x_wconf 91' lang='lat' dir='ltr'>ipso</span> <span class='ocrx_word' id='word_1_287' title='bbox 452 1760 520 1800; x_wconf 77' lang='lat' dir='ltr'>Jure</span> <span class='ocrx_word' id='word_1_288' title='bbox 531 1759 746 1791; x_wconf 67' lang='lat' dir='ltr'>ususfructus:</span> <span class='ocrx_word' id='word_1_289' title='bbox 765 1759 817 1791; x_wconf 87' lang='lat' dir='ltr'>sed</span> <span class='ocrx_word' id='word_1_290' title='bbox 835 1770 919 1792; x_wconf 90' lang='lat' dir='ltr'>nova</span> 
     </span>
     <span class='ocr_line' id='line_1_41' title="bbox 42 1800 919 1844; baseline 0 -10"><span class='ocrx_word' id='word_1_291' title='bbox 42 1803 184 1834; x_wconf 84' lang='lat' dir='ltr'>ceffione</span> <span class='ocrx_word' id='word_1_292' title='bbox 199 1812 281 1844; x_wconf 89' lang='lat' dir='ltr'>opus</span> <span class='ocrx_word' id='word_1_293' title='bbox 300 1802 406 1833; x_wconf 88' lang='lat' dir='ltr'>habet.</span> <span class='ocrx_word' id='word_1_294' title='bbox 431 1802 494 1832; x_wconf 85' lang='lat' dir='ltr'>hoc</span> <span class='ocrx_word' id='word_1_295' title='bbox 511 1802 540 1832; x_wconf 92' lang='lat' dir='ltr'>in</span> <span class='ocrx_word' id='word_1_296' title='bbox 559 1800 718 1833; x_wconf 69' lang='lat' dir='ltr'>usufructu</span> <span class='ocrx_word' id='word_1_297' title='bbox 733 1802 852 1833; x_wconf 83' lang='lat' dir='ltr'>indicat</span> <span class='ocrx_word' id='word_1_298' title='bbox 867 1804 919 1843; x_wconf 85' lang='lat' dir='ltr'>Ju-</span> 
     </span>
     <span class='ocr_line' id='line_1_42' title="bbox 39 1841 918 1887; baseline 0 -12"><span class='ocrx_word' id='word_1_299' title='bbox 39 1844 143 1876; x_wconf 88' lang='lat' dir='ltr'>lianus</span> <span class='ocrx_word' id='word_1_300' title='bbox 158 1844 178 1876; x_wconf 77' lang='lat' dir='ltr'>l.</span> <span class='ocrx_word' id='word_1_301' title='bbox 195 1854 223 1884; x_wconf 83' lang='grc'>7.</span> <span class='ocrx_word' id='word_1_302' title='bbox 240 1843 283 1875; x_wconf 84' lang='lat' dir='ltr'>D.</span> <span class='ocrx_word' id='word_1_303' title='bbox 302 1843 420 1887; x_wconf 79' lang='lat' dir='ltr'>Quibus</span> <span class='ocrx_word' id='word_1_304' title='bbox 435 1843 524 1874; x_wconf 81' lang='lat' dir='ltr'>modis</span> <span class='ocrx_word' id='word_1_305' title='bbox 539 1841 723 1882; x_wconf 66' lang='lat' dir='ltr'>ususfruftus</span> <span class='ocrx_word' id='word_1_306' title='bbox 737 1844 784 1874; x_wconf 77' lang='lat' dir='ltr'>vei</span> <span class='ocrx_word' id='word_1_307' title='bbox 801 1845 869 1883; x_wconf 75' lang='lat' dir='ltr'>ufiis</span> <span class='ocrx_word' id='word_1_308' title='bbox 886 1855 918 1875; x_wconf 82' lang='lat' dir='ltr'>a·</span> 
     </span>
     <span class='ocr_line' id='line_1_43' title="bbox 40 1883 917 1926; baseline 0.001 -9"><span class='ocrx_word' id='word_1_309' title='bbox 40 1887 186 1925; x_wconf 77' lang='lat' dir='ltr'>mittitur,</span> <span class='ocrx_word' id='word_1_310' title='bbox 199 1885 230 1917; x_wconf 72' lang='lat' dir='ltr'>&lt;Sc</span> <span class='ocrx_word' id='word_1_311' title='bbox 246 1885 401 1926; x_wconf 78' lang='lat' dir='ltr'>inpraedii</span> <span class='ocrx_word' id='word_1_312' title='bbox 420 1883 571 1915; x_wconf 84' lang='lat' dir='ltr'>servitute</span> <span class='ocrx_word' id='word_1_313' title='bbox 586 1884 756 1924; x_wconf 77' lang='lat' dir='ltr'>Javolenus</span> <span class='ocrx_word' id='word_1_314' title='bbox 771 1884 790 1915; x_wconf 87' lang='lat' dir='ltr'>l.</span> <span class='ocrx_word' id='word_1_315' title='bbox 809 1895 855 1923; x_wconf 76' lang='lat'>14.</span> <span class='ocrx_word' id='word_1_316' title='bbox 873 1885 917 1918; x_wconf 87' lang='lat' dir='ltr'>D.</span> 
     </span>
     <span class='ocr_line' id='line_1_44' title="bbox 39 1926 916 1971; baseline 0 -13"><span class='ocrx_word' id='word_1_317' title='bbox 39 1926 290 1971; x_wconf 76' lang='lat' dir='ltr'>Quemadmodum</span> <span class='ocrx_word' id='word_1_318' title='bbox 306 1926 467 1965; x_wconf 74' lang='lat' dir='ltr'>servitutes</span> <span class='ocrx_word' id='word_1_319' title='bbox 488 1927 677 1957; x_wconf 79' lang='lat' dir='ltr'>amittuntur.</span> <span class='ocrx_word' id='word_1_320' title='bbox 708 1929 753 1957; x_wconf 88' lang='lat' dir='ltr'>ita</span> <span class='ocrx_word' id='word_1_321' title='bbox 773 1928 916 1966; x_wconf 87' lang='lat' dir='ltr'>proprie·</span> 
     </span>
     <span class='ocr_line' id='line_1_45' title="bbox 38 1966 914 2008; baseline 0 -9"><span class='ocrx_word' id='word_1_322' title='bbox 38 1969 156 2007; x_wconf 83' lang='lat' dir='ltr'>tarius,</span> <span class='ocrx_word' id='word_1_323' title='bbox 180 1968 202 2000; x_wconf 88' lang='lat' dir='ltr'>fi</span> <span class='ocrx_word' id='word_1_324' title='bbox 225 1969 301 2008; x_wconf 80' lang='lat' dir='ltr'>quid</span> <span class='ocrx_word' id='word_1_325' title='bbox 319 1966 401 1998; x_wconf 87' lang='lat' dir='ltr'>fecit</span> <span class='ocrx_word' id='word_1_326' title='bbox 427 1976 492 2005; x_wconf 89' lang='lat' dir='ltr'>quo</span> <span class='ocrx_word' id='word_1_327' title='bbox 516 1975 691 1998; x_wconf 76' lang='lat' dir='ltr'>mutaretur</span> <span class='ocrx_word' id='word_1_328' title='bbox 709 1977 758 1998; x_wconf 86' lang='lat' dir='ltr'>res</span> <span class='ocrx_word' id='word_1_329' title='bbox 777 1966 914 1999; x_wconf 68' lang='lat' dir='ltr'>fructua-</span> 
     </span>
     <span class='ocr_line' id='line_1_46' title="bbox 34 2008 915 2049; baseline 0 -8"><span class='ocrx_word' id='word_1_330' title='bbox 34 2009 101 2049; x_wconf 81' lang='lat' dir='ltr'>ria,</span> <span class='ocrx_word' id='word_1_331' title='bbox 125 2009 156 2041; x_wconf 74' lang='grc' dir='ltr'>ὅτ.</span> <span class='ocrx_word' id='word_1_332' title='bbox 179 2009 324 2041; x_wconf 88' lang='lat' dir='ltr'>interiret</span> <span class='ocrx_word' id='word_1_333' title='bbox 349 2008 563 2045; x_wconf 71' lang='lat' dir='ltr'>ususfructus,</span> <span class='ocrx_word' id='word_1_334' title='bbox 587 2008 760 2039; x_wconf 70' lang='lat' dir='ltr'>fructuario</span> <span class='ocrx_word' id='word_1_335' title='bbox 788 2016 915 2041; x_wconf 87' lang='lat' dir='ltr'>tenetur</span> 
     </span>
     <span class='ocr_line' id='line_1_47' title="bbox 34 2048 913 2094; baseline -0.001 -11"><span class='ocrx_word' id='word_1_336' title='bbox 34 2052 75 2083; x_wconf 89' lang='lat' dir='ltr'>ad</span> <span class='ocrx_word' id='word_1_337' title='bbox 92 2051 338 2083; x_wconf 84' lang='lat' dir='ltr'>renovationem</span> <span class='ocrx_word' id='word_1_338' title='bbox 353 2052 382 2081; x_wconf 85' lang='lat' dir='ltr'>d.</span> <span class='ocrx_word' id='word_1_339' title='bbox 399 2050 417 2081; x_wconf 78' lang='lat' dir='ltr'>l.</span> <span class='ocrx_word' id='word_1_340' title='bbox 432 2059 478 2088; x_wconf 73' lang='lat'>14.</span> <span class='ocrx_word' id='word_1_341' title='bbox 503 2049 737 2094; x_wconf 72' lang='lat' dir='ltr'>Quaafflone?</span> <span class='ocrx_word' id='word_1_342' title='bbox 754 2048 826 2089; x_wconf 88' lang='lat' dir='ltr'>fac,</span> <span class='ocrx_word' id='word_1_343' title='bbox 843 2060 913 2090; x_wconf 68' lang='lat' dir='ltr'>quie</span> 
     </span>
     <span class='ocr_line' id='line_1_48' title="bbox 33 2091 913 2134; baseline 0 -10"><span class='ocrx_word' id='word_1_344' title='bbox 33 2091 82 2124; x_wconf 84' lang='lat' dir='ltr'>est</span> <span class='ocrx_word' id='word_1_345' title='bbox 100 2092 219 2132; x_wconf 89' lang='lat' dir='ltr'>species</span> <span class='ocrx_word' id='word_1_346' title='bbox 236 2092 257 2125; x_wconf 82' lang='lat' dir='ltr'>l.</span> <span class='ocrx_word' id='word_1_347' title='bbox 273 2096 320 2126; x_wconf 89' lang='lat'>18.</span> <span class='ocrx_word' id='word_1_348' title='bbox 337 2091 366 2134; x_wconf 81' lang='lat'>§.</span> <span class='ocrx_word' id='word_1_349' title='bbox 386 2101 414 2123; x_wconf 84' lang='lat'>2.</span> <span class='ocrx_word' id='word_1_350' title='bbox 437 2091 479 2122; x_wconf 90' lang='lat' dir='ltr'>D.</span> <span class='ocrx_word' id='word_1_351' title='bbox 504 2099 536 2121; x_wconf 75' lang='lat' dir='ltr'>ae</span> <span class='ocrx_word' id='word_1_352' title='bbox 552 2091 613 2122; x_wconf 73' lang='lat' dir='ltr'>dolo</span> <span class='ocrx_word' id='word_1_353' title='bbox 628 2092 720 2130; x_wconf 76' lang='lat' dir='ltr'>malo,</span> <span class='ocrx_word' id='word_1_354' title='bbox 739 2092 913 2124; x_wconf 76' lang='lat' dir='ltr'>incendiss&#39;e</span> 
     </span>
     <span class='ocr_line' id='line_1_49' title="bbox 32 2131 912 2174; baseline 0 -9"><span class='ocrx_word' id='word_1_355' title='bbox 32 2132 165 2166; x_wconf 82' lang='lat' dir='ltr'>insulam</span> <span class='ocrx_word' id='word_1_356' title='bbox 181 2134 268 2173; x_wconf 88' lang='lat' dir='ltr'>cujus</span> <span class='ocrx_word' id='word_1_357' title='bbox 285 2134 405 2174; x_wconf 80' lang='lat' dir='ltr'>legatus</span> <span class='ocrx_word' id='word_1_358' title='bbox 419 2141 485 2164; x_wconf 84' lang='lat' dir='ltr'>erat</span> <span class='ocrx_word' id='word_1_359' title='bbox 502 2131 702 2164; x_wconf 68' lang='lat' dir='ltr'>ususfructus.</span> <span class='ocrx_word' id='word_1_360' title='bbox 729 2133 840 2171; x_wconf 85' lang='lat' dir='ltr'>aliquis</span> <span class='ocrx_word' id='word_1_361' title='bbox 856 2144 912 2174; x_wconf 90' lang='lat' dir='ltr'>pu-</span> 
     </span>
     <span class='ocr_line' id='line_1_50' title="bbox 32 2173 912 2214; baseline 0.001 -8"><span class='ocrx_word' id='word_1_362' title='bbox 32 2181 103 2214; x_wconf 83' lang='lat' dir='ltr'>tet,</span> <span class='ocrx_word' id='word_1_363' title='bbox 119 2176 253 2208; x_wconf 81' lang='lat' dir='ltr'>dandam</span> <span class='ocrx_word' id='word_1_364' title='bbox 270 2174 332 2206; x_wconf 82' lang='lat' dir='ltr'>effe</span> <span class='ocrx_word' id='word_1_365' title='bbox 349 2176 388 2206; x_wconf 88' lang='lat' dir='ltr'>de</span> <span class='ocrx_word' id='word_1_366' title='bbox 405 2175 483 2205; x_wconf 89' lang='lat' dir='ltr'>dolo</span> <span class='ocrx_word' id='word_1_367' title='bbox 501 2174 671 2206; x_wconf 64' lang='lat' dir='ltr'>astionem.</span> <span class='ocrx_word' id='word_1_368' title='bbox 688 2174 739 2206; x_wconf 87' lang='lat' dir='ltr'>sed</span> <span class='ocrx_word' id='word_1_369' title='bbox 758 2173 912 2214; x_wconf 80' lang='lat' dir='ltr'>Ulpianus</span> 
     </span>
     <span class='ocr_line' id='line_1_51' title="bbox 31 2216 911 2258; baseline 0 -10"><span class='ocrx_word' id='word_1_370' title='bbox 31 2225 146 2255; x_wconf 78' lang='lat' dir='ltr'>negat:</span> <span class='ocrx_word' id='word_1_371' title='bbox 170 2217 338 2258; x_wconf 86' lang='lat' dir='ltr'>quoniam,</span> <span class='ocrx_word' id='word_1_372' title='bbox 356 2216 521 2256; x_wconf 85' lang='lat' dir='ltr'>inquiens,</span> <span class='ocrx_word' id='word_1_373' title='bbox 540 2216 609 2247; x_wconf 81' lang='lat' dir='ltr'>aiiae</span> <span class='ocrx_word' id='word_1_374' title='bbox 626 2225 666 2247; x_wconf 82' lang='lat' dir='ltr'>ex</span> <span class='ocrx_word' id='word_1_375' title='bbox 684 2216 747 2246; x_wconf 85' lang='lat' dir='ltr'>hoe</span> <span class='ocrx_word' id='word_1_376' title='bbox 765 2225 911 2248; x_wconf 87' lang='lat' dir='ltr'>oriuntur</span> 
     </span>
     <span class='ocr_line' id='line_1_52' title="bbox 31 2257 910 2296; baseline 0 -7"><span class='ocrx_word' id='word_1_377' title='bbox 31 2258 187 2289; x_wconf 70' lang='lat' dir='ltr'>actiones.</span> <span class='ocrx_word' id='word_1_378' title='bbox 216 2258 321 2289; x_wconf 59' lang='lat' dir='ltr'>recte:</span> <span class='ocrx_word' id='word_1_379' title='bbox 344 2266 415 2288; x_wconf 86' lang='lat' dir='ltr'>narn</span> <span class='ocrx_word' id='word_1_380' title='bbox 442 2257 558 2288; x_wconf 76' lang='lat' dir='ltr'>exustis</span> <span class='ocrx_word' id='word_1_381' title='bbox 575 2267 592 2288; x_wconf 88' lang='lat' dir='ltr'>a</span> <span class='ocrx_word' id='word_1_382' title='bbox 608 2257 742 2288; x_wconf 89' lang='lat' dir='ltr'>domino</span> <span class='ocrx_word' id='word_1_383' title='bbox 768 2258 910 2296; x_wconf 73' lang='lat' dir='ltr'>aedibus,</span> 
     </span>
     <span class='ocr_line' id='line_1_53' title="bbox 32 2297 908 2339; baseline 0.002 -9"><span class='ocrx_word' id='word_1_384' title='bbox 32 2297 209 2330; x_wconf 48' lang='lat' dir='ltr'>fustuario</span> <span class='ocrx_word' id='word_1_385' title='bbox 226 2299 385 2338; x_wconf 86' lang='lat' dir='ltr'>competit</span> <span class='ocrx_word' id='word_1_386' title='bbox 403 2299 488 2330; x_wconf 79' lang='lat' dir='ltr'>utilis</span> <span class='ocrx_word' id='word_1_387' title='bbox 509 2300 587 2339; x_wconf 76' lang='lat' dir='ltr'>legis</span> <span class='ocrx_word' id='word_1_388' title='bbox 606 2299 742 2338; x_wconf 76' lang='lat' dir='ltr'>Aquiliae</span> <span class='ocrx_word' id='word_1_389' title='bbox 759 2299 859 2336; x_wconf 72' lang='lat' dir='ltr'>attio,</span> <span class='ocrx_word' id='word_1_390' title='bbox 878 2300 908 2332; x_wconf 87' lang='lat'>&amp;</span> 
     </span>
     <span class='ocr_line' id='line_1_54' title="bbox 28 2339 908 2380; baseline 0.002 -9"><span class='ocrx_word' id='word_1_391' title='bbox 28 2339 225 2380; x_wconf 81' lang='lat' dir='ltr'>supervacua</span> <span class='ocrx_word' id='word_1_392' title='bbox 244 2340 289 2371; x_wconf 83' lang='lat' dir='ltr'>est</span> <span class='ocrx_word' id='word_1_393' title='bbox 304 2340 344 2371; x_wconf 79' lang='lat' dir='ltr'>tle</span> <span class='ocrx_word' id='word_1_394' title='bbox 361 2340 438 2370; x_wconf 83' lang='lat' dir='ltr'>dolo</span> <span class='ocrx_word' id='word_1_395' title='bbox 458 2340 561 2378; x_wconf 70' lang='lat' dir='ltr'>affio,</span> <span class='ocrx_word' id='word_1_396' title='bbox 586 2340 735 2379; x_wconf 78' lang='lat' dir='ltr'>quamdiu</span> <span class='ocrx_word' id='word_1_397' title='bbox 751 2341 801 2371; x_wconf 84' lang='lat' dir='ltr'>alii&#39;</span> <span class='ocrx_word' id='word_1_398' title='bbox 819 2341 908 2373; x_wconf 82' lang='lat' dir='ltr'>locus</span> 
     </span>
     <span class='ocr_line' id='line_1_55' title="bbox 30 2380 908 2422; baseline 0.002 -10"><span class='ocrx_word' id='word_1_399' title='bbox 30 2381 89 2413; x_wconf 82' lang='lat' dir='ltr'>est.</span> <span class='ocrx_word' id='word_1_400' title='bbox 121 2383 217 2422; x_wconf 86' lang='lat' dir='ltr'>quid,</span> <span class='ocrx_word' id='word_1_401' title='bbox 240 2381 259 2413; x_wconf 85' lang='lat' dir='ltr'>fi</span> <span class='ocrx_word' id='word_1_402' title='bbox 277 2382 308 2413; x_wconf 87' lang='lat' dir='ltr'>in</span> <span class='ocrx_word' id='word_1_403' title='bbox 326 2390 397 2412; x_wconf 84' lang='lat' dir='ltr'>area</span> <span class='ocrx_word' id='word_1_404' title='bbox 417 2380 552 2420; x_wconf 79' lang='lat' dir='ltr'>positum</span> <span class='ocrx_word' id='word_1_405' title='bbox 571 2381 607 2412; x_wconf 78' lang='lat' dir='ltr'>fit</span> <span class='ocrx_word' id='word_1_406' title='bbox 626 2381 824 2412; x_wconf 79' lang='lat' dir='ltr'>aedificium?</span> <span class='ocrx_word' id='word_1_407' title='bbox 845 2382 908 2422; x_wconf 87' lang='lat' dir='ltr'>jam</span> 
     </span>
     <span class='ocr_line' id='line_1_56' title="bbox 32 2422 909 2463; baseline 0.001 -9"><span class='ocrx_word' id='word_1_408' title='bbox 32 2423 220 2463; x_wconf 72' lang='lat' dir='ltr'>pretiosior,</span> <span class='ocrx_word' id='word_1_409' title='bbox 243 2431 298 2454; x_wconf 77' lang='lat' dir='ltr'>aut</span> <span class='ocrx_word' id='word_1_410' title='bbox 322 2432 387 2454; x_wconf 88' lang='lat' dir='ltr'>non</span> <span class='ocrx_word' id='word_1_411' title='bbox 413 2423 553 2454; x_wconf 77' lang='lat' dir='ltr'>deterior</span> <span class='ocrx_word' id='word_1_412' title='bbox 571 2422 653 2454; x_wconf 61' lang='lat' dir='ltr'>facta</span> <span class='ocrx_word' id='word_1_413' title='bbox 677 2422 722 2454; x_wconf 82' lang='lat' dir='ltr'>est</span> <span class='ocrx_word' id='word_1_414' title='bbox 737 2432 825 2455; x_wconf 79' lang='lat' dir='ltr'>area:</span> <span class='ocrx_word' id='word_1_415' title='bbox 849 2433 909 2455; x_wconf 83' lang='lat' dir='ltr'>nec</span> 
     </span>
     <span class='ocr_line' id='line_1_57' title="bbox 33 2464 906 2505; baseline 0.003 -11"><span class='ocrx_word' id='word_1_416' title='bbox 33 2464 141 2503; x_wconf 84' lang='lat' dir='ltr'>potest</span> <span class='ocrx_word' id='word_1_417' title='bbox 162 2474 203 2496; x_wconf 85' lang='lat' dir='ltr'>ex</span> <span class='ocrx_word' id='word_1_418' title='bbox 227 2464 295 2505; x_wconf 80' lang='lat' dir='ltr'>lege</span> <span class='ocrx_word' id='word_1_419' title='bbox 324 2464 447 2504; x_wconf 80' lang='lat' dir='ltr'>Aquilia</span> <span class='ocrx_word' id='word_1_420' title='bbox 472 2465 519 2505; x_wconf 79' lang='lat' dir='ltr'>agi</span> <span class='ocrx_word' id='word_1_421' title='bbox 536 2488 546 2503; x_wconf 91' lang='lat'>,</span> <span class='ocrx_word' id='word_1_422' title='bbox 567 2465 657 2495; x_wconf 89' lang='lat' dir='ltr'>nullo</span> <span class='ocrx_word' id='word_1_423' title='bbox 681 2465 756 2495; x_wconf 85' lang='lat' dir='ltr'>dato</span> <span class='ocrx_word' id='word_1_424' title='bbox 780 2466 906 2497; x_wconf 87' lang='lat' dir='ltr'>damno.</span> 
     </span>
     <span class='ocr_line' id='line_1_58' title="bbox 34 2504 908 2549; baseline 0.002 -14"><span class='ocrx_word' id='word_1_425' title='bbox 34 2505 111 2542; x_wconf 82' lang='lat' dir='ltr'>quid</span> <span class='ocrx_word' id='word_1_426' title='bbox 128 2505 231 2546; x_wconf 78' lang='lat' dir='ltr'>ergo?</span> <span class='ocrx_word' id='word_1_427' title='bbox 250 2507 291 2536; x_wconf 86' lang='lat' dir='ltr'>ait</span> <span class='ocrx_word' id='word_1_428' title='bbox 308 2504 462 2544; x_wconf 78' lang='lat' dir='ltr'>Ulpianus</span> <span class='ocrx_word' id='word_1_429' title='bbox 477 2505 497 2538; x_wconf 82' lang='lat' dir='ltr'>l.</span> <span class='ocrx_word' id='word_1_430' title='bbox 514 2516 543 2545; x_wconf 82' lang='lat'>5.</span> <span class='ocrx_word' id='word_1_431' title='bbox 562 2505 589 2546; x_wconf 83' lang='lat'>§.</span> <span class='ocrx_word' id='word_1_432' title='bbox 607 2516 636 2545; x_wconf 70' lang='lat'>13.</span> <span class='ocrx_word' id='word_1_433' title='bbox 656 2504 698 2537; x_wconf 88' lang='lat' dir='ltr'>D.</span> <span class='ocrx_word' id='word_1_434' title='bbox 718 2505 836 2549; x_wconf 67' lang='lat' dir='ltr'>Quibus</span> <span class='ocrx_word' id='word_1_435' title='bbox 853 2517 908 2537; x_wconf 83' lang='lat' dir='ltr'>mo-</span> 
     </span>
     <span class='ocr_line' id='line_1_59' title="bbox 35 2544 908 2588; baseline 0.005 -13"><span class='ocrx_word' id='word_1_436' title='bbox 35 2544 80 2575; x_wconf 77' lang='lat' dir='ltr'>dis</span> <span class='ocrx_word' id='word_1_437' title='bbox 104 2546 288 2584; x_wconf 63' lang='lat' dir='ltr'>ususfrufitus</span> <span class='ocrx_word' id='word_1_438' title='bbox 311 2547 357 2577; x_wconf 77' lang='lat' dir='ltr'>vel</span> <span class='ocrx_word' id='word_1_439' title='bbox 381 2547 450 2587; x_wconf 81' lang='lat' dir='ltr'>usus</span> <span class='ocrx_word' id='word_1_440' title='bbox 472 2549 637 2585; x_wconf 72' lang='lat' dir='ltr'>amittitur,</span> <span class='ocrx_word' id='word_1_441' title='bbox 661 2547 908 2588; x_wconf 86' lang='lat' dir='ltr'>proprietarium</span> 
     </span>
     <span class='ocr_line' id='line_1_60' title="bbox 33 2583 906 2624; baseline 0.006 -9"><span class='ocrx_word' id='word_1_442' title='bbox 33 2583 101 2616; x_wconf 84' lang='lat' dir='ltr'>hoc</span> <span class='ocrx_word' id='word_1_443' title='bbox 117 2586 286 2619; x_wconf 77' lang='lat' dir='ltr'>facientem</span> <span class='ocrx_word' id='word_1_444' title='bbox 299 2610 307 2624; x_wconf 85' lang='grc'>,</span> <span class='ocrx_word' id='word_1_445' title='bbox 334 2589 435 2619; x_wconf 86' lang='lat' dir='ltr'>teneri</span> <span class='ocrx_word' id='word_1_446' title='bbox 456 2598 496 2619; x_wconf 84' lang='lat' dir='ltr'>cx</span> <span class='ocrx_word' id='word_1_447' title='bbox 515 2588 705 2620; x_wconf 81' lang='lat' dir='ltr'>testamento</span> <span class='ocrx_word' id='word_1_448' title='bbox 724 2590 775 2620; x_wconf 85' lang='lat' dir='ltr'>vel</span> <span class='ocrx_word' id='word_1_449' title='bbox 795 2590 836 2620; x_wconf 83' lang='lat' dir='ltr'>de</span> <span class='ocrx_word' id='word_1_450' title='bbox 851 2591 906 2620; x_wconf 89' lang='lat' dir='ltr'>do-</span> 
     </span>
     <span class='ocr_line' id='line_1_61' title="bbox 33 2625 907 2668; baseline 0.007 -12"><span class='ocrx_word' id='word_1_451' title='bbox 33 2625 88 2657; x_wconf 87' lang='lat' dir='ltr'>]o:</span> <span class='ocrx_word' id='word_1_452' title='bbox 106 2626 173 2665; x_wconf 80' lang='lat' dir='ltr'>illa,</span> <span class='ocrx_word' id='word_1_453' title='bbox 189 2628 335 2668; x_wconf 74' lang='lat' dir='ltr'>imposito</span> <span class='ocrx_word' id='word_1_454' title='bbox 352 2638 424 2659; x_wconf 85' lang='lat' dir='ltr'>ante</span> <span class='ocrx_word' id='word_1_455' title='bbox 441 2630 644 2661; x_wconf 75' lang='lat' dir='ltr'>traditionem</span> <span class='ocrx_word' id='word_1_456' title='bbox 663 2629 852 2662; x_wconf 69' lang='lat' dir='ltr'>ususfructus</span> <span class='ocrx_word' id='word_1_457' title='bbox 870 2640 907 2662; x_wconf 70' lang='grc' dir='ltr'>ω-</span> 
     </span>
     <span class='ocr_line' id='line_1_62' title="bbox 33 2665 904 2712; baseline 0.008 -16"><span class='ocrx_word' id='word_1_458' title='bbox 33 2665 167 2698; x_wconf 83' lang='lat' dir='ltr'>dificio:</span> <span class='ocrx_word' id='word_1_459' title='bbox 191 2668 248 2699; x_wconf 83' lang='lat' dir='ltr'>liae</span> <span class='ocrx_word' id='word_1_460' title='bbox 265 2669 391 2708; x_wconf 69' lang='lat' dir='ltr'>postea,</span> <span class='ocrx_word' id='word_1_461' title='bbox 407 2679 515 2708; x_wconf 83' lang='lat' dir='ltr'>certo,</span> <span class='ocrx_word' id='word_1_462' title='bbox 534 2673 622 2711; x_wconf 83' lang='lat' dir='ltr'>quod</span> <span class='ocrx_word' id='word_1_463' title='bbox 640 2681 704 2702; x_wconf 91' lang='lat' dir='ltr'>non</span> <span class='ocrx_word' id='word_1_464' title='bbox 721 2671 826 2712; x_wconf 83' lang='lat' dir='ltr'>potest</span> <span class='ocrx_word' id='word_1_465' title='bbox 841 2671 904 2703; x_wconf 89' lang='lat' dir='ltr'>fru-</span> 
     </span>
     <span class='ocr_line' id='line_1_63' title="bbox 35 2706 907 2755; baseline 0.007 -16"><span class='ocrx_word' id='word_1_466' title='bbox 35 2706 170 2739; x_wconf 69' lang='lat' dir='ltr'>ftuarius</span> <span class='ocrx_word' id='word_1_467' title='bbox 194 2718 233 2739; x_wconf 82' lang='lat' dir='ltr'>ex</span> <span class='ocrx_word' id='word_1_468' title='bbox 258 2709 446 2741; x_wconf 78' lang='lat' dir='ltr'>testamento</span> <span class='ocrx_word' id='word_1_469' title='bbox 470 2712 616 2743; x_wconf 85' lang='lat' dir='ltr'>adversus</span> <span class='ocrx_word' id='word_1_470' title='bbox 641 2713 791 2744; x_wconf 80' lang='lat' dir='ltr'>heredem</span> <span class='ocrx_word' id='word_1_471' title='bbox 812 2723 907 2755; x_wconf 85' lang='lat' dir='ltr'>agere</span> 
     </span>
     <span class='ocr_line' id='line_1_64' title="bbox 30 2747 906 2788; baseline 0.008 -9"><span class='ocrx_word' id='word_1_472' title='bbox 30 2747 106 2788; x_wconf 83' lang='lat' dir='ltr'>post</span> <span class='ocrx_word' id='word_1_473' title='bbox 131 2749 278 2780; x_wconf 86' lang='lat' dir='ltr'>traditum</span> <span class='ocrx_word' id='word_1_474' title='bbox 305 2760 344 2781; x_wconf 74' lang='lat' dir='ltr'>ex</span> <span class='ocrx_word' id='word_1_475' title='bbox 371 2751 560 2784; x_wconf 81' lang='lat' dir='ltr'>testamento</span> <span class='ocrx_word' id='word_1_476' title='bbox 575 2753 813 2786; x_wconf 63' lang='lat' dir='ltr'>usumfructum.</span> <span class='ocrx_word' id='word_1_477' title='bbox 845 2764 906 2786; x_wconf 87' lang='lat' dir='ltr'>nee</span> 
     </span>
     <span class='ocr_line' id='line_1_65' title="bbox 30 2790 903 2833; baseline 0.006 -11"><span class='ocrx_word' id='word_1_478' title='bbox 30 2790 132 2831; x_wconf 76' lang='lat' dir='ltr'>magis</span> <span class='ocrx_word' id='word_1_479' title='bbox 150 2791 253 2829; x_wconf 71' lang='lat' dir='ltr'>poten</span> <span class='ocrx_word' id='word_1_480' title='bbox 273 2790 459 2822; x_wconf 46' lang='lat' dir='ltr'>fructuarius</span> <span class='ocrx_word' id='word_1_481' title='bbox 476 2795 612 2833; x_wconf 85' lang='lat' dir='ltr'>experiri</span> <span class='ocrx_word' id='word_1_482' title='bbox 628 2795 755 2826; x_wconf 69' lang='lat' dir='ltr'>actione</span> <span class='ocrx_word' id='word_1_483' title='bbox 774 2796 903 2828; x_wconf 84' lang='lat' dir='ltr'>confes-</span> 
     </span>
     <span class='ocr_line' id='line_1_66' title="bbox 29 2829 903 2869; baseline 0.007 -8"><span class='ocrx_word' id='word_1_484' title='bbox 29 2829 112 2862; x_wconf 85' lang='lat' dir='ltr'>soria</span> <span class='ocrx_word' id='word_1_485' title='bbox 125 2855 133 2869; x_wconf 94' lang='lat'>‚</span> <span class='ocrx_word' id='word_1_486' title='bbox 151 2832 293 2863; x_wconf 65' lang='lat' dir='ltr'>extincto</span> <span class='ocrx_word' id='word_1_487' title='bbox 310 2834 353 2863; x_wconf 86' lang='lat' dir='ltr'>rei</span> <span class='ocrx_word' id='word_1_488' title='bbox 371 2835 548 2866; x_wconf 84' lang='lat' dir='ltr'>mutatione</span> <span class='ocrx_word' id='word_1_489' title='bbox 567 2835 744 2868; x_wconf 62' lang='lat' dir='ltr'>usufrutiu:</span> <span class='ocrx_word' id='word_1_490' title='bbox 769 2837 903 2869; x_wconf 83' lang='lat' dir='ltr'>necessa·</span> 
     </span>
     <span class='ocr_line' id='line_1_67' title="bbox 30 2872 905 2917; baseline 0.006 -13"><span class='ocrx_word' id='word_1_491' title='bbox 30 2873 77 2904; x_wconf 78' lang='lat' dir='ltr'>ria</span> <span class='ocrx_word' id='word_1_492' title='bbox 93 2873 188 2913; x_wconf 75' lang='lat' dir='ltr'>igitur</span> <span class='ocrx_word' id='word_1_493' title='bbox 202 2872 247 2904; x_wconf 86' lang='lat' dir='ltr'>est</span> <span class='ocrx_word' id='word_1_494' title='bbox 262 2874 301 2903; x_wconf 89' lang='lat' dir='ltr'>de</span> <span class='ocrx_word' id='word_1_495' title='bbox 315 2873 392 2904; x_wconf 85' lang='lat' dir='ltr'>dolo</span> <span class='ocrx_word' id='word_1_496' title='bbox 407 2873 508 2907; x_wconf 66' lang='lat' dir='ltr'>affio:</span> <span class='ocrx_word' id='word_1_497' title='bbox 529 2884 561 2906; x_wconf 87' lang='lat' dir='ltr'>ut</span> <span class='ocrx_word' id='word_1_498' title='bbox 577 2886 617 2907; x_wconf 80' lang='lat' dir='ltr'>ex</span> <span class='ocrx_word' id='word_1_499' title='bbox 632 2876 756 2917; x_wconf 84' lang='lat' dir='ltr'>Juliano</span> <span class='ocrx_word' id='word_1_500' title='bbox 771 2880 813 2909; x_wconf 89' lang='lat' dir='ltr'>ait</span> <span class='ocrx_word' id='word_1_501' title='bbox 829 2879 905 2911; x_wconf 83' lang='lat' dir='ltr'>Pau-</span> 
     </span>
     <span class='ocr_line' id='line_1_68' title="bbox 28 2913 904 2960; baseline 0.006 -15"><span class='ocrx_word' id='word_1_502' title='bbox 28 2914 80 2945; x_wconf 85' lang='lat' dir='ltr'>lus</span> <span class='ocrx_word' id='word_1_503' title='bbox 98 2914 117 2945; x_wconf 79' lang='lat' dir='ltr'>l.</span> <span class='ocrx_word' id='word_1_504' title='bbox 133 2923 162 2949; x_wconf 86' lang='lat'>9·</span> <span class='ocrx_word' id='word_1_505' title='bbox 183 2913 224 2944; x_wconf 91' lang='lat' dir='ltr'>D.</span> <span class='ocrx_word' id='word_1_506' title='bbox 248 2914 422 2954; x_wconf 80' lang='lat' dir='ltr'>Siservz&#39;tus</span> <span class='ocrx_word' id='word_1_507' title='bbox 438 2916 613 2947; x_wconf 74' lang='lat' dir='ltr'>vindicetur.</span> <span class='ocrx_word' id='word_1_508' title='bbox 646 2919 688 2949; x_wconf 88' lang='lat' dir='ltr'>At</span> <span class='ocrx_word' id='word_1_509' title='bbox 705 2919 904 2960; x_wconf 82' lang='lat' dir='ltr'>Pomponius</span> 
     </span>
     <span class='ocr_line' id='line_1_69' title="bbox 31 2954 903 3000; baseline 0.008 -14"><span class='ocrx_word' id='word_1_510' title='bbox 31 2955 52 2986; x_wconf 90' lang='lat' dir='ltr'>l.</span> <span class='ocrx_word' id='word_1_511' title='bbox 69 2959 98 2986; x_wconf 92' lang='lat'>6.</span> <span class='ocrx_word' id='word_1_512' title='bbox 119 2955 157 2986; x_wconf 91' lang='lat' dir='ltr'>D.</span> <span class='ocrx_word' id='word_1_513' title='bbox 183 2954 297 2987; x_wconf 76' lang='lat' dir='ltr'>Ouibiis</span> <span class='ocrx_word' id='word_1_514' title='bbox 310 2956 398 2986; x_wconf 76' lang='lat' dir='ltr'>modis</span> <span class='ocrx_word' id='word_1_515' title='bbox 413 2957 597 2993; x_wconf 66' lang='lat' dir='ltr'>ususfructus</span> <span class='ocrx_word' id='word_1_516' title='bbox 611 2962 775 2999; x_wconf 77' lang='lat' dir='ltr'>amittitur,</span> <span class='ocrx_word' id='word_1_517' title='bbox 793 2969 883 3000; x_wconf 89' lang='lat' dir='ltr'>putat</span> <span class='ocrx_word' id='word_1_518' title='bbox 894 2984 903 2999; x_wconf 88' lang='lat'><em>‚</em></span> 
     </span>
     <span class='ocr_line' id='line_1_70' title="bbox 31 2988 903 3044; baseline 0.008 -17"><span class='ocrx_word' id='word_1_519' title='bbox 31 2988 218 3027; x_wconf 68' lang='lat' dir='ltr'>fruCtuari‘B&#39;</span> <span class='ocrx_word' id='word_1_520' title='bbox 233 2998 328 3028; x_wconf 87' lang='lat' dir='ltr'>etiam</span> <span class='ocrx_word' id='word_1_521' title='bbox 355 3006 542 3040; x_wconf 84' lang='lat' dir='ltr'>competere</span> <span class='ocrx_word' id='word_1_522' title='bbox 560 3000 779 3039; x_wconf 61' lang='lat' dir='ltr'>interdictum,</span> <span class='ocrx_word' id='word_1_523' title='bbox 803 3001 903 3044; x_wconf 83' lang='lat' dir='ltr'>Quod</span> 
     </span>
     <span class='ocr_line' id='line_1_71' title="bbox 31 3038 903 3081; baseline 0.009 -14"><span class='ocrx_word' id='word_1_524' title='bbox 31 3038 64 3068; x_wconf 85' lang='lat' dir='ltr'>vi</span> <span class='ocrx_word' id='word_1_525' title='bbox 82 3046 133 3068; x_wconf 76' lang='lat' dir='ltr'>aut</span> <span class='ocrx_word' id='word_1_526' title='bbox 152 3038 244 3069; x_wconf 84' lang='lat' dir='ltr'>clani.</span> <span class='ocrx_word' id='word_1_527' title='bbox 274 3039 305 3069; x_wconf 82' lang='lat' dir='ltr'>id</span> <span class='ocrx_word' id='word_1_528' title='bbox 324 3047 401 3068; x_wconf 84' lang='lat' dir='ltr'>vero</span> <span class='ocrx_word' id='word_1_529' title='bbox 418 3038 437 3069; x_wconf 80' lang='lat' dir='ltr'>li</span> <span class='ocrx_word' id='word_1_530' title='bbox 454 3038 516 3071; x_wconf 88' lang='lat' dir='ltr'>est:</span> <span class='ocrx_word' id='word_1_531' title='bbox 541 3041 640 3081; x_wconf 85' lang='lat' dir='ltr'>magis</span> <span class='ocrx_word' id='word_1_532' title='bbox 660 3042 724 3081; x_wconf 90' lang='lat' dir='ltr'>est,</span> <span class='ocrx_word' id='word_1_533' title='bbox 747 3051 782 3074; x_wconf 89' lang='lat' dir='ltr'>ut</span> <span class='ocrx_word' id='word_1_534' title='bbox 800 3045 828 3075; x_wconf 70' lang='grc' dir='ltr'><strong>ἃ</strong></span> <span class='ocrx_word' id='word_1_535' title='bbox 849 3043 903 3075; x_wconf 87' lang='lat' dir='ltr'>hic</span> 
     </span>
     <span class='ocr_line' id='line_1_72' title="bbox 30 3077 390 3111; baseline 0 -2"><span class='ocrx_word' id='word_1_536' title='bbox 30 3077 128 3109; x_wconf 81' lang='lat' dir='ltr'>cesset</span> <span class='ocrx_word' id='word_1_537' title='bbox 144 3080 184 3110; x_wconf 84' lang='lat' dir='ltr'>de</span> <span class='ocrx_word' id='word_1_538' title='bbox 202 3079 281 3111; x_wconf 88' lang='lat' dir='ltr'>dolo</span> <span class='ocrx_word' id='word_1_539' title='bbox 298 3079 390 3110; x_wconf 69' lang='lat' dir='ltr'>attio.</span> 
     </span>
    </p>

    <p class='ocr_par' dir='ltr' id='par_1_5' title="bbox 28 3118 900 3277">
     <span class='ocr_line' id='line_1_73' title="bbox 69 3118 900 3161; baseline 0.011 -12"><span class='ocrx_word' id='word_1_540' title='bbox 69 3118 255 3152; x_wconf 76' lang='lat' dir='ltr'>Restituitur</span> <span class='ocrx_word' id='word_1_541' title='bbox 280 3121 375 3161; x_wconf 78' lang='lat' dir='ltr'>igitur</span> <span class='ocrx_word' id='word_1_542' title='bbox 398 3119 607 3161; x_wconf 68' lang='lat' dir='ltr'>ususfructus,</span> <span class='ocrx_word' id='word_1_543' title='bbox 634 3125 812 3157; x_wconf 82' lang='lat' dir='ltr'>mutatione</span> <span class='ocrx_word' id='word_1_544' title='bbox 835 3126 900 3159; x_wconf 89' lang='lat' dir='ltr'>for-</span> 
     </span>
     <span class='ocr_line' id='line_1_74' title="bbox 30 3161 899 3209; baseline 0.008 -16"><span class='ocrx_word' id='word_1_545' title='bbox 30 3169 90 3193; x_wconf 87' lang='lat' dir='ltr'>mae</span> <span class='ocrx_word' id='word_1_546' title='bbox 114 3162 156 3192; x_wconf 89' lang='lat' dir='ltr'>rei</span> <span class='ocrx_word' id='word_1_547' title='bbox 181 3161 361 3194; x_wconf 68' lang='lat' dir='ltr'>fructuariae</span> <span class='ocrx_word' id='word_1_548' title='bbox 384 3162 532 3196; x_wconf 78' lang='lat' dir='ltr'>amissus:</span> <span class='ocrx_word' id='word_1_549' title='bbox 562 3165 664 3196; x_wconf 89' lang='lat' dir='ltr'>modo</span> <span class='ocrx_word' id='word_1_550' title='bbox 690 3167 802 3199; x_wconf 83' lang='lat' dir='ltr'>eadem</span> <span class='ocrx_word' id='word_1_551' title='bbox 830 3177 899 3209; x_wconf 82' lang='lat' dir='ltr'>quae</span> 
     </span>
     <span class='ocr_line' id='line_1_75' title="bbox 28 3200 898 3277; baseline 0.013 -44"><span class='ocrx_word' id='word_1_552' title='bbox 28 3200 109 3275; x_wconf 53' lang='lat' dir='ltr'>fui1t3</span> <span class='ocrx_word' id='word_1_553' title='bbox 133 3203 248 3277; x_wconf 76' lang='lat' dir='ltr'>deiInde</span> <span class='ocrx_word' id='word_1_554' title='bbox 265 3203 453 3237; x_wconf 81' lang='lat' dir='ltr'>restauretur</span> <span class='ocrx_word' id='word_1_555' title='bbox 470 3204 587 3239; x_wconf 78' lang='lat' dir='ltr'>fornia.</span> <span class='ocrx_word' id='word_1_556' title='bbox 611 3209 699 3248; x_wconf 87' lang='lat' dir='ltr'>quod</span> <span class='ocrx_word' id='word_1_557' title='bbox 716 3210 898 3251; x_wconf 87' lang='lat' dir='ltr'>impruden·</span> 
     </span>
    </p>

    <p class='ocr_par' dir='ltr' id='par_1_6' title="bbox 93 3253 197 3277">
     <span class='ocr_line' id='line_1_76' title="bbox 93 3253 197 3277; baseline 0.029 -3"><span class='ocrx_word' id='word_1_558' title='bbox 93 3253 146 3276; x_wconf 71' lang='grc' dir='ltr'>υῃιΙ</span> <span class='ocrx_word' id='word_1_559' title='bbox 190 3267 197 3277; x_wconf 77' lang='grc' dir='ltr'>Ι</span> 
     </span>
    </p>
   </div>
   <div class='ocr_carea' id='block_1_4' title="bbox 1222 95 1862 149">
    <p class='ocr_par' dir='ltr' id='par_1_7' title="bbox 1222 95 1862 149">
     <span class='ocr_line' id='line_1_77' title="bbox 1222 95 1862 149; baseline 0 -17"><span class='ocrx_word' id='word_1_560' title='bbox 1222 97 1313 132; x_wconf 77' lang='lat' dir='ltr'>LIB.</span> <span class='ocrx_word' id='word_1_561' title='bbox 1350 95 1403 133; x_wconf 78' lang='lat' dir='ltr'>II.</span> <span class='ocrx_word' id='word_1_562' title='bbox 1447 117 1453 126; x_wconf 63' lang='grc' dir='ltr'><strong><em>ν</em></strong></span> <span class='ocrx_word' id='word_1_563' title='bbox 1792 105 1862 149; x_wconf 80' lang='lat'>387</span> 
     </span>
    </p>
   </div>
   <div class='ocr_carea' id='block_1_5' title="bbox 938 106 1867 3304">
    <p class='ocr_par' dir='ltr' id='par_1_8' title="bbox 974 106 1867 887">
     <span class='ocr_line' id='line_1_78' title="bbox 974 106 1163 133; baseline 0.005 -1"><span class='ocrx_word' id='word_1_564' title='bbox 974 106 997 132; x_wconf 81' lang='lat' dir='ltr'>U</span> <span class='ocrx_word' id='word_1_565' title='bbox 1034 108 1051 132; x_wconf 89' lang='lat' dir='ltr'><strong>C</strong></span> <span class='ocrx_word' id='word_1_566' title='bbox 1087 107 1108 131; x_wconf 82' lang='grc' dir='ltr'>Τ</span> <span class='ocrx_word' id='word_1_567' title='bbox 1142 107 1163 133; x_wconf 88' lang='lat' dir='ltr'>U</span> 
     </span>
     <span class='ocr_line' id='line_1_79' title="bbox 987 186 1867 228; baseline 0.006 -10"><span class='ocrx_word' id='word_1_568' title='bbox 987 186 1073 218; x_wconf 89' lang='lat' dir='ltr'>tibus</span> <span class='ocrx_word' id='word_1_569' title='bbox 1099 186 1181 228; x_wconf 81' lang='lat' dir='ltr'>soepe</span> <span class='ocrx_word' id='word_1_570' title='bbox 1198 187 1344 226; x_wconf 87' lang='lat' dir='ltr'>videtur;</span> <span class='ocrx_word' id='word_1_571' title='bbox 1368 196 1441 219; x_wconf 87' lang='lat' dir='ltr'>cum</span> <span class='ocrx_word' id='word_1_572' title='bbox 1458 195 1524 227; x_wconf 82' lang='lat' dir='ltr'>non</span> <span class='ocrx_word' id='word_1_573' title='bbox 1541 187 1588 221; x_wconf 76' lang='lat' dir='ltr'>iit.</span> <span class='ocrx_word' id='word_1_574' title='bbox 1621 197 1660 220; x_wconf 87' lang='lat' dir='ltr'>ac</span> <span class='ocrx_word' id='word_1_575' title='bbox 1677 189 1816 222; x_wconf 82' lang='lat' dir='ltr'>maxime</span> <span class='ocrx_word' id='word_1_576' title='bbox 1833 191 1867 223; x_wconf 88' lang='lat' dir='ltr'>id</span> 
     </span>
     <span class='ocr_line' id='line_1_80' title="bbox 986 227 1866 272; baseline 0.003 -12"><span class='ocrx_word' id='word_1_577' title='bbox 986 230 1147 270; x_wconf 87' lang='lat' dir='ltr'>contingit</span> <span class='ocrx_word' id='word_1_578' title='bbox 1162 227 1393 261; x_wconf 84' lang='lat' dir='ltr'>restauratione</span> <span class='ocrx_word' id='word_1_579' title='bbox 1410 229 1525 271; x_wconf 83' lang='lat' dir='ltr'>speciei</span> <span class='ocrx_word' id='word_1_580' title='bbox 1541 239 1654 269; x_wconf 82' lang='lat' dir='ltr'>novae,</span> <span class='ocrx_word' id='word_1_581' title='bbox 1671 231 1701 263; x_wconf 84' lang='lat'><strong>&amp;</strong></span> <span class='ocrx_word' id='word_1_582' title='bbox 1718 231 1815 272; x_wconf 87' lang='lat' dir='ltr'>priori</span> <span class='ocrx_word' id='word_1_583' title='bbox 1831 230 1866 264; x_wconf 84' lang='lat' dir='ltr'>fi-</span> 
     </span>
     <span class='ocr_line' id='line_1_81' title="bbox 986 269 1865 312; baseline 0.003 -11"><span class='ocrx_word' id='word_1_584' title='bbox 986 271 1079 302; x_wconf 89' lang='lat' dir='ltr'>milis.</span> <span class='ocrx_word' id='word_1_585' title='bbox 1113 279 1179 312; x_wconf 93' lang='lat' dir='ltr'>quo</span> <span class='ocrx_word' id='word_1_586' title='bbox 1203 269 1274 302; x_wconf 88' lang='lat' dir='ltr'>casu</span> <span class='ocrx_word' id='word_1_587' title='bbox 1291 270 1423 302; x_wconf 88' lang='lat' dir='ltr'>difficile</span> <span class='ocrx_word' id='word_1_588' title='bbox 1441 271 1503 303; x_wconf 88' lang='lat' dir='ltr'>est:</span> <span class='ocrx_word' id='word_1_589' title='bbox 1527 280 1563 304; x_wconf 88' lang='lat' dir='ltr'>ut</span> <span class='ocrx_word' id='word_1_590' title='bbox 1581 273 1764 305; x_wconf 80' lang='lat' dir='ltr'>restituatur</span> <span class='ocrx_word' id='word_1_591' title='bbox 1781 271 1865 304; x_wconf 86' lang='lat' dir='ltr'>usus-</span> 
     </span>
     <span class='ocr_line' id='line_1_82' title="bbox 982 311 1864 355; baseline 0.003 -12"><span class='ocrx_word' id='word_1_592' title='bbox 982 311 1124 344; x_wconf 64' lang='lat' dir='ltr'>fructus:</span> <span class='ocrx_word' id='word_1_593' title='bbox 1148 313 1219 352; x_wconf 86' lang='lat' dir='ltr'>quia</span> <span class='ocrx_word' id='word_1_594' title='bbox 1235 322 1319 344; x_wconf 88' lang='lat' dir='ltr'>nova</span> <span class='ocrx_word' id='word_1_595' title='bbox 1335 313 1387 344; x_wconf 85' lang='lat' dir='ltr'>illa</span> <span class='ocrx_word' id='word_1_596' title='bbox 1403 312 1542 353; x_wconf 80' lang='lat' dir='ltr'>species,</span> <span class='ocrx_word' id='word_1_597' title='bbox 1558 313 1614 346; x_wconf 86' lang='lat' dir='ltr'>etfi</span> <span class='ocrx_word' id='word_1_598' title='bbox 1629 313 1767 355; x_wconf 85' lang='lat' dir='ltr'>pristinae</span> <span class='ocrx_word' id='word_1_599' title='bbox 1782 314 1864 346; x_wconf 83' lang='lat' dir='ltr'>firni-</span> 
     </span>
     <span class='ocr_line' id='line_1_83' title="bbox 982 353 1864 395; baseline 0.005 -11"><span class='ocrx_word' id='word_1_600' title='bbox 982 353 1038 392; x_wconf 89' lang='lat' dir='ltr'>lis,</span> <span class='ocrx_word' id='word_1_601' title='bbox 1057 363 1121 385; x_wconf 89' lang='lat' dir='ltr'>non</span> <span class='ocrx_word' id='word_1_602' title='bbox 1140 353 1186 385; x_wconf 90' lang='lat' dir='ltr'>est</span> <span class='ocrx_word' id='word_1_603' title='bbox 1201 363 1236 385; x_wconf 85' lang='lat' dir='ltr'>ea</span> <span class='ocrx_word' id='word_1_604' title='bbox 1254 354 1343 394; x_wconf 83' lang='lat' dir='ltr'>cujus</span> <span class='ocrx_word' id='word_1_605' title='bbox 1362 354 1484 395; x_wconf 84' lang='lat' dir='ltr'>legatus</span> <span class='ocrx_word' id='word_1_606' title='bbox 1502 354 1564 387; x_wconf 87' lang='lat' dir='ltr'>fuit</span> <span class='ocrx_word' id='word_1_607' title='bbox 1582 356 1792 388; x_wconf 64' lang='lat' dir='ltr'>ususfructus:</span> <span class='ocrx_word' id='word_1_608' title='bbox 1809 356 1864 388; x_wconf 89' lang='lat' dir='ltr'>sed</span> 
     </span>
     <span class='ocr_line' id='line_1_84' title="bbox 981 394 1859 439; baseline 0.006 -14"><span class='ocrx_word' id='word_1_609' title='bbox 981 394 1026 425; x_wconf 91' lang='lat' dir='ltr'>est</span> <span class='ocrx_word' id='word_1_610' title='bbox 1043 395 1100 425; x_wconf 74' lang='lat' dir='ltr'>alia</span> <span class='ocrx_word' id='word_1_611' title='bbox 1120 396 1209 435; x_wconf 86' lang='lat' dir='ltr'>cujus</span> <span class='ocrx_word' id='word_1_612' title='bbox 1227 405 1291 427; x_wconf 86' lang='lat' dir='ltr'>non</span> <span class='ocrx_word' id='word_1_613' title='bbox 1306 394 1369 427; x_wconf 80' lang='lat' dir='ltr'>fuit</span> <span class='ocrx_word' id='word_1_614' title='bbox 1385 396 1508 437; x_wconf 86' lang='lat' dir='ltr'>legatus</span> <span class='ocrx_word' id='word_1_615' title='bbox 1523 396 1728 430; x_wconf 70' lang='lat' dir='ltr'>ususfructus.</span> <span class='ocrx_word' id='word_1_616' title='bbox 1754 397 1859 439; x_wconf 87' lang='lat' dir='ltr'>finge:</span> 
     </span>
     <span class='ocr_line' id='line_1_85' title="bbox 980 436 1861 479; baseline 0.006 -12"><span class='ocrx_word' id='word_1_617' title='bbox 980 438 1141 476; x_wconf 88' lang='lat' dir='ltr'>competit</span> <span class='ocrx_word' id='word_1_618' title='bbox 1165 436 1244 468; x_wconf 88' lang='lat' dir='ltr'>mihi</span> <span class='ocrx_word' id='word_1_619' title='bbox 1262 436 1454 468; x_wconf 64' lang='lat' dir='ltr'>ususfrucius</span> <span class='ocrx_word' id='word_1_620' title='bbox 1471 440 1596 471; x_wconf 88' lang='lat' dir='ltr'>domus.</span> <span class='ocrx_word' id='word_1_621' title='bbox 1631 441 1700 471; x_wconf 84' lang='lat' dir='ltr'>haec</span> <span class='ocrx_word' id='word_1_622' title='bbox 1714 439 1751 471; x_wconf 90' lang='lat' dir='ltr'>fit</span> <span class='ocrx_word' id='word_1_623' title='bbox 1768 448 1861 479; x_wconf 86' lang='lat' dir='ltr'>area,</span> 
     </span>
     <span class='ocr_line' id='line_1_86' title="bbox 980 478 1861 514; baseline 0.008 -6"><span class='ocrx_word' id='word_1_624' title='bbox 980 478 1144 509; x_wconf 83' lang='lat' dir='ltr'>incidente</span> <span class='ocrx_word' id='word_1_625' title='bbox 1163 479 1252 510; x_wconf 79' lang='lat' dir='ltr'>ruina</span> <span class='ocrx_word' id='word_1_626' title='bbox 1268 487 1321 510; x_wconf 86' lang='lat' dir='ltr'>aut</span> <span class='ocrx_word' id='word_1_627' title='bbox 1338 479 1507 513; x_wconf 84' lang='lat' dir='ltr'>incendio:</span> <span class='ocrx_word' id='word_1_628' title='bbox 1531 481 1634 513; x_wconf 86' lang='lat' dir='ltr'>rursus</span> <span class='ocrx_word' id='word_1_629' title='bbox 1652 483 1777 514; x_wconf 78' lang='lat' dir='ltr'>domus.</span> <span class='ocrx_word' id='word_1_630' title='bbox 1803 490 1861 513; x_wconf 81' lang='lat' dir='ltr'>ne-</span> 
     </span>
     <span class='ocr_line' id='line_1_87' title="bbox 978 519 1859 564; baseline 0.007 -15"><span class='ocrx_word' id='word_1_631' title='bbox 978 528 1032 560; x_wconf 77' lang='lat' dir='ltr'>gat</span> <span class='ocrx_word' id='word_1_632' title='bbox 1052 519 1165 552; x_wconf 79' lang='lat' dir='ltr'>Paulus</span> <span class='ocrx_word' id='word_1_633' title='bbox 1182 519 1229 551; x_wconf 70' lang='lat' dir='ltr'>lili.</span> <span class='ocrx_word' id='word_1_634' title='bbox 1245 530 1274 561; x_wconf 80' lang='lat'>3.</span> <span class='ocrx_word' id='word_1_635' title='bbox 1289 521 1420 552; x_wconf 74' lang='lat' dir='ltr'>sentent.</span> <span class='ocrx_word' id='word_1_636' title='bbox 1438 522 1484 552; x_wconf 78' lang='lat' dir='ltr'>tit.</span> <span class='ocrx_word' id='word_1_637' title='bbox 1502 525 1532 553; x_wconf 86' lang='lat'>6.</span> <span class='ocrx_word' id='word_1_638' title='bbox 1549 523 1578 564; x_wconf 85' lang='lat'>§.</span> <span class='ocrx_word' id='word_1_639' title='bbox 1598 533 1635 564; x_wconf 81' lang='lat'>31</span> <span class='ocrx_word' id='word_1_640' title='bbox 1650 546 1660 562; x_wconf 91' lang='lat'>‚</span> <span class='ocrx_word' id='word_1_641' title='bbox 1684 522 1806 555; x_wconf 88' lang='lat' dir='ltr'>restitui</span> <span class='ocrx_word' id='word_1_642' title='bbox 1824 532 1859 554; x_wconf 91' lang='lat' dir='ltr'>u-</span> 
     </span>
     <span class='ocr_line' id='line_1_88' title="bbox 977 560 1860 606; baseline 0.007 -15"><span class='ocrx_word' id='word_1_643' title='bbox 977 560 1184 592; x_wconf 67' lang='lat' dir='ltr'>iumfrutlum</span> <span class='ocrx_word' id='word_1_644' title='bbox 1212 563 1338 594; x_wconf 79' lang='lat' dir='ltr'>domus.</span> <span class='ocrx_word' id='word_1_645' title='bbox 1369 562 1453 594; x_wconf 88' lang='lat' dir='ltr'>scio:</span> <span class='ocrx_word' id='word_1_646' title='bbox 1476 564 1559 595; x_wconf 81' lang='lat' dir='ltr'>aliud</span> <span class='ocrx_word' id='word_1_647' title='bbox 1584 564 1648 603; x_wconf 87' lang='lat' dir='ltr'>est,</span> <span class='ocrx_word' id='word_1_648' title='bbox 1673 565 1773 598; x_wconf 88' lang='lat' dir='ltr'>domo</span> <span class='ocrx_word' id='word_1_649' title='bbox 1799 573 1860 606; x_wconf 83' lang='lat' dir='ltr'>per</span> 
     </span>
     <span class='ocr_line' id='line_1_89' title="bbox 976 601 1858 643; baseline 0.007 -11"><span class='ocrx_word' id='word_1_650' title='bbox 976 611 1083 643; x_wconf 83' lang='lat' dir='ltr'>partes</span> <span class='ocrx_word' id='word_1_651' title='bbox 1101 601 1237 641; x_wconf 52' lang='lat' dir='ltr'>resena,</span> <span class='ocrx_word' id='word_1_652' title='bbox 1249 603 1279 634; x_wconf 73' lang='grc' dir='ltr'>δι</span> <span class='ocrx_word' id='word_1_653' title='bbox 1294 603 1336 635; x_wconf 83' lang='lat' dir='ltr'>fic</span> <span class='ocrx_word' id='word_1_654' title='bbox 1351 605 1439 635; x_wconf 87' lang='lat' dir='ltr'>omni</span> <span class='ocrx_word' id='word_1_655' title='bbox 1455 613 1538 636; x_wconf 90' lang='lat' dir='ltr'>nova</span> <span class='ocrx_word' id='word_1_656' title='bbox 1554 604 1648 637; x_wconf 69' lang='lat' dir='ltr'>faeta.</span> <span class='ocrx_word' id='word_1_657' title='bbox 1666 605 1718 638; x_wconf 87' lang='lat' dir='ltr'>sed</span> <span class='ocrx_word' id='word_1_658' title='bbox 1735 605 1858 638; x_wconf 80' lang='lat' dir='ltr'>refert:</span> 
     </span>
     <span class='ocr_line' id='line_1_90' title="bbox 978 644 1858 688; baseline 0.007 -14"><span class='ocrx_word' id='word_1_659' title='bbox 978 645 1065 682; x_wconf 80' lang='lat' dir='ltr'>quod</span> <span class='ocrx_word' id='word_1_660' title='bbox 1082 644 1221 683; x_wconf 69' lang='lat' dir='ltr'>rcfecta,</span> <span class='ocrx_word' id='word_1_661' title='bbox 1247 646 1358 676; x_wconf 85' lang='lat' dir='ltr'>eadem</span> <span class='ocrx_word' id='word_1_662' title='bbox 1376 653 1482 676; x_wconf 83' lang='lat' dir='ltr'>manet</span> <span class='ocrx_word' id='word_1_663' title='bbox 1499 647 1634 686; x_wconf 89' lang='lat' dir='ltr'>domus,</span> <span class='ocrx_word' id='word_1_664' title='bbox 1653 647 1858 688; x_wconf 84' lang='lat' dir='ltr'>perseveran-</span> 
     </span>
     <span class='ocr_line' id='line_1_91' title="bbox 977 685 1858 730; baseline 0.007 -15"><span class='ocrx_word' id='word_1_665' title='bbox 977 693 1008 716; x_wconf 88' lang='lat' dir='ltr'>te</span> <span class='ocrx_word' id='word_1_666' title='bbox 1028 685 1152 726; x_wconf 86' lang='lat' dir='ltr'>specie,</span> <span class='ocrx_word' id='word_1_667' title='bbox 1177 694 1211 717; x_wconf 89' lang='lat' dir='ltr'>ut</span> <span class='ocrx_word' id='word_1_668' title='bbox 1227 695 1262 717; x_wconf 91' lang='lat' dir='ltr'>ut</span> <span class='ocrx_word' id='word_1_669' title='bbox 1278 687 1406 718; x_wconf 87' lang='lat' dir='ltr'>mutatis</span> <span class='ocrx_word' id='word_1_670' title='bbox 1423 688 1572 720; x_wconf 88' lang='lat' dir='ltr'>omnibus</span> <span class='ocrx_word' id='word_1_671' title='bbox 1591 688 1658 728; x_wconf 71' lang='lat' dir='ltr'>ejtis</span> <span class='ocrx_word' id='word_1_672' title='bbox 1676 690 1819 730; x_wconf 82' lang='lat' dir='ltr'>partibus</span> <span class='ocrx_word' id='word_1_673' title='bbox 1836 689 1858 722; x_wconf 87' lang='lat' dir='ltr'>l.</span> 
     </span>
     <span class='ocr_line' id='line_1_92' title="bbox 975 726 1858 772; baseline 0.008 -16"><span class='ocrx_word' id='word_1_674' title='bbox 975 729 1024 765; x_wconf 85' lang='lat'>76.</span> <span class='ocrx_word' id='word_1_675' title='bbox 1045 726 1084 757; x_wconf 85' lang='lat' dir='ltr'>D.</span> <span class='ocrx_word' id='word_1_676' title='bbox 1101 727 1274 767; x_wconf 79' lang='lat' dir='ltr'>clejucii&#39;ciz‘s.</span> <span class='ocrx_word' id='word_1_677' title='bbox 1291 737 1444 761; x_wconf 84' lang='lat' dir='ltr'>caeterum</span> <span class='ocrx_word' id='word_1_678' title='bbox 1459 738 1545 761; x_wconf 87' lang='lat' dir='ltr'>nova</span> <span class='ocrx_word' id='word_1_679' title='bbox 1560 729 1669 768; x_wconf 54' lang='lat' dir='ltr'>sacta,</span> <span class='ocrx_word' id='word_1_680' title='bbox 1680 740 1858 772; x_wconf 84' lang='lat' dir='ltr'>utcumque</span> 
     </span>
     <span class='ocr_line' id='line_1_93' title="bbox 975 767 1857 813; baseline 0.008 -15"><span class='ocrx_word' id='word_1_681' title='bbox 975 767 1078 799; x_wconf 74' lang='lat' dir='ltr'>similis</span> <span class='ocrx_word' id='word_1_682' title='bbox 1090 791 1099 804; x_wconf 82' lang='lat'><strong>‚</strong></span> <span class='ocrx_word' id='word_1_683' title='bbox 1116 769 1174 799; x_wconf 87' lang='lat' dir='ltr'>alia</span> <span class='ocrx_word' id='word_1_684' title='bbox 1193 768 1248 800; x_wconf 89' lang='lat' dir='ltr'>est.</span> <span class='ocrx_word' id='word_1_685' title='bbox 1273 768 1400 809; x_wconf 81' lang='lat' dir='ltr'>nescio,</span> <span class='ocrx_word' id='word_1_686' title='bbox 1416 779 1454 802; x_wconf 90' lang='lat' dir='ltr'>an</span> <span class='ocrx_word' id='word_1_687' title='bbox 1473 771 1537 803; x_wconf 87' lang='lat' dir='ltr'>huc</span> <span class='ocrx_word' id='word_1_688' title='bbox 1553 779 1604 808; x_wconf 86' lang='lat' dir='ltr'>eat</span> <span class='ocrx_word' id='word_1_689' title='bbox 1621 773 1698 804; x_wconf 88' lang='lat' dir='ltr'>illud</span> <span class='ocrx_word' id='word_1_690' title='bbox 1718 772 1857 813; x_wconf 81' lang='lat' dir='ltr'>Juvena-</span> 
     </span>
     <span class='ocr_line' id='line_1_94' title="bbox 974 806 1358 851; baseline 0.01 -12"><span class='ocrx_word' id='word_1_691' title='bbox 974 806 1031 847; x_wconf 80' lang='lat' dir='ltr'>lis,</span> <span class='ocrx_word' id='word_1_692' title='bbox 1045 813 1106 849; x_wconf 75' lang='lat' dir='ltr'>sut.</span> <span class='ocrx_word' id='word_1_693' title='bbox 1127 819 1173 847; x_wconf 65' lang='grc' dir='ltr'>Η.</span> <span class='ocrx_word' id='word_1_694' title='bbox 1196 812 1269 850; x_wconf 71' lang='lat' dir='ltr'>verſs</span> <span class='ocrx_word' id='word_1_695' title='bbox 1287 816 1358 851; x_wconf 82' lang='lat'>308.</span> 
     </span>
     <span class='ocr_line' id='line_1_95' title="bbox 1132 851 1537 887; baseline 0.015 -6"><span class='ocrx_word' id='word_1_696' title='bbox 1132 869 1186 874; x_wconf 86' lang='lat'>—</span> <span class='ocrx_word' id='word_1_697' title='bbox 1208 857 1260 874; x_wconf 54' lang='lat'>-4</span> <span class='ocrx_word' id='word_1_698' title='bbox 1283 871 1335 875; x_wconf 79' lang='lat'>-—</span> <span class='ocrx_word' id='word_1_699' title='bbox 1359 851 1448 886; x_wconf 81' lang='lat' dir='ltr'>Dolia</span> <span class='ocrx_word' id='word_1_700' title='bbox 1463 855 1537 887; x_wconf 80' lang='lat' dir='ltr'>midi</span> 
     </span>
    </p>

    <p class='ocr_par' dir='ltr' id='par_1_9' title="bbox 1015 891 1797 939">
     <span class='ocr_line' id='line_1_96' title="bbox 1015 891 1797 939; baseline 0.013 -18"><span class='ocrx_word' id='word_1_701' title='bbox 1015 891 1089 922; x_wconf 83' lang='lat' dir='ltr'>Non</span> <span class='ocrx_word' id='word_1_702' title='bbox 1107 893 1210 922; x_wconf 78' lang='lat' dir='ltr'>ardent</span> <span class='ocrx_word' id='word_1_703' title='bbox 1231 893 1349 933; x_wconf 70' lang='lat' dir='ltr'>Cynici:</span> <span class='ocrx_word' id='word_1_704' title='bbox 1367 893 1553 937; x_wconf 74' lang='lat' dir='ltr'>Jz&#39;fregeris‚</span> <span class='ocrx_word' id='word_1_705' title='bbox 1577 897 1669 930; x_wconf 74' lang='lat' dir='ltr'>altera</span> <span class='ocrx_word' id='word_1_706' title='bbox 1680 897 1735 939; x_wconf 67' lang='lat' dir='ltr'>fiet</span> <span class='ocrx_word' id='word_1_707' title='bbox 1758 894 1761 900; x_wconf 45' lang='lat'><strong><em>¹</em></strong></span> <span class='ocrx_word' id='word_1_708' title='bbox 1794 904 1797 908; x_wconf 92' lang='grc'><strong>’</strong></span> 
     </span>
    </p>

    <p class='ocr_par' dir='ltr' id='par_1_10' title="bbox 955 933 1855 2222">
     <span class='ocr_line' id='line_1_97' title="bbox 1014 933 1851 980; baseline 0.014 -19"><span class='ocrx_word' id='word_1_709' title='bbox 1014 933 1087 978; x_wconf 71' lang='lat' dir='ltr'>Cras</span> <span class='ocrx_word' id='word_1_710' title='bbox 1096 933 1206 971; x_wconf 82' lang='lat' dir='ltr'>domus,</span> <span class='ocrx_word' id='word_1_711' title='bbox 1217 939 1304 974; x_wconf 81' lang='lat' dir='ltr'>alque</span> <span class='ocrx_word' id='word_1_712' title='bbox 1319 938 1413 967; x_wconf 72' lang='lat' dir='ltr'>eadem</span> <span class='ocrx_word' id='word_1_713' title='bbox 1424 940 1540 978; x_wconf 74' lang='lat' dir='ltr'>plumbo</span> <span class='ocrx_word' id='word_1_714' title='bbox 1556 941 1697 980; x_wconf 62' lang='lat' dir='ltr'>coiiii&#39;iiiſjl&#39;i</span> <span class='ocrx_word' id='word_1_715' title='bbox 1713 941 1851 973; x_wconf 73' lang='lat' dir='ltr'>manebit.</span> 
     </span>
     <span class='ocr_line' id='line_1_98' title="bbox 971 973 1854 1022; baseline 0.011 -17"><span class='ocrx_word' id='word_1_716' title='bbox 971 973 1127 1014; x_wconf 82' lang='lat' dir='ltr'>Ulpianus</span> <span class='ocrx_word' id='word_1_717' title='bbox 1147 981 1236 1004; x_wconf 87' lang='lat' dir='ltr'>certe</span> <span class='ocrx_word' id='word_1_718' title='bbox 1254 975 1294 1006; x_wconf 85' lang='lat' dir='ltr'>lic</span> <span class='ocrx_word' id='word_1_719' title='bbox 1312 976 1449 1016; x_wconf 80' lang='lat' dir='ltr'>disputat</span> <span class='ocrx_word' id='word_1_720' title='bbox 1466 980 1486 1009; x_wconf 80' lang='lat' dir='ltr'>t.</span> <span class='ocrx_word' id='word_1_721' title='bbox 1510 986 1555 1012; x_wconf 89' lang='lat'>10.</span> <span class='ocrx_word' id='word_1_722' title='bbox 1573 980 1601 1022; x_wconf 56' lang='grc' dir='ltr'>ᾗ.</span> <span class='ocrx_word' id='word_1_723' title='bbox 1624 991 1648 1012; x_wconf 88' lang='lat' dir='ltr'>i.</span> <span class='ocrx_word' id='word_1_724' title='bbox 1666 981 1709 1013; x_wconf 87' lang='lat' dir='ltr'>D.</span> <span class='ocrx_word' id='word_1_725' title='bbox 1766 984 1854 1015; x_wconf 71' lang='lat' dir='ltr'>uibus</span> 
     </span>
     <span class='ocr_line' id='line_1_99' title="bbox 970 1015 1855 1065; baseline 0.012 -19"><span class='ocrx_word' id='word_1_726' title='bbox 970 1016 1059 1046; x_wconf 77' lang='lat' dir='ltr'>modis</span> <span class='ocrx_word' id='word_1_727' title='bbox 1079 1015 1264 1054; x_wconf 63' lang='lat' dir='ltr'>ususfriittus</span> <span class='ocrx_word' id='word_1_728' title='bbox 1279 1018 1326 1047; x_wconf 77' lang='lat' dir='ltr'>vel</span> <span class='ocrx_word' id='word_1_729' title='bbox 1342 1022 1410 1055; x_wconf 76' lang='lat' dir='ltr'>ulus</span> <span class='ocrx_word' id='word_1_730' title='bbox 1426 1023 1584 1053; x_wconf 76' lang='lat' dir='ltr'>amittitur.</span> <span class='ocrx_word' id='word_1_731' title='bbox 1612 1022 1720 1055; x_wconf 79' lang='lat' dir='ltr'>Verba</span> <span class='ocrx_word' id='word_1_732' title='bbox 1774 1025 1855 1065; x_wconf 85' lang='lat' dir='ltr'>lpia-</span> 
     </span>
     <span class='ocr_line' id='line_1_100' title="bbox 971 1056 1854 1106; baseline 0.014 -19"><span class='ocrx_word' id='word_1_733' title='bbox 971 1059 1014 1088; x_wconf 85' lang='lat' dir='ltr'>Ili.</span> <span class='ocrx_word' id='word_1_734' title='bbox 1054 1056 1126 1088; x_wconf 84' lang='lat' dir='ltr'>Non</span> <span class='ocrx_word' id='word_1_735' title='bbox 1144 1063 1278 1096; x_wconf 76' lang='lat' dir='ltr'>tantum,</span> <span class='ocrx_word' id='word_1_736' title='bbox 1296 1057 1325 1096; x_wconf 83' lang='lat' dir='ltr'><em>fi</em></span> <span class='ocrx_word' id='word_1_737' title='bbox 1340 1062 1409 1090; x_wconf 65' lang='lat' dir='ltr'>(tiles</span> <span class='ocrx_word' id='word_1_738' title='bbox 1425 1063 1462 1092; x_wconf 77' lang='lat' dir='ltr'>ad</span> <span class='ocrx_word' id='word_1_739' title='bbox 1479 1072 1574 1094; x_wconf 78' lang='lat' dir='ltr'>aream</span> <span class='ocrx_word' id='word_1_740' title='bbox 1591 1065 1710 1097; x_wconf 61' lang='lat' dir='ltr'>redabtae</span> <span class='ocrx_word' id='word_1_741' title='bbox 1719 1066 1801 1106; x_wconf 74' lang='lat' dir='ltr'>sint,</span> <span class='ocrx_word' id='word_1_742' title='bbox 1818 1076 1854 1097; x_wconf 83' lang='lat' dir='ltr'>u-</span> 
     </span>
     <span class='ocr_line' id='line_1_101' title="bbox 961 1097 1854 1144; baseline 0.013 -16"><span class='ocrx_word' id='word_1_743' title='bbox 961 1097 1132 1137; x_wconf 59' lang='lat' dir='ltr'>jusfructur</span> <span class='ocrx_word' id='word_1_744' title='bbox 1147 1099 1355 1140; x_wconf 74' lang='lat' dir='ltr'>extinguitur,</span> <span class='ocrx_word' id='word_1_745' title='bbox 1372 1111 1475 1133; x_wconf 73' lang='lat' dir='ltr'>verum</span> <span class='ocrx_word' id='word_1_746' title='bbox 1495 1106 1599 1144; x_wconf 74' lang='lat' dir='ltr'>etiam,</span> <span class='ocrx_word' id='word_1_747' title='bbox 1613 1105 1643 1144; x_wconf 86' lang='lat' dir='ltr'>si</span> <span class='ocrx_word' id='word_1_748' title='bbox 1658 1109 1798 1139; x_wconf 75' lang='lat' dir='ltr'>demolitis</span> <span class='ocrx_word' id='word_1_749' title='bbox 1816 1117 1854 1139; x_wconf 73' lang='grc' dir='ltr'>ιε-</span> 
     </span>
     <span class='ocr_line' id='line_1_102' title="bbox 970 1137 1854 1190; baseline 0.011 -20"><span class='ocrx_word' id='word_1_750' title='bbox 970 1141 1072 1178; x_wconf 82' lang='lat' dir='ltr'>dibus,</span> <span class='ocrx_word' id='word_1_751' title='bbox 1097 1137 1215 1178; x_wconf 77' lang='lat' dir='ltr'>testator</span> <span class='ocrx_word' id='word_1_752' title='bbox 1238 1140 1312 1171; x_wconf 78' lang='lat' dir='ltr'>alias</span> <span class='ocrx_word' id='word_1_753' title='bbox 1330 1152 1420 1174; x_wconf 75' lang='lat' dir='ltr'>novas</span> <span class='ocrx_word' id='word_1_754' title='bbox 1437 1143 1605 1183; x_wconf 55' lang='lat' dir='ltr'>restituerit.</span> <span class='ocrx_word' id='word_1_755' title='bbox 1636 1148 1740 1187; x_wconf 81' lang='lat' dir='ltr'>plane,</span> <span class='ocrx_word' id='word_1_756' title='bbox 1757 1149 1854 1190; x_wconf 82' lang='lat' dir='ltr'>fiper</span> 
     </span>
     <span class='ocr_line' id='line_1_103' title="bbox 965 1181 1854 1227; baseline 0.013 -17"><span class='ocrx_word' id='word_1_757' title='bbox 965 1189 1066 1222; x_wconf 77' lang='lat' dir='ltr'>partes</span> <span class='ocrx_word' id='word_1_758' title='bbox 1083 1181 1206 1220; x_wconf 80' lang='lat' dir='ltr'>reficiat.</span> <span class='ocrx_word' id='word_1_759' title='bbox 1237 1182 1302 1212; x_wconf 83' lang='lat' dir='ltr'>licet</span> <span class='ocrx_word' id='word_1_760' title='bbox 1320 1187 1410 1214; x_wconf 74' lang='lat' dir='ltr'>omizz&#39;s</span> <span class='ocrx_word' id='word_1_761' title='bbox 1432 1194 1508 1216; x_wconf 73' lang='lat' dir='ltr'>nova</span> <span class='ocrx_word' id='word_1_762' title='bbox 1519 1187 1609 1225; x_wconf 66' lang='lat' dir='ltr'>futla</span> <span class='ocrx_word' id='word_1_763' title='bbox 1619 1188 1677 1227; x_wconf 84' lang='lat' dir='ltr'>fit,</span> <span class='ocrx_word' id='word_1_764' title='bbox 1700 1192 1782 1222; x_wconf 80' lang='lat' dir='ltr'>aliud</span> <span class='ocrx_word' id='word_1_765' title='bbox 1796 1191 1854 1221; x_wconf 74' lang='lat' dir='ltr'>erit</span> 
     </span>
     <span class='ocr_line' id='line_1_104' title="bbox 970 1221 1853 1271; baseline 0.011 -18"><span class='ocrx_word' id='word_1_766' title='bbox 970 1223 1048 1253; x_wconf 78' lang='lat' dir='ltr'>uobis</span> <span class='ocrx_word' id='word_1_767' title='bbox 1063 1223 1225 1254; x_wconf 67' lang='lat' dir='ltr'>[licendum.</span> <span class='ocrx_word' id='word_1_768' title='bbox 1251 1221 1429 1264; x_wconf 76' lang='lat' dir='ltr'>Ulpianus,</span> <span class='ocrx_word' id='word_1_769' title='bbox 1452 1229 1609 1267; x_wconf 72' lang='lat' dir='ltr'>demolitis,</span> <span class='ocrx_word' id='word_1_770' title='bbox 1634 1231 1760 1271; x_wconf 89' lang='lat' dir='ltr'>inquit,</span> <span class='ocrx_word' id='word_1_771' title='bbox 1783 1233 1853 1263; x_wconf 76' lang='lat' dir='ltr'>aedi-</span> 
     </span>
     <span class='ocr_line' id='line_1_105' title="bbox 969 1263 1852 1311; baseline 0.014 -18"><span class='ocrx_word' id='word_1_772' title='bbox 969 1264 1041 1296; x_wconf 80' lang='lat' dir='ltr'>bus:</span> <span class='ocrx_word' id='word_1_773' title='bbox 1064 1273 1123 1294; x_wconf 89' lang='lat' dir='ltr'>nec</span> <span class='ocrx_word' id='word_1_774' title='bbox 1139 1263 1202 1295; x_wconf 89' lang='lat' dir='ltr'>esse</span> <span class='ocrx_word' id='word_1_775' title='bbox 1217 1268 1304 1304; x_wconf 85' lang='lat' dir='ltr'>quod</span> <span class='ocrx_word' id='word_1_776' title='bbox 1321 1268 1591 1308; x_wconf 64' lang='lat' dir='ltr'>reprehendatur,</span> <span class='ocrx_word' id='word_1_777' title='bbox 1615 1273 1741 1311; x_wconf 88' lang='lat' dir='ltr'>optime</span> <span class='ocrx_word' id='word_1_778' title='bbox 1758 1281 1852 1305; x_wconf 83' lang='lat' dir='ltr'>nota-</span> 
     </span>
     <span class='ocr_line' id='line_1_106' title="bbox 968 1305 1851 1356; baseline 0.011 -20"><span class='ocrx_word' id='word_1_779' title='bbox 968 1314 1041 1337; x_wconf 83' lang='lat' dir='ltr'>runt</span> <span class='ocrx_word' id='word_1_780' title='bbox 1057 1305 1119 1344; x_wconf 82' lang='lat' dir='ltr'>jam</span> <span class='ocrx_word' id='word_1_781' title='bbox 1140 1305 1318 1338; x_wconf 69' lang='lat' dir='ltr'>Doffiffimi</span> <span class='ocrx_word' id='word_1_782' title='bbox 1338 1308 1406 1339; x_wconf 86' lang='lat' dir='ltr'>Viri</span> <span class='ocrx_word' id='word_1_783' title='bbox 1425 1332 1434 1346; x_wconf 77' lang='lat'>,</span> <span class='ocrx_word' id='word_1_784' title='bbox 1461 1309 1652 1350; x_wconf 76' lang='lat' dir='ltr'>Briss&#39;onius,</span> <span class='ocrx_word' id='word_1_785' title='bbox 1678 1313 1800 1356; x_wconf 79' lang='lat' dir='ltr'>Porerg.</span> <span class='ocrx_word' id='word_1_786' title='bbox 1817 1324 1851 1346; x_wconf 84' lang='lat' dir='ltr'>n.</span> 
     </span>
     <span class='ocr_line' id='line_1_107' title="bbox 967 1345 1851 1397; baseline 0.014 -21"><span class='ocrx_word' id='word_1_787' title='bbox 967 1351 1008 1387; x_wconf 79' lang='lat'>56</span> <span class='ocrx_word' id='word_1_788' title='bbox 1032 1347 1060 1377; x_wconf 63' lang='grc' dir='ltr'>ἃ</span> <span class='ocrx_word' id='word_1_789' title='bbox 1075 1345 1224 1378; x_wconf 81' lang='lat' dir='ltr'>Dukerus</span> <span class='ocrx_word' id='word_1_790' title='bbox 1240 1349 1279 1380; x_wconf 84' lang='lat' dir='ltr'>ad</span> <span class='ocrx_word' id='word_1_791' title='bbox 1295 1349 1403 1389; x_wconf 75' lang='lat' dir='ltr'>Opulc.</span> <span class='ocrx_word' id='word_1_792' title='bbox 1420 1360 1485 1382; x_wconf 76' lang='lat' dir='ltr'>var.</span> <span class='ocrx_word' id='word_1_793' title='bbox 1502 1354 1535 1382; x_wconf 76' lang='lat' dir='ltr'>cie</span> <span class='ocrx_word' id='word_1_794' title='bbox 1554 1352 1681 1386; x_wconf 72' lang='lat' dir='ltr'>Latz‘m&#39;t.</span> <span class='ocrx_word' id='word_1_795' title='bbox 1703 1355 1769 1387; x_wconf 73' lang='lat' dir='ltr'>Vei.</span> <span class='ocrx_word' id='word_1_796' title='bbox 1785 1355 1851 1397; x_wconf 80' lang='lat' dir='ltr'>Ju-</span> 
     </span>
     <span class='ocr_line' id='line_1_108' title="bbox 967 1388 1854 1434; baseline 0.014 -16"><span class='ocrx_word' id='word_1_797' title='bbox 967 1391 1104 1433; x_wconf 49' lang='lat' dir='ltr'>muling.</span> <span class='ocrx_word' id='word_1_798' title='bbox 1117 1394 1188 1428; x_wconf 79' lang='lat'>328.</span> <span class='ocrx_word' id='word_1_799' title='bbox 1213 1388 1274 1420; x_wconf 88' lang='lat' dir='ltr'>Sed</span> <span class='ocrx_word' id='word_1_800' title='bbox 1292 1390 1356 1421; x_wconf 85' lang='lat' dir='ltr'>hoc</span> <span class='ocrx_word' id='word_1_801' title='bbox 1373 1391 1492 1424; x_wconf 86' lang='lat' dir='ltr'>obiter.</span> <span class='ocrx_word' id='word_1_802' title='bbox 1520 1392 1674 1434; x_wconf 85' lang='lat' dir='ltr'>Ulpianus</span> <span class='ocrx_word' id='word_1_803' title='bbox 1690 1398 1772 1429; x_wconf 90' lang='lat' dir='ltr'>duos</span> <span class='ocrx_word' id='word_1_804' title='bbox 1788 1406 1854 1430; x_wconf 83' lang='lat' dir='ltr'>tra·</span> 
     </span>
     <span class='ocr_line' id='line_1_109' title="bbox 968 1429 1850 1471; baseline 0.014 -11"><span class='ocrx_word' id='word_1_805' title='bbox 968 1429 1031 1460; x_wconf 62' lang='lat' dir='ltr'>{tat</span> <span class='ocrx_word' id='word_1_806' title='bbox 1044 1437 1140 1461; x_wconf 74' lang='lat' dir='ltr'>canis.</span> <span class='ocrx_word' id='word_1_807' title='bbox 1159 1440 1238 1461; x_wconf 80' lang='lat' dir='ltr'>unus</span> <span class='ocrx_word' id='word_1_808' title='bbox 1255 1431 1298 1462; x_wconf 75' lang='lat' dir='ltr'>cil</span> <span class='ocrx_word' id='word_1_809' title='bbox 1317 1433 1356 1463; x_wconf 86' lang='lat' dir='ltr'>de</span> <span class='ocrx_word' id='word_1_810' title='bbox 1372 1434 1482 1466; x_wconf 84' lang='lat' dir='ltr'>dirutis</span> <span class='ocrx_word' id='word_1_811' title='bbox 1499 1434 1528 1466; x_wconf 71' lang='grc' dir='ltr'>δι</span> <span class='ocrx_word' id='word_1_812' title='bbox 1545 1435 1697 1470; x_wconf 85' lang='lat' dir='ltr'>restitutis</span> <span class='ocrx_word' id='word_1_813' title='bbox 1713 1438 1850 1471; x_wconf 84' lang='lat' dir='ltr'>aedibus.</span> 
     </span>
     <span class='ocr_line' id='line_1_110' title="bbox 966 1470 1852 1521; baseline 0.014 -20"><span class='ocrx_word' id='word_1_814' title='bbox 966 1471 1047 1502; x_wconf 85' lang='lat' dir='ltr'>alter</span> <span class='ocrx_word' id='word_1_815' title='bbox 1064 1472 1104 1501; x_wconf 85' lang='lat' dir='ltr'>de</span> <span class='ocrx_word' id='word_1_816' title='bbox 1123 1470 1252 1503; x_wconf 67' lang='lat' dir='ltr'>refectis</span> <span class='ocrx_word' id='word_1_817' title='bbox 1271 1482 1327 1512; x_wconf 87' lang='lat' dir='ltr'>per</span> <span class='ocrx_word' id='word_1_818' title='bbox 1345 1482 1459 1512; x_wconf 76' lang='lat' dir='ltr'>partes.</span> <span class='ocrx_word' id='word_1_819' title='bbox 1483 1475 1537 1507; x_wconf 89' lang='lat' dir='ltr'>hic</span> <span class='ocrx_word' id='word_1_820' title='bbox 1552 1477 1668 1510; x_wconf 85' lang='lat' dir='ltr'>clarus.</span> <span class='ocrx_word' id='word_1_821' title='bbox 1690 1480 1745 1511; x_wconf 88' lang='lat' dir='ltr'>iile</span> <span class='ocrx_word' id='word_1_822' title='bbox 1761 1481 1852 1521; x_wconf 83' lang='lat' dir='ltr'>adju·</span> 
     </span>
     <span class='ocr_line' id='line_1_111' title="bbox 966 1512 1851 1559; baseline 0.014 -17"><span class='ocrx_word' id='word_1_823' title='bbox 966 1512 1100 1544; x_wconf 74' lang='lat' dir='ltr'>vairdus.</span> <span class='ocrx_word' id='word_1_824' title='bbox 1119 1522 1205 1553; x_wconf 88' lang='lat' dir='ltr'>pone</span> <span class='ocrx_word' id='word_1_825' title='bbox 1223 1514 1499 1554; x_wconf 74' lang='lat' dir='ltr'>igiturzTestator</span> <span class='ocrx_word' id='word_1_826' title='bbox 1516 1518 1601 1559; x_wconf 82' lang='lat' dir='ltr'>legat</span> <span class='ocrx_word' id='word_1_827' title='bbox 1616 1519 1851 1555; x_wconf 71' lang='lat' dir='ltr'>usumfructum</span> 
     </span>
     <span class='ocr_line' id='line_1_112' title="bbox 966 1553 1851 1604; baseline 0.012 -20"><span class='ocrx_word' id='word_1_828' title='bbox 966 1555 1092 1585; x_wconf 78' lang='lat' dir='ltr'>aediuni.</span> <span class='ocrx_word' id='word_1_829' title='bbox 1120 1564 1144 1585; x_wconf 87' lang='lat' dir='ltr'>is</span> <span class='ocrx_word' id='word_1_830' title='bbox 1159 1553 1292 1585; x_wconf 84' lang='lat' dir='ltr'>testator</span> <span class='ocrx_word' id='word_1_831' title='bbox 1307 1557 1352 1588; x_wconf 90' lang='lat' dir='ltr'>eis</span> <span class='ocrx_word' id='word_1_832' title='bbox 1368 1557 1531 1589; x_wconf 81' lang='lat' dir='ltr'>demolitis</span> <span class='ocrx_word' id='word_1_833' title='bbox 1543 1582 1552 1597; x_wconf 94' lang='lat'>,</span> <span class='ocrx_word' id='word_1_834' title='bbox 1570 1568 1647 1592; x_wconf 84' lang='lat' dir='ltr'>mox</span> <span class='ocrx_word' id='word_1_835' title='bbox 1664 1562 1738 1594; x_wconf 83' lang='lat' dir='ltr'>alias</span> <span class='ocrx_word' id='word_1_836' title='bbox 1754 1572 1851 1604; x_wconf 88' lang='lat' dir='ltr'>repo-</span> 
     </span>
     <span class='ocr_line' id='line_1_113' title="bbox 965 1595 1849 1636; baseline 0.011 -10"><span class='ocrx_word' id='word_1_837' title='bbox 965 1596 1022 1626; x_wconf 88' lang='lat' dir='ltr'>nit.</span> <span class='ocrx_word' id='word_1_838' title='bbox 1047 1604 1084 1625; x_wconf 87' lang='lat' dir='ltr'>an</span> <span class='ocrx_word' id='word_1_839' title='bbox 1102 1595 1238 1626; x_wconf 82' lang='lat' dir='ltr'>debetur</span> <span class='ocrx_word' id='word_1_840' title='bbox 1252 1597 1445 1630; x_wconf 69' lang='lat' dir='ltr'>ususfructus</span> <span class='ocrx_word' id='word_1_841' title='bbox 1461 1609 1617 1632; x_wconf 84' lang='lat' dir='ltr'>novarum</span> <span class='ocrx_word' id='word_1_842' title='bbox 1634 1603 1778 1635; x_wconf 78' lang='lat' dir='ltr'>aedium‘?</span> <span class='ocrx_word' id='word_1_843' title='bbox 1793 1614 1849 1636; x_wconf 90' lang='lat' dir='ltr'>ne-</span> 
     </span>
     <span class='ocr_line' id='line_1_114' title="bbox 965 1635 1848 1680; baseline 0.015 -15"><span class='ocrx_word' id='word_1_844' title='bbox 965 1637 1018 1678; x_wconf 83' lang='lat' dir='ltr'>&#39;gat</span> <span class='ocrx_word' id='word_1_845' title='bbox 1036 1635 1213 1676; x_wconf 78' lang='lat' dir='ltr'>Ulpianus3</span> <span class='ocrx_word' id='word_1_846' title='bbox 1231 1638 1262 1669; x_wconf 86' lang='lat'>&amp;</span> <span class='ocrx_word' id='word_1_847' title='bbox 1279 1638 1384 1670; x_wconf 71' lang='lat' dir='ltr'>recte:</span> <span class='ocrx_word' id='word_1_848' title='bbox 1403 1641 1475 1680; x_wconf 85' lang='lat' dir='ltr'>quia</span> <span class='ocrx_word' id='word_1_849' title='bbox 1492 1643 1632 1674; x_wconf 88' lang='lat' dir='ltr'>cedente</span> <span class='ocrx_word' id='word_1_850' title='bbox 1652 1643 1848 1678; x_wconf 70' lang='lat' dir='ltr'>ususfructus</span> 
     </span>
     <span class='ocr_line' id='line_1_115' title="bbox 965 1678 1849 1724; baseline 0.014 -16"><span class='ocrx_word' id='word_1_851' title='bbox 965 1680 1037 1716; x_wconf 84' lang='lat' dir='ltr'>die,</span> <span class='ocrx_word' id='word_1_852' title='bbox 1062 1687 1126 1709; x_wconf 86' lang='lat' dir='ltr'>non</span> <span class='ocrx_word' id='word_1_853' title='bbox 1152 1678 1221 1710; x_wconf 87' lang='lat' dir='ltr'>sunt</span> <span class='ocrx_word' id='word_1_854' title='bbox 1248 1680 1333 1711; x_wconf 84' lang='lat' dir='ltr'>aedes</span> <span class='ocrx_word' id='word_1_855' title='bbox 1352 1689 1484 1721; x_wconf 86' lang='lat' dir='ltr'>quarum</span> <span class='ocrx_word' id='word_1_856' title='bbox 1503 1683 1624 1724; x_wconf 81' lang='lat' dir='ltr'>legatus</span> <span class='ocrx_word' id='word_1_857' title='bbox 1644 1684 1690 1717; x_wconf 88' lang='lat' dir='ltr'>est</span> <span class='ocrx_word' id='word_1_858' title='bbox 1707 1685 1849 1720; x_wconf 82' lang='lat' dir='ltr'>ususfru-</span> 
     </span>
     <span class='ocr_line' id='line_1_116' title="bbox 965 1719 1849 1762; baseline 0.014 -13"><span class='ocrx_word' id='word_1_859' title='bbox 965 1719 1041 1751; x_wconf 62' lang='lat' dir='ltr'>ctus.</span> <span class='ocrx_word' id='word_1_860' title='bbox 1067 1719 1231 1751; x_wconf 65' lang='lat' dir='ltr'>demolitae</span> <span class='ocrx_word' id='word_1_861' title='bbox 1246 1722 1332 1753; x_wconf 88' lang='lat' dir='ltr'>enim</span> <span class='ocrx_word' id='word_1_862' title='bbox 1351 1723 1419 1754; x_wconf 82' lang='lat' dir='ltr'>iunt</span> <span class='ocrx_word' id='word_1_863' title='bbox 1436 1733 1453 1754; x_wconf 92' lang='lat' dir='ltr'>a</span> <span class='ocrx_word' id='word_1_864' title='bbox 1474 1724 1636 1757; x_wconf 80' lang='lat' dir='ltr'>testatore.</span> <span class='ocrx_word' id='word_1_865' title='bbox 1661 1734 1693 1758; x_wconf 91' lang='lat' dir='ltr'>at</span> <span class='ocrx_word' id='word_1_866' title='bbox 1710 1728 1849 1762; x_wconf 83' lang='lat' dir='ltr'>restituit:</span> 
     </span>
     <span class='ocr_line' id='line_1_117' title="bbox 963 1761 1847 1808; baseline 0.014 -17"><span class='ocrx_word' id='word_1_867' title='bbox 963 1761 1147 1792; x_wconf 81' lang='lat' dir='ltr'>demolitas.</span> <span class='ocrx_word' id='word_1_868' title='bbox 1180 1771 1247 1793; x_wconf 91' lang='lat' dir='ltr'>non</span> <span class='ocrx_word' id='word_1_869' title='bbox 1273 1764 1315 1794; x_wconf 85' lang='lat' dir='ltr'>ita</span> <span class='ocrx_word' id='word_1_870' title='bbox 1341 1763 1413 1803; x_wconf 86' lang='lat' dir='ltr'>cst,</span> <span class='ocrx_word' id='word_1_871' title='bbox 1440 1766 1544 1806; x_wconf 87' lang='lat' dir='ltr'>inquit</span> <span class='ocrx_word' id='word_1_872' title='bbox 1571 1763 1847 1808; x_wconf 37' lang='lat' dir='ltr'>Ulpianus&#39;iffalias</span> 
     </span>
     <span class='ocr_line' id='line_1_118' title="bbox 964 1802 1849 1846; baseline 0.016 -14"><span class='ocrx_word' id='word_1_873' title='bbox 964 1811 1064 1833; x_wconf 81' lang='lat' dir='ltr'>novas</span> <span class='ocrx_word' id='word_1_874' title='bbox 1089 1802 1244 1841; x_wconf 85' lang='lat' dir='ltr'>restituit,</span> <span class='ocrx_word' id='word_1_875' title='bbox 1267 1804 1378 1837; x_wconf 88' lang='lat' dir='ltr'>harum</span> <span class='ocrx_word' id='word_1_876' title='bbox 1405 1816 1485 1838; x_wconf 83' lang='lat' dir='ltr'>vero</span> <span class='ocrx_word' id='word_1_877' title='bbox 1505 1807 1699 1842; x_wconf 75' lang='lat' dir='ltr'>ususfructus</span> <span class='ocrx_word' id='word_1_878' title='bbox 1716 1820 1782 1844; x_wconf 82' lang='lat' dir='ltr'>non</span> <span class='ocrx_word' id='word_1_879' title='bbox 1801 1812 1849 1846; x_wconf 88' lang='lat' dir='ltr'>est</span> 
     </span>
     <span class='ocr_line' id='line_1_119' title="bbox 963 1844 1846 1895; baseline 0.015 -22"><span class='ocrx_word' id='word_1_880' title='bbox 963 1844 1094 1889; x_wconf 75' lang='lat' dir='ltr'>legatus.</span> <span class='ocrx_word' id='word_1_881' title='bbox 1126 1845 1210 1876; x_wconf 88' lang='lat' dir='ltr'>idem</span> <span class='ocrx_word' id='word_1_882' title='bbox 1227 1846 1258 1876; x_wconf 95' lang='lat' dir='ltr'>in</span> <span class='ocrx_word' id='word_1_883' title='bbox 1281 1855 1363 1877; x_wconf 83' lang='lat' dir='ltr'>nave</span> <span class='ocrx_word' id='word_1_884' title='bbox 1383 1846 1558 1889; x_wconf 85' lang='lat' dir='ltr'>Ulpianus;</span> <span class='ocrx_word' id='word_1_885' title='bbox 1581 1849 1604 1882; x_wconf 87' lang='lat' dir='ltr'><strong>fi</strong></span> <span class='ocrx_word' id='word_1_886' title='bbox 1621 1851 1771 1885; x_wconf 76' lang='lat' dir='ltr'>dissoluta</span> <span class='ocrx_word' id='word_1_887' title='bbox 1787 1853 1846 1895; x_wconf 83' lang='lat' dir='ltr'>fit,</span> 
     </span>
     <span class='ocr_line' id='line_1_120' title="bbox 962 1885 1845 1935; baseline 0.017 -21"><span class='ocrx_word' id='word_1_888' title='bbox 962 1885 1041 1916; x_wconf 86' lang='lat' dir='ltr'>lieet</span> <span class='ocrx_word' id='word_1_889' title='bbox 1065 1886 1178 1917; x_wconf 85' lang='lat' dir='ltr'>iisdem</span> <span class='ocrx_word' id='word_1_890' title='bbox 1196 1887 1312 1918; x_wconf 85' lang='lat' dir='ltr'>tabulis</span> <span class='ocrx_word' id='word_1_891' title='bbox 1324 1911 1333 1926; x_wconf 85' lang='lat'>,</span> <span class='ocrx_word' id='word_1_892' title='bbox 1358 1890 1443 1920; x_wconf 88' lang='lat' dir='ltr'>nulla</span> <span class='ocrx_word' id='word_1_893' title='bbox 1460 1899 1615 1930; x_wconf 77' lang='lat' dir='ltr'>praeterea</span> <span class='ocrx_word' id='word_1_894' title='bbox 1631 1894 1775 1935; x_wconf 70' lang='lat' dir='ltr'>adjecta,</span> <span class='ocrx_word' id='word_1_895' title='bbox 1788 1905 1845 1929; x_wconf 77' lang='grc' dir='ltr'>’τε-</span> 
     </span>
     <span class='ocr_line' id='line_1_121' title="bbox 960 1925 1842 1978; baseline 0.016 -22"><span class='ocrx_word' id='word_1_896' title='bbox 960 1926 1092 1957; x_wconf 77' lang='lat' dir='ltr'>staurata</span> <span class='ocrx_word' id='word_1_897' title='bbox 1108 1925 1144 1958; x_wconf 83' lang='lat' dir='ltr'>fit</span> <span class='ocrx_word' id='word_1_898' title='bbox 1159 1929 1187 1958; x_wconf 84' lang='lat' dir='ltr'>d.</span> <span class='ocrx_word' id='word_1_899' title='bbox 1204 1928 1222 1959; x_wconf 81' lang='lat' dir='ltr'>l.</span> <span class='ocrx_word' id='word_1_900' title='bbox 1244 1938 1291 1961; x_wconf 93' lang='lat'>10.</span> <span class='ocrx_word' id='word_1_901' title='bbox 1308 1929 1338 1971; x_wconf 83' lang='lat'>§.</span> <span class='ocrx_word' id='word_1_902' title='bbox 1356 1939 1383 1970; x_wconf 82' lang='lat'>7.</span> <span class='ocrx_word' id='word_1_903' title='bbox 1409 1931 1441 1963; x_wconf 87' lang='lat' dir='ltr'>ln</span> <span class='ocrx_word' id='word_1_904' title='bbox 1462 1933 1569 1972; x_wconf 88' lang='lat' dir='ltr'>primis</span> <span class='ocrx_word' id='word_1_905' title='bbox 1585 1943 1694 1967; x_wconf 87' lang='lat' dir='ltr'>autem</span> <span class='ocrx_word' id='word_1_906' title='bbox 1712 1936 1777 1968; x_wconf 91' lang='lat' dir='ltr'>hoc</span> <span class='ocrx_word' id='word_1_907' title='bbox 1789 1937 1842 1978; x_wconf 85' lang='lat' dir='ltr'>J&#39;us</span> 
     </span>
     <span class='ocr_line' id='line_1_122' title="bbox 961 1966 1843 2016; baseline 0.016 -19"><span class='ocrx_word' id='word_1_908' title='bbox 961 1966 1005 2014; x_wconf 66' lang='lat' dir='ltr'>eil</span> <span class='ocrx_word' id='word_1_909' title='bbox 1017 1992 1026 2006; x_wconf 90' lang='lat'>‚</span> <span class='ocrx_word' id='word_1_910' title='bbox 1041 1978 1121 1999; x_wconf 87' lang='lat' dir='ltr'>nave</span> <span class='ocrx_word' id='word_1_911' title='bbox 1137 1976 1191 1999; x_wconf 91' lang='lat' dir='ltr'>aut</span> <span class='ocrx_word' id='word_1_912' title='bbox 1207 1971 1307 2002; x_wconf 88' lang='lat' dir='ltr'>domo</span> <span class='ocrx_word' id='word_1_913' title='bbox 1325 1971 1486 2006; x_wconf 77' lang='lat' dir='ltr'>dissoluta:</span> <span class='ocrx_word' id='word_1_914' title='bbox 1511 1974 1575 2006; x_wconf 82' lang='lat' dir='ltr'>noc</span> <span class='ocrx_word' id='word_1_915' title='bbox 1591 1977 1718 2016; x_wconf 89' lang='lat' dir='ltr'>animo,</span> <span class='ocrx_word' id='word_1_916' title='bbox 1735 1987 1775 2010; x_wconf 90' lang='lat' dir='ltr'>ne</span> <span class='ocrx_word' id='word_1_917' title='bbox 1792 1989 1843 2011; x_wconf 87' lang='lat' dir='ltr'>re-</span> 
     </span>
     <span class='ocr_line' id='line_1_123' title="bbox 960 2008 1842 2053; baseline 0.015 -13"><span class='ocrx_word' id='word_1_918' title='bbox 960 2008 1123 2048; x_wconf 80' lang='lat' dir='ltr'>stituatur3</span> <span class='ocrx_word' id='word_1_919' title='bbox 1148 2009 1201 2042; x_wconf 86' lang='lat' dir='ltr'>sed</span> <span class='ocrx_word' id='word_1_920' title='bbox 1227 2020 1262 2043; x_wconf 91' lang='lat' dir='ltr'>ut</span> <span class='ocrx_word' id='word_1_921' title='bbox 1288 2014 1417 2045; x_wconf 86' lang='lat' dir='ltr'>materia</span> <span class='ocrx_word' id='word_1_922' title='bbox 1435 2015 1468 2046; x_wconf 87' lang='lat' dir='ltr'>in</span> <span class='ocrx_word' id='word_1_923' title='bbox 1486 2016 1564 2048; x_wconf 83' lang='lat' dir='ltr'>alios</span> <span class='ocrx_word' id='word_1_924' title='bbox 1583 2017 1651 2049; x_wconf 91' lang='lat' dir='ltr'>usus</span> <span class='ocrx_word' id='word_1_925' title='bbox 1669 2028 1842 2053; x_wconf 83' lang='lat' dir='ltr'>converta-</span> 
     </span>
     <span class='ocr_line' id='line_1_124' title="bbox 960 2053 1842 2098; baseline 0.016 -18"><span class='ocrx_word' id='word_1_926' title='bbox 960 2059 1020 2081; x_wconf 89' lang='lat' dir='ltr'>tur.</span> <span class='ocrx_word' id='word_1_927' title='bbox 1053 2060 1120 2082; x_wconf 91' lang='lat' dir='ltr'>tum</span> <span class='ocrx_word' id='word_1_928' title='bbox 1141 2053 1247 2091; x_wconf 88' lang='lat' dir='ltr'>enim,</span> <span class='ocrx_word' id='word_1_929' title='bbox 1272 2054 1327 2085; x_wconf 88' lang='lat' dir='ltr'>etfi</span> <span class='ocrx_word' id='word_1_930' title='bbox 1345 2063 1471 2087; x_wconf 83' lang='lat' dir='ltr'>mutato</span> <span class='ocrx_word' id='word_1_931' title='bbox 1488 2058 1639 2098; x_wconf 79' lang='lat' dir='ltr'>consilio,</span> <span class='ocrx_word' id='word_1_932' title='bbox 1663 2060 1766 2092; x_wconf 85' lang='lat' dir='ltr'>rursus</span> <span class='ocrx_word' id='word_1_933' title='bbox 1783 2063 1842 2094; x_wconf 91' lang='lat' dir='ltr'>do-</span> 
     </span>
     <span class='ocr_line' id='line_1_125' title="bbox 955 2093 1841 2140; baseline 0.016 -18"><span class='ocrx_word' id='word_1_934' title='bbox 955 2101 1044 2124; x_wconf 85' lang='lat' dir='ltr'>mum</span> <span class='ocrx_word' id='word_1_935' title='bbox 1062 2102 1115 2124; x_wconf 75' lang='lat' dir='ltr'>aUt</span> <span class='ocrx_word' id='word_1_936' title='bbox 1132 2103 1247 2126; x_wconf 89' lang='lat' dir='ltr'>navem</span> <span class='ocrx_word' id='word_1_937' title='bbox 1265 2093 1362 2126; x_wconf 78' lang='lat' dir='ltr'>faciat</span> <span class='ocrx_word' id='word_1_938' title='bbox 1380 2097 1531 2137; x_wconf 80' lang='lat' dir='ltr'>testator,</span> <span class='ocrx_word' id='word_1_939' title='bbox 1554 2108 1650 2140; x_wconf 87' lang='lat' dir='ltr'>atque</span> <span class='ocrx_word' id='word_1_940' title='bbox 1667 2111 1708 2133; x_wconf 87' lang='lat' dir='ltr'>ex</span> <span class='ocrx_word' id='word_1_941' title='bbox 1725 2104 1841 2137; x_wconf 81' lang='lat' dir='ltr'>eadem</span> 
     </span>
     <span class='ocr_line' id='line_1_126' title="bbox 956 2135 1839 2185; baseline 0.018 -23"><span class='ocrx_word' id='word_1_942' title='bbox 956 2135 1105 2171; x_wconf 84' lang='lat' dir='ltr'>materia;</span> <span class='ocrx_word' id='word_1_943' title='bbox 1130 2143 1235 2166; x_wconf 87' lang='lat' dir='ltr'>tamen</span> <span class='ocrx_word' id='word_1_944' title='bbox 1255 2137 1394 2176; x_wconf 85' lang='lat' dir='ltr'>priorem</span> <span class='ocrx_word' id='word_1_945' title='bbox 1411 2148 1630 2182; x_wconf 84' lang='lat' dir='ltr'>peremptam,</span> <span class='ocrx_word' id='word_1_946' title='bbox 1649 2141 1839 2185; x_wconf 87' lang='lat' dir='ltr'>sequentem</span> 
     </span>
     <span class='ocr_line' id='line_1_127' title="bbox 955 2175 1524 2222; baseline 0.014 -17"><span class='ocrx_word' id='word_1_947' title='bbox 955 2176 1045 2206; x_wconf 83' lang='lat' dir='ltr'>aliam</span> <span class='ocrx_word' id='word_1_948' title='bbox 1064 2175 1146 2214; x_wconf 74' lang='lat' dir='ltr'>csse,</span> <span class='ocrx_word' id='word_1_949' title='bbox 1172 2186 1286 2222; x_wconf 81' lang='lat' dir='ltr'>omnes</span> <span class='ocrx_word' id='word_1_950' title='bbox 1305 2179 1426 2218; x_wconf 87' lang='lat' dir='ltr'>opinati</span> <span class='ocrx_word' id='word_1_951' title='bbox 1446 2181 1524 2213; x_wconf 86' lang='lat' dir='ltr'>sunt.</span> 
     </span>
    </p>

    <p class='ocr_par' dir='ltr' id='par_1_11' title="bbox 938 2217 1837 3287">
     <span class='ocr_line' id='line_1_128' title="bbox 994 2217 1837 2262; baseline 0.02 -17"><span class='ocrx_word' id='word_1_952' title='bbox 994 2217 1036 2247; x_wconf 85' lang='lat' dir='ltr'>At</span> <span class='ocrx_word' id='word_1_953' title='bbox 1053 2218 1149 2256; x_wconf 83' lang='lat' dir='ltr'>quid,</span> <span class='ocrx_word' id='word_1_954' title='bbox 1170 2218 1189 2248; x_wconf 81' lang='lat' dir='ltr'>ii</span> <span class='ocrx_word' id='word_1_955' title='bbox 1206 2228 1270 2250; x_wconf 84' lang='lat' dir='ltr'>non</span> <span class='ocrx_word' id='word_1_956' title='bbox 1290 2219 1355 2251; x_wconf 87' lang='lat' dir='ltr'>hoc</span> <span class='ocrx_word' id='word_1_957' title='bbox 1372 2222 1480 2254; x_wconf 88' lang='lat' dir='ltr'>animo</span> <span class='ocrx_word' id='word_1_958' title='bbox 1500 2223 1647 2257; x_wconf 76' lang='lat' dir='ltr'>diffoluta</span> <span class='ocrx_word' id='word_1_959' title='bbox 1665 2225 1701 2258; x_wconf 88' lang='lat' dir='ltr'>fit</span> <span class='ocrx_word' id='word_1_960' title='bbox 1720 2228 1837 2262; x_wconf 87' lang='lat' dir='ltr'>domus</span> 
     </span>
     <span class='ocr_line' id='line_1_129' title="bbox 953 2258 1836 2303; baseline 0.019 -17"><span class='ocrx_word' id='word_1_961' title='bbox 953 2267 1007 2288; x_wconf 83' lang='lat' dir='ltr'>aut</span> <span class='ocrx_word' id='word_1_962' title='bbox 1027 2260 1132 2289; x_wconf 76' lang='lat' dir='ltr'>navis:</span> <span class='ocrx_word' id='word_1_963' title='bbox 1153 2258 1204 2290; x_wconf 83' lang='lat' dir='ltr'>sed</span> <span class='ocrx_word' id='word_1_964' title='bbox 1222 2260 1265 2291; x_wconf 89' lang='lat' dir='ltr'>uti</span> <span class='ocrx_word' id='word_1_965' title='bbox 1284 2260 1490 2296; x_wconf 75' lang='lat' dir='ltr'>restituatur?</span> <span class='ocrx_word' id='word_1_966' title='bbox 1517 2265 1567 2298; x_wconf 85' lang='lat' dir='ltr'>liic</span> <span class='ocrx_word' id='word_1_967' title='bbox 1586 2277 1719 2301; x_wconf 86' lang='lat' dir='ltr'>vereor:</span> <span class='ocrx_word' id='word_1_968' title='bbox 1743 2279 1784 2301; x_wconf 90' lang='lat' dir='ltr'>ne</span> <span class='ocrx_word' id='word_1_969' title='bbox 1801 2272 1836 2303; x_wconf 85' lang='lat' dir='ltr'>in</span> 
     </span>
     <span class='ocr_line' id='line_1_130' title="bbox 953 2300 1834 2346; baseline 0.018 -18"><span class='ocrx_word' id='word_1_970' title='bbox 953 2307 1057 2337; x_wconf 84' lang='lat' dir='ltr'>partes</span> <span class='ocrx_word' id='word_1_971' title='bbox 1071 2300 1201 2346; x_wconf 36' lang='lat' dir='ltr'>„iverint</span> <span class='ocrx_word' id='word_1_972' title='bbox 1225 2300 1374 2335; x_wconf 79' lang='lat' dir='ltr'>Veteres.</span> <span class='ocrx_word' id='word_1_973' title='bbox 1407 2303 1565 2346; x_wconf 86' lang='lat' dir='ltr'>Ulpianus</span> <span class='ocrx_word' id='word_1_974' title='bbox 1585 2317 1675 2340; x_wconf 85' lang='lat' dir='ltr'>certe</span> <span class='ocrx_word' id='word_1_975' title='bbox 1694 2312 1722 2340; x_wconf 87' lang='lat' dir='ltr'>d.</span> <span class='ocrx_word' id='word_1_976' title='bbox 1741 2311 1762 2342; x_wconf 88' lang='lat' dir='ltr'>l.</span> <span class='ocrx_word' id='word_1_977' title='bbox 1784 2321 1834 2345; x_wconf 88' lang='lat'>10.</span> 
     </span>
     <span class='ocr_line' id='line_1_131' title="bbox 951 2340 1837 2390; baseline 0.017 -20"><span class='ocrx_word' id='word_1_978' title='bbox 951 2340 980 2381; x_wconf 55' lang='grc' dir='ltr'>ᾗ.</span> <span class='ocrx_word' id='word_1_979' title='bbox 1003 2349 1027 2372; x_wconf 92' lang='lat'>1.</span> <span class='ocrx_word' id='word_1_980' title='bbox 1047 2340 1131 2387; x_wconf 43' lang='grc' dir='ltr'>ἐπῇ.</span> <span class='ocrx_word' id='word_1_981' title='bbox 1157 2343 1187 2372; x_wconf 83' lang='lat' dir='ltr'>ie</span> <span class='ocrx_word' id='word_1_982' title='bbox 1210 2342 1359 2375; x_wconf 83' lang='lat' dir='ltr'>adscribit</span> <span class='ocrx_word' id='word_1_983' title='bbox 1383 2345 1518 2379; x_wconf 84' lang='lat' dir='ltr'>Sabino:</span> <span class='ocrx_word' id='word_1_984' title='bbox 1544 2349 1755 2390; x_wconf 88' lang='lat' dir='ltr'>existimanti,</span> <span class='ocrx_word' id='word_1_985' title='bbox 1780 2354 1837 2386; x_wconf 87' lang='lat' dir='ltr'>ad-</span> 
     </span>
     <span class='ocr_line' id='line_1_132' title="bbox 952 2382 1833 2436; baseline 0.017 -25"><span class='ocrx_word' id='word_1_986' title='bbox 952 2385 1015 2412; x_wconf 84' lang='lat' dir='ltr'>nue</span> <span class='ocrx_word' id='word_1_987' title='bbox 1024 2382 1200 2428; x_wconf 62' lang='lat' dir='ltr'>eiftinCtum</span> <span class='ocrx_word' id='word_1_988' title='bbox 1211 2383 1273 2416; x_wconf 88' lang='lat' dir='ltr'>esse</span> <span class='ocrx_word' id='word_1_989' title='bbox 1285 2384 1531 2428; x_wconf 76' lang='lat' dir='ltr'>usumfruCtuin3</span> <span class='ocrx_word' id='word_1_990' title='bbox 1548 2400 1653 2430; x_wconf 84' lang='lat' dir='ltr'>neque</span> <span class='ocrx_word' id='word_1_991' title='bbox 1664 2389 1810 2427; x_wconf 79' lang='lat' dir='ltr'>eamdem</span> <span class='ocrx_word' id='word_1_992' title='bbox 1820 2419 1833 2436; x_wconf 91' lang='lat'>,</span> 
     </span>
     <span class='ocr_line' id='line_1_133' title="bbox 953 2422 1834 2468; baseline 0.017 -15"><span class='ocrx_word' id='word_1_993' title='bbox 953 2422 1005 2454; x_wconf 84' lang='lat' dir='ltr'>sed</span> <span class='ocrx_word' id='word_1_994' title='bbox 1021 2423 1112 2455; x_wconf 85' lang='lat' dir='ltr'>aliam</span> <span class='ocrx_word' id='word_1_995' title='bbox 1131 2425 1229 2456; x_wconf 85' lang='lat' dir='ltr'>videri</span> <span class='ocrx_word' id='word_1_996' title='bbox 1247 2427 1379 2459; x_wconf 90' lang='lat' dir='ltr'>domum</span> <span class='ocrx_word' id='word_1_997' title='bbox 1394 2438 1447 2460; x_wconf 88' lang='lat' dir='ltr'>aut</span> <span class='ocrx_word' id='word_1_998' title='bbox 1463 2439 1579 2463; x_wconf 78' lang='lat' dir='ltr'>navem</span> <span class='ocrx_word' id='word_1_999' title='bbox 1596 2432 1783 2468; x_wconf 84' lang='lat' dir='ltr'>restitutam.</span> <span class='ocrx_word' id='word_1_1000' title='bbox 1808 2438 1834 2468; x_wconf 91' lang='lat' dir='ltr'>i-</span> 
     </span>
     <span class='ocr_line' id='line_1_134' title="bbox 952 2465 1835 2515; baseline 0.018 -21"><span class='ocrx_word' id='word_1_1001' title='bbox 952 2466 1091 2504; x_wconf 79' lang='lat' dir='ltr'>demque</span> <span class='ocrx_word' id='word_1_1002' title='bbox 1106 2465 1259 2498; x_wconf 78' lang='lat' dir='ltr'>Africano</span> <span class='ocrx_word' id='word_1_1003' title='bbox 1278 2467 1364 2500; x_wconf 84' lang='lat' dir='ltr'>sedet</span> <span class='ocrx_word' id='word_1_1004' title='bbox 1379 2469 1398 2501; x_wconf 84' lang='lat' dir='ltr'>l.</span> <span class='ocrx_word' id='word_1_1005' title='bbox 1413 2475 1463 2512; x_wconf 77' lang='lat'>36.</span> <span class='ocrx_word' id='word_1_1006' title='bbox 1481 2471 1523 2503; x_wconf 92' lang='lat' dir='ltr'>D.</span> <span class='ocrx_word' id='word_1_1007' title='bbox 1542 2474 1576 2504; x_wconf 81' lang='lat' dir='ltr'>de</span> <span class='ocrx_word' id='word_1_1008' title='bbox 1591 2474 1758 2515; x_wconf 70' lang='lat' dir='ltr'>usufruftu.</span> <span class='ocrx_word' id='word_1_1009' title='bbox 1783 2479 1835 2512; x_wconf 87' lang='lat' dir='ltr'>An</span> 
     </span>
     <span class='ocr_line' id='line_1_135' title="bbox 953 2505 1833 2560; baseline 0.02 -25"><span class='ocrx_word' id='word_1_1010' title='bbox 953 2505 983 2551; x_wconf 64' lang='grc' dir='ltr'>ἃ,</span> <span class='ocrx_word' id='word_1_1011' title='bbox 1001 2506 1125 2539; x_wconf 78' lang='lat' dir='ltr'>Paulo?</span> <span class='ocrx_word' id='word_1_1012' title='bbox 1152 2517 1241 2547; x_wconf 70' lang='lat' dir='ltr'>paene</span> <span class='ocrx_word' id='word_1_1013' title='bbox 1265 2509 1384 2541; x_wconf 81' lang='lat' dir='ltr'>haereo.</span> <span class='ocrx_word' id='word_1_1014' title='bbox 1415 2511 1461 2543; x_wconf 83' lang='lat' dir='ltr'>est</span> <span class='ocrx_word' id='word_1_1015' title='bbox 1477 2514 1561 2546; x_wconf 91' lang='lat' dir='ltr'>enim</span> <span class='ocrx_word' id='word_1_1016' title='bbox 1577 2516 1654 2548; x_wconf 89' lang='lat' dir='ltr'>mihi</span> <span class='ocrx_word' id='word_1_1017' title='bbox 1672 2516 1833 2560; x_wconf 82' lang='lat' dir='ltr'>suspicio,</span> 
     </span>
     <span class='ocr_line' id='line_1_136' title="bbox 951 2548 1832 2595; baseline 0.018 -17"><span class='ocrx_word' id='word_1_1018' title='bbox 951 2548 1039 2578; x_wconf 90' lang='lat' dir='ltr'>illum</span> <span class='ocrx_word' id='word_1_1019' title='bbox 1059 2548 1245 2581; x_wconf 79' lang='lat' dir='ltr'>humanitati</span> <span class='ocrx_word' id='word_1_1020' title='bbox 1271 2551 1389 2583; x_wconf 82' lang='lat' dir='ltr'>dedisse</span> <span class='ocrx_word' id='word_1_1021' title='bbox 1406 2553 1435 2585; x_wconf 90' lang='lat' dir='ltr'>in</span> <span class='ocrx_word' id='word_1_1022' title='bbox 1454 2556 1637 2595; x_wconf 77' lang='lat' dir='ltr'>proposito:</span> <span class='ocrx_word' id='word_1_1023' title='bbox 1663 2559 1707 2590; x_wconf 89' lang='lat' dir='ltr'>uti</span> <span class='ocrx_word' id='word_1_1024' title='bbox 1727 2569 1744 2591; x_wconf 90' lang='lat' dir='ltr'>a</span> <span class='ocrx_word' id='word_1_1025' title='bbox 1763 2561 1832 2594; x_wconf 88' lang='lat' dir='ltr'>stri-</span> 
     </span>
     <span class='ocr_line' id='line_1_137' title="bbox 951 2589 1830 2643; baseline 0.017 -24"><span class='ocrx_word' id='word_1_1026' title='bbox 951 2589 1003 2635; x_wconf 61' lang='grc' dir='ltr'>ἃς)</span> <span class='ocrx_word' id='word_1_1027' title='bbox 1016 2590 1085 2636; x_wconf 80' lang='lat' dir='ltr'>jure</span> <span class='ocrx_word' id='word_1_1028' title='bbox 1101 2592 1288 2630; x_wconf 82' lang='lat' dir='ltr'>recederet3</span> <span class='ocrx_word' id='word_1_1029' title='bbox 1305 2593 1333 2624; x_wconf 74' lang='grc' dir='ltr'><strong>ἃ</strong></span> <span class='ocrx_word' id='word_1_1030' title='bbox 1345 2594 1444 2626; x_wconf 90' lang='lat' dir='ltr'>domo</span> <span class='ocrx_word' id='word_1_1031' title='bbox 1460 2596 1606 2629; x_wconf 76' lang='lat' dir='ltr'>dissoluta</span> <span class='ocrx_word' id='word_1_1032' title='bbox 1621 2599 1688 2631; x_wconf 89' lang='lat' dir='ltr'>hoc</span> <span class='ocrx_word' id='word_1_1033' title='bbox 1703 2602 1830 2643; x_wconf 87' lang='lat' dir='ltr'>animo,</span> 
     </span>
     <span class='ocr_line' id='line_1_138' title="bbox 951 2630 1829 2683; baseline 0.019 -23"><span class='ocrx_word' id='word_1_1034' title='bbox 951 2638 995 2661; x_wconf 92' lang='lat' dir='ltr'>uti</span> <span class='ocrx_word' id='word_1_1035' title='bbox 1014 2630 1213 2671; x_wconf 85' lang='lat' dir='ltr'>restituatur,</span> <span class='ocrx_word' id='word_1_1036' title='bbox 1238 2634 1519 2678; x_wconf 87' lang='lat' dir='ltr'>interpretaretur,</span> <span class='ocrx_word' id='word_1_1037' title='bbox 1540 2641 1680 2679; x_wconf 87' lang='lat' dir='ltr'>priorem</span> <span class='ocrx_word' id='word_1_1038' title='bbox 1698 2644 1829 2683; x_wconf 88' lang='lat' dir='ltr'>quidem</span> 
     </span>
     <span class='ocr_line' id='line_1_139' title="bbox 950 2672 1827 2721; baseline 0.018 -19"><span class='ocrx_word' id='word_1_1039' title='bbox 950 2672 1094 2714; x_wconf 85' lang='lat' dir='ltr'>domum</span> <span class='ocrx_word' id='word_1_1040' title='bbox 1109 2675 1252 2707; x_wconf 84' lang='lat' dir='ltr'>nondum</span> <span class='ocrx_word' id='word_1_1041' title='bbox 1284 2675 1478 2711; x_wconf 89' lang='lat' dir='ltr'>intercidisse</span> <span class='ocrx_word' id='word_1_1042' title='bbox 1493 2704 1502 2719; x_wconf 92' lang='lat'>,</span> <span class='ocrx_word' id='word_1_1043' title='bbox 1534 2681 1721 2721; x_wconf 88' lang='lat' dir='ltr'>sequentem</span> <span class='ocrx_word' id='word_1_1044' title='bbox 1748 2696 1827 2718; x_wconf 90' lang='lat' dir='ltr'>vero</span> 
     </span>
     <span class='ocr_line' id='line_1_140' title="bbox 949 2716 1828 2765; baseline 0.017 -20"><span class='ocrx_word' id='word_1_1045' title='bbox 949 2722 1015 2745; x_wconf 89' lang='lat' dir='ltr'>non</span> <span class='ocrx_word' id='word_1_1046' title='bbox 1033 2723 1149 2747; x_wconf 87' lang='lat' dir='ltr'>novam</span> <span class='ocrx_word' id='word_1_1047' title='bbox 1161 2740 1170 2754; x_wconf 93' lang='lat'>,</span> <span class='ocrx_word' id='word_1_1048' title='bbox 1189 2716 1240 2747; x_wconf 84' lang='lat' dir='ltr'>led</span> <span class='ocrx_word' id='word_1_1049' title='bbox 1258 2719 1404 2751; x_wconf 78' lang='lat' dir='ltr'>eamdem</span> <span class='ocrx_word' id='word_1_1050' title='bbox 1422 2721 1532 2753; x_wconf 87' lang='lat' dir='ltr'>videri.</span> <span class='ocrx_word' id='word_1_1051' title='bbox 1554 2723 1707 2765; x_wconf 89' lang='lat' dir='ltr'>idemque</span> <span class='ocrx_word' id='word_1_1052' title='bbox 1727 2727 1759 2759; x_wconf 83' lang='lat' dir='ltr'>i&#39;n</span> <span class='ocrx_word' id='word_1_1053' title='bbox 1776 2737 1828 2759; x_wconf 85' lang='lat' dir='ltr'>na·</span> 
     </span>
     <span class='ocr_line' id='line_1_141' title="bbox 950 2755 1826 2805; baseline 0.018 -21"><span class='ocrx_word' id='word_1_1054' title='bbox 950 2765 990 2800; x_wconf 79' lang='lat' dir='ltr'>ve</span> <span class='ocrx_word' id='word_1_1055' title='bbox 1015 2755 1096 2786; x_wconf 80' lang='lat' dir='ltr'>effe:</span> <span class='ocrx_word' id='word_1_1056' title='bbox 1121 2766 1192 2802; x_wconf 83' lang='lat' dir='ltr'>nain</span> <span class='ocrx_word' id='word_1_1057' title='bbox 1221 2757 1377 2799; x_wconf 87' lang='lat' dir='ltr'>resoluta;</span> <span class='ocrx_word' id='word_1_1058' title='bbox 1399 2761 1460 2793; x_wconf 87' lang='lat' dir='ltr'>hac</span> <span class='ocrx_word' id='word_1_1059' title='bbox 1476 2773 1606 2805; x_wconf 85' lang='lat' dir='ltr'>mente,</span> <span class='ocrx_word' id='word_1_1060' title='bbox 1629 2775 1664 2797; x_wconf 90' lang='lat' dir='ltr'>ut</span> <span class='ocrx_word' id='word_1_1061' title='bbox 1682 2768 1711 2798; x_wconf 90' lang='lat' dir='ltr'>in</span> <span class='ocrx_word' id='word_1_1062' title='bbox 1730 2768 1826 2801; x_wconf 85' lang='lat' dir='ltr'>alium</span> 
     </span>
     <span class='ocr_line' id='line_1_142' title="bbox 948 2797 1823 2849; baseline 0.017 -23"><span class='ocrx_word' id='word_1_1063' title='bbox 948 2798 1033 2842; x_wconf 74' lang='lat' dir='ltr'>ulum</span> <span class='ocrx_word' id='word_1_1064' title='bbox 1050 2797 1281 2831; x_wconf 86' lang='lat' dir='ltr'>destinarentur</span> <span class='ocrx_word' id='word_1_1065' title='bbox 1296 2801 1428 2842; x_wconf 85' lang='lat' dir='ltr'>tabulae,</span> <span class='ocrx_word' id='word_1_1066' title='bbox 1440 2804 1515 2843; x_wconf 85' lang='lat' dir='ltr'>licet</span> <span class='ocrx_word' id='word_1_1067' title='bbox 1531 2814 1656 2838; x_wconf 84' lang='lat' dir='ltr'>mutato</span> <span class='ocrx_word' id='word_1_1068' title='bbox 1671 2808 1823 2849; x_wconf 79' lang='lat' dir='ltr'>confilio,</span> 
     </span>
     <span class='ocr_line' id='line_1_143' title="bbox 947 2838 1824 2890; baseline 0.017 -23"><span class='ocrx_word' id='word_1_1069' title='bbox 947 2838 1107 2883; x_wconf 74' lang='lat' dir='ltr'>reficiatur</span> <span class='ocrx_word' id='word_1_1070' title='bbox 1124 2841 1231 2886; x_wconf 78' lang='lat' dir='ltr'>navis:</span> <span class='ocrx_word' id='word_1_1071' title='bbox 1248 2843 1387 2882; x_wconf 87' lang='lat' dir='ltr'>priorem</span> <span class='ocrx_word' id='word_1_1072' title='bbox 1405 2844 1467 2877; x_wconf 87' lang='lat' dir='ltr'>esse</span> <span class='ocrx_word' id='word_1_1073' title='bbox 1483 2855 1702 2888; x_wconf 87' lang='lat' dir='ltr'>peremptam,</span> <span class='ocrx_word' id='word_1_1074' title='bbox 1720 2850 1748 2881; x_wconf 67' lang='grc' dir='ltr'><strong>ἃ</strong></span> <span class='ocrx_word' id='word_1_1075' title='bbox 1764 2859 1824 2890; x_wconf 89' lang='lat' dir='ltr'>po-</span> 
     </span>
     <span class='ocr_line' id='line_1_144' title="bbox 947 2878 1821 2928; baseline 0.016 -20"><span class='ocrx_word' id='word_1_1076' title='bbox 947 2878 1112 2924; x_wconf 71' lang='lat' dir='ltr'>steriorem</span> <span class='ocrx_word' id='word_1_1077' title='bbox 1135 2882 1270 2928; x_wconf 77' lang='lat' dir='ltr'>intelligi</span> <span class='ocrx_word' id='word_1_1078' title='bbox 1290 2885 1393 2918; x_wconf 87' lang='lat' dir='ltr'>aliam.</span> <span class='ocrx_word' id='word_1_1079' title='bbox 1423 2895 1575 2921; x_wconf 76' lang='lat' dir='ltr'>caeterum</span> <span class='ocrx_word' id='word_1_1080' title='bbox 1594 2900 1658 2921; x_wconf 90' lang='lat' dir='ltr'>non</span> <span class='ocrx_word' id='word_1_1081' title='bbox 1675 2890 1739 2921; x_wconf 91' lang='lat' dir='ltr'>hoc</span> <span class='ocrx_word' id='word_1_1082' title='bbox 1754 2891 1821 2922; x_wconf 90' lang='lat' dir='ltr'>ani-</span> 
     </span>
     <span class='ocr_line' id='line_1_145' title="bbox 947 2921 1820 2968; baseline 0.017 -18"><span class='ocrx_word' id='word_1_1083' title='bbox 947 2930 1001 2951; x_wconf 90' lang='lat' dir='ltr'>rno</span> <span class='ocrx_word' id='word_1_1084' title='bbox 1013 2944 1022 2959; x_wconf 91' lang='lat'>,</span> <span class='ocrx_word' id='word_1_1085' title='bbox 1042 2922 1099 2967; x_wconf 30' lang='lat' dir='ltr'>*led</span> <span class='ocrx_word' id='word_1_1086' title='bbox 1114 2921 1294 2956; x_wconf 84' lang='lat' dir='ltr'>reficiendae</span> <span class='ocrx_word' id='word_1_1087' title='bbox 1311 2929 1400 2959; x_wconf 90' lang='lat' dir='ltr'>navis</span> <span class='ocrx_word' id='word_1_1088' title='bbox 1418 2929 1526 2968; x_wconf 87' lang='lat' dir='ltr'>causa,</span> <span class='ocrx_word' id='word_1_1089' title='bbox 1546 2929 1651 2962; x_wconf 84' lang='lat' dir='ltr'>refixis</span> <span class='ocrx_word' id='word_1_1090' title='bbox 1670 2931 1820 2965; x_wconf 76' lang='lat' dir='ltr'>omnibus</span> 
     </span>
     <span class='ocr_line' id='line_1_146' title="bbox 948 2962 1819 3010; baseline 0.015 -19"><span class='ocrx_word' id='word_1_1091' title='bbox 948 2962 1064 2993; x_wconf 85' lang='lat' dir='ltr'>tabulis</span> <span class='ocrx_word' id='word_1_1092' title='bbox 1083 2986 1092 3002; x_wconf 94' lang='lat'>,</span> <span class='ocrx_word' id='word_1_1093' title='bbox 1108 2973 1229 3010; x_wconf 30' lang='lat' dir='ltr'>*navem</span> <span class='ocrx_word' id='word_1_1094' title='bbox 1253 2969 1396 3002; x_wconf 91' lang='lat' dir='ltr'>nondum</span> <span class='ocrx_word' id='word_1_1095' title='bbox 1423 2971 1636 3009; x_wconf 77' lang='lat' dir='ltr'>intercidiss&#39;e3</span> <span class='ocrx_word' id='word_1_1096' title='bbox 1660 2971 1689 3001; x_wconf 84' lang='lat'>&amp;</span> <span class='ocrx_word' id='word_1_1097' title='bbox 1714 2972 1819 3007; x_wconf 87' lang='lat' dir='ltr'>rursus</span> 
     </span>
     <span class='ocr_line' id='line_1_147' title="bbox 946 3004 1820 3051; baseline 0.014 -18"><span class='ocrx_word' id='word_1_1098' title='bbox 946 3004 1147 3044; x_wconf 82' lang='lat' dir='ltr'>compofitis,</span> <span class='ocrx_word' id='word_1_1099' title='bbox 1165 3008 1310 3041; x_wconf 87' lang='lat' dir='ltr'>eamdem</span> <span class='ocrx_word' id='word_1_1100' title='bbox 1327 3019 1398 3051; x_wconf 84' lang='lat' dir='ltr'>quae</span> <span class='ocrx_word' id='word_1_1101' title='bbox 1415 3011 1478 3043; x_wconf 86' lang='lat' dir='ltr'>fuit</span> <span class='ocrx_word' id='word_1_1102' title='bbox 1490 3035 1498 3050; x_wconf 91' lang='lat'>‚</span> <span class='ocrx_word' id='word_1_1103' title='bbox 1516 3011 1579 3043; x_wconf 81' lang='lat' dir='ltr'>effe</span> <span class='ocrx_word' id='word_1_1104' title='bbox 1596 3012 1749 3051; x_wconf 84' lang='lat' dir='ltr'>incipere.</span> <span class='ocrx_word' id='word_1_1105' title='bbox 1773 3016 1820 3048; x_wconf 82' lang='lat' dir='ltr'>ita</span> 
     </span>
     <span class='ocr_line' id='line_1_148' title="bbox 944 3045 1820 3121; baseline 0.01 -44"><span class='ocrx_word' id='word_1_1106' title='bbox 944 3045 1057 3078; x_wconf 83' lang='lat' dir='ltr'>Paulus</span> <span class='ocrx_word' id='word_1_1107' title='bbox 1072 3046 1149 3088; x_wconf 84' lang='lat' dir='ltr'>l.83.</span> <span class='ocrx_word' id='word_1_1108' title='bbox 1162 3047 1195 3121; x_wconf 48' lang='lat' dir='ltr'>J)</span> <span class='ocrx_word' id='word_1_1109' title='bbox 1209 3061 1240 3090; x_wconf 83' lang='lat'>5.</span> <span class='ocrx_word' id='word_1_1110' title='bbox 1259 3049 1300 3082; x_wconf 94' lang='lat' dir='ltr'>D.</span> <span class='ocrx_word' id='word_1_1111' title='bbox 1317 3053 1351 3082; x_wconf 79' lang='lat' dir='ltr'>cie</span> <span class='ocrx_word' id='word_1_1112' title='bbox 1364 3055 1516 3084; x_wconf 86' lang='lat' dir='ltr'>verborum</span> <span class='ocrx_word' id='word_1_1113' title='bbox 1530 3052 1768 3095; x_wconf 73' lang='lat' dir='ltr'>obligationibus,</span> <span class='ocrx_word' id='word_1_1114' title='bbox 1780 3056 1820 3092; x_wconf 58' lang='grc' dir='ltr'>ξς·</span> 
     </span>
     <span class='ocr_line' id='line_1_149' title="bbox 943 3086 1817 3133; baseline 0.015 -16"><span class='ocrx_word' id='word_1_1115' title='bbox 943 3086 962 3118; x_wconf 90' lang='lat' dir='ltr'>l.</span> <span class='ocrx_word' id='word_1_1116' title='bbox 979 3091 1028 3123; x_wconf 89' lang='lat'>98.</span> <span class='ocrx_word' id='word_1_1117' title='bbox 1047 3087 1075 3129; x_wconf 86' lang='lat'>§.</span> <span class='ocrx_word' id='word_1_1118' title='bbox 1091 3089 1144 3120; x_wconf 86' lang='lat' dir='ltr'>ult.</span> <span class='ocrx_word' id='word_1_1119' title='bbox 1198 3114 1205 3121; x_wconf 93' lang='lat'>.</span> <span class='ocrx_word' id='word_1_1120' title='bbox 1222 3092 1255 3122; x_wconf 74' lang='lat' dir='ltr'>de</span> <span class='ocrx_word' id='word_1_1121' title='bbox 1269 3092 1475 3132; x_wconf 79' lang='lat' dir='ltr'>solutionibus,</span> <span class='ocrx_word' id='word_1_1122' title='bbox 1492 3101 1607 3133; x_wconf 84' lang='lat' dir='ltr'>atque,</span> <span class='ocrx_word' id='word_1_1123' title='bbox 1624 3103 1659 3125; x_wconf 89' lang='lat' dir='ltr'>ut</span> <span class='ocrx_word' id='word_1_1124' title='bbox 1675 3096 1752 3128; x_wconf 91' lang='lat' dir='ltr'>mihi</span> <span class='ocrx_word' id='word_1_1125' title='bbox 1770 3099 1817 3130; x_wconf 86' lang='lat' dir='ltr'>vi—</span> 
     </span>
     <span class='ocr_line' id='line_1_150' title="bbox 944 3130 1818 3179; baseline 0.016 -21"><span class='ocrx_word' id='word_1_1126' title='bbox 944 3130 1054 3168; x_wconf 86' lang='lat' dir='ltr'>detur,</span> <span class='ocrx_word' id='word_1_1127' title='bbox 1071 3131 1169 3170; x_wconf 72' lang='lat' dir='ltr'>magis</span> <span class='ocrx_word' id='word_1_1128' title='bbox 1185 3135 1330 3173; x_wconf 86' lang='lat' dir='ltr'>populari</span> <span class='ocrx_word' id='word_1_1129' title='bbox 1347 3133 1452 3166; x_wconf 87' lang='lat' dir='ltr'>sensu.</span> <span class='ocrx_word' id='word_1_1130' title='bbox 1469 3143 1561 3173; x_wconf 84' lang='lat' dir='ltr'>quain</span> <span class='ocrx_word' id='word_1_1131' title='bbox 1579 3144 1620 3165; x_wconf 85' lang='lat' dir='ltr'>ex</span> <span class='ocrx_word' id='word_1_1132' title='bbox 1635 3144 1714 3169; x_wconf 89' lang='lat' dir='ltr'>arte.</span> <span class='ocrx_word' id='word_1_1133' title='bbox 1737 3147 1818 3179; x_wconf 88' lang='lat' dir='ltr'>quo·</span> 
     </span>
     <span class='ocr_line' id='line_1_151' title="bbox 941 3171 1814 3215; baseline 0.015 -14"><span class='ocrx_word' id='word_1_1134' title='bbox 941 3171 1039 3215; x_wconf 83' lang='lat' dir='ltr'>modo</span> <span class='ocrx_word' id='word_1_1135' title='bbox 1063 3171 1093 3203; x_wconf 72' lang='grc' dir='ltr'>δι</span> <span class='ocrx_word' id='word_1_1136' title='bbox 1117 3171 1354 3214; x_wconf 76' lang='lat' dir='ltr'>Tertullianus,</span> <span class='ocrx_word' id='word_1_1137' title='bbox 1378 3176 1424 3206; x_wconf 84' lang='lat' dir='ltr'>De</span> <span class='ocrx_word' id='word_1_1138' title='bbox 1446 3175 1648 3214; x_wconf 57' lang='lat' dir='ltr'>resurreetione</span> <span class='ocrx_word' id='word_1_1139' title='bbox 1669 3182 1767 3212; x_wconf 84' lang='lat' dir='ltr'>carnis</span> <span class='ocrx_word' id='word_1_1140' title='bbox 1787 3191 1814 3215; x_wconf 87' lang='lat' dir='ltr'>c.</span> 
     </span>
     <span class='ocr_line' id='line_1_152' title="bbox 938 3212 1816 3287; baseline 0.01 -43"><span class='ocrx_word' id='word_1_1141' title='bbox 938 3215 997 3254; x_wconf 87' lang='lat'>60,</span> <span class='ocrx_word' id='word_1_1142' title='bbox 1020 3212 1091 3287; x_wconf 52' lang='lat' dir='ltr'><em>Ng&#39;3fi</em></span> <span class='ocrx_word' id='word_1_1143' title='bbox 1100 3215 1201 3255; x_wconf 82' lang='lat' dir='ltr'>forte,</span> <span class='ocrx_word' id='word_1_1144' title='bbox 1225 3217 1346 3257; x_wconf 88' lang='lat' dir='ltr'>inquit,</span> <span class='ocrx_word' id='word_1_1145' title='bbox 1370 3217 1407 3252; x_wconf 45' lang='grc' dir='ltr'>ζεῖ</span> <span class='ocrx_word' id='word_1_1146' title='bbox 1424 3226 1529 3249; x_wconf 80' lang='lat' dir='ltr'>navem</span> <span class='ocrx_word' id='word_1_1147' title='bbox 1538 3216 1603 3257; x_wconf 84' lang='lat' dir='ltr'>fine</span> <span class='ocrx_word' id='word_1_1148' title='bbox 1617 3221 1816 3261; x_wconf 80' lang='lat' dir='ltr'>carina,sine</span> 
     </span>
    </p>

    <p class='ocr_par' dir='ltr' id='par_1_12' title="bbox 1095 3264 1815 3304">
     <span class='ocr_line' id='line_1_153' title="bbox 1095 3264 1815 3304; baseline 0.011 -17"><span class='ocrx_word' id='word_1_1149' title='bbox 1095 3264 1111 3287; x_wconf 94' lang='lat' dir='ltr'>c</span> <span class='ocrx_word' id='word_1_1150' title='bbox 1127 3265 1146 3288; x_wconf 92' lang='lat' dir='ltr'>c</span> <span class='ocrx_word' id='word_1_1151' title='bbox 1170 3266 1187 3289; x_wconf 87' lang='lat'>2</span> <span class='ocrx_word' id='word_1_1152' title='bbox 1745 3269 1815 3304; x_wconf 83' lang='lat' dir='ltr'>pro-</span> 
     </span>
    </p>
   </div>
  </div>
 </body>
</html>
